2040 3439
88 195 290 266 CapXI.
328 193 426 247 DE
477 187 978 244 AUGMENTI'S
1025 188 1633 250 SCJIENTIARUM,

85 311 271 352 rumpere,
308 295 612 346 intempestivum
645 294 824 343 quiddam
861 296 899 332 δε
936 295 1137 333 molestum
1168 295 1228 346 est.
1287 296 1393 333 Licet
1421 297 1524 335 enim
1554 297 1703 339 historia

83 366 252 407 quaeque
285 349 518 401 prudentior,
553 348 715 400 politicis
738 351 942 400 praeceptis
965 353 1003 388 ὅς
1036 349 1194 387 monitis
1221 349 1337 390 veluti
1362 347 1619 405 impraegnata
1646 353 1701 403 sit,

84 404 213 452 'tamen
234 408 392 458 scriptor
412 403 572 455 ipse'sibi
588 404 815 443 obstetricati
830 417 911 442 non
923 405 1046 443 debet.
1286 421 1291 423 >
1394 422 1400 427 ·
1530 404 1533 405 ⁷

138 456 305 502 M1xm
333 462 446 498 etiam
476 460 525 497 est
557 458 704 498 historia
721 459 1037 514 cosmo-graphica,
1066 461 1180 510 idque
1200 459 1459 512 multipliciter
1478 477 1493 500 τ’
1513 464 1638 502 Habet
1666 476 1700 503 e-

84 520 168 559 nim
187 531 231 556 ex
255 516 407 559 historia
426 517 599 561 naturali,
628 516 802 564 regiones
819 517 923 567 ipsas,
953 525 1064 564 atque
1080 528 1207 553 earum
1222 514 1307 554 {itus
1331 519 1367 554 ὅ(
1381 517 1522 556 fruetus
1541 526 1552 561 3
1582 531 1625 557 ex
1646 520 1700 558 hi-

84 571 193 612 storIa
220 571 332 618 civili,
360 571 482 617 urbes,
512 568 680 620 imperia,
710 582 860 608 mores:
898 572 952 608 Ex
976 571 1262 618 mathematicis,
1292 571 1441 611 climata
1466 574 1502 611 &
1531 574 1724 625 configas

85 622 250 669 rationes
274 624 384 674 coeli,
420 624 555 677 quibus
584 626 717 663 tradius
745 627 880 663 mundi
915 626 1115 672 subjacent.
1171 625 1217 663 In
1247 638 1327 675 quo
1353 639 1488 677 genere
1517 628 1700 679 historiae,

83 682 156 722 five
183 683 370 728 scientiae,
399 679 448 718 est
471 679 575 729 quod
591 679 738 717 saeculo
754 680 884 727 nostro
898 682 1139 730 gratulemur.
1196 679 1312 718 Orbis
1333 681 1436 719 enim
1450 693 1635 724 terrarum
1650 686 1700 724 fa-

82 739 162 776 stus
181 736 245 785 est,
270 738 339 774 hac
355 735 476 772 nostra
492 745 621 781 aetate,
653 735 792 774 mirum
811 736 850 773 in
866 736 1028 773 modum
1054 733 1269 774 fenestratas
1293 746 1405 786 atque
1419 749 1560 790 patens.
1616 741 1698 780 An-

82 795 179 844 tiqui
194 803 294 831 certe
311 802 426 830 zonas
446 793 482 828 ὃ(
498 790 694 840 antipodas
708 802 908 837 noverant,

310 898 486 953 (Nosque
500 897 565 938 ubi
574 900 730 952 primus
745 900 856 952 equis
871 899 997 937 oriens
1010 896 1174 950 afflavit
1189 898 1355 949 anhelis,

303 954 397 995 Illic
408 955 505 1008 fira
517 955 657 994 rubens
670 953 851 994 accendit
870 953 1019 994 lumina
1034 953 1170 1007 vesper
1186 958 1212 1005 .·)

83 1069 198 1117 idque
220 1065 344 1118 ipsum
369 1065 488 1116 magis
514 1078 580 1116 per
608 1065 960 1111 demonstrationes,
998 1077 1114 1115 quam
1141 1078 1208 1116 per
1235 1066 1565 1118 peregrinationes,
1626 1069 1699 1108 Ve-

82 1136 175 1162 rum
198 1133 240 1160 ut
268 1123 394 1159 carina
420 1123 543 1171 aliqua
572 1133 682 1173 parva
710 1123 864 1159 coelum
889 1120 1017 1171 ipsum
1045 1124 1322 1166 aemularetur;
1351 1133 1463 1171 atque
1483 1124 1700 1163 universum

81 1179 242 1229 globum
256 1177 477 1224 terrestrem,
507 1178 625 1226 magis
643 1175 760 1214 etiam
776 1177 937 1227 obliquo
953 1179 990 1214 &
1018 1176 1199 1224 flexuoso,
1226 1191 1342 1229 quam
1366 1177 1536 1216 coelestia
1564 1179 1700 1227 solent,

81 1235 221 1273 itinere
240 1232 505 1279 circumiverit,
535 1244 576 1270 ea
596 1230 646 1269 est
663 1232 778 1270 nostri
793 1232 934 1277 ¹saeculi
949 1231 1231 1283 praerogativa:
1261 1235 1315 1271 ita
1339 1244 1381 1271 ut
1405 1234 1573 1285 praesens
1603 1246 1697 1273 aetas

82 1289 164 1337 jure
183 1290 226 1326 in
251 1287 430 1337 symbolo
449 1286 518 1325 suo
538 1286 711 1336 usurpare
735 1283 862 1337 possk,
891 1299 973 1323 non
989 1296 1137 1324 tantum
1160 1287 1256 1325 illud
1275 1290 1355 1338 plus
1375 1290 1484 1336 ultra,
1513 1289 1578 1327 ubi
1606 1292 1700 1328 antia*

80 1343 149 1393 qui
167 1342 397 1392 usurpabant
412 1354 494 1380 non
510 1344 625 1383 ultra3
654 1352 767 1391 atque
781 1341 930 1392 insuper
945 1342 1041 1380 illud
1067 1344 1252 1380 imitabile
1267 1345 1429 1392 tulmen,
1457 1344 1523 1382 ubi
1543 1343 1700 1395 antiqui,

81 1411 164 1439 non
187 1399 373 1436 imitabile
395 1397 570 1438 fulmen;

305 1505 487 1546 Demens
507 1506 576 1560 qui
594 1503 741 1545 nimbos
757 1501 806 1550 &¹
820 1518 894 1545 non
908 1494 1101 1545 imitabile
1113 1503 1272 1559 fulmen
1288 1519 1301 1544 .·

83 1621 230 1658 Verum
246 1620 283 1655 &
297 1613 402 1664 illud,
432 1617 537 1667 quod
552 1629 713 1655 omnem
725 1617 1023 1655 admirationem
1039 1617 1196 1668 superat,
1225 1618 1410 1655 imitabile
1424 1619 1588 1667 coelum,
1616 1633 1702 1672 pro-

80 1672 164 1726 pter
176 1672 436 1723 navigationes
449 1673 602 1721 nostras,
632 1673 769 1722 quibus
782 1671 878 1711 circa
889 1673 1107 1712 universum
1122 1684 1240 1710 terrae
1255 1673 1454 1721 ambitum,
1484 1675 1702 1715 coelestium

83 1741 291 1780 corporum
307 1740 430 1775 more,
459 1730 562 1767 volvi
579 1731 616 1766 ὅ(
631 1730 835 1778 circumagi
852 1728 993 1778 saepius
1006 1728 1226 1766 concessum
1242 1728 1327 1766 fuit.

135 1786 312 1836 ATQUE
338 1783 429 1821 haec
453 1785 646 1833 praeclara,
690 1785 730 1821 in
758 1796 799 1821 re
827 1786 976 1821 nautica
1007 1793 1119 1835 atque
1151 1784 1246 1821 orbe
1279 1783 1549 1834 perlustrando,
1586 1784 1701 1824 fclici1

83 1850 147 1888 tas,
175 1841 224 1876 de
245 1839 487 1877 ulterioribus
512 1838 623 1876 etiam
645 1835 896 1889 progressibus
917 1841 954 1877 ὅ(
974 1838 1184 1889 augmentis
1199 1839 1452 1886 scientiarum,
1481 1839 1584 1890 spem
1599 1854 1700 1891 mag-

82 1907 175 1934 nam
197 1894 318 1932 facere
343 1890 482 1945 possit3
508 1894 724 1943 praesertim
751 1895 842 1931 dum
870 1893 999 1932 divino
1015 1895 1184 1932 videatur
1210 1892 1368 1932 consilio
1397 1894 1466 1931 ess'e
1494 1895 1702 1944 decretum,

83 1960 128 1988 ut
150 1951 241 1988 haec
263 1949 342 1987 duo
361 1958 498 1988 coaeva
512 1947 583 1987 fint
601 1964 608 1986 :
647 1951 708 1987 Sic
734 1951 839 1987 enim
859 1950 997 1988 Daniel
1024 1950 1218 2002 propheta,
1248 1949 1295 1986 de
1319 1945 1526 1987 no'vissimis
1554 1961 1700 2000 tempo-

85 2006 191 2044 ribus
213 2005 327 2042 verba
356 2003 511 2051 faciens,
549 2006 729 2056 praedicit
763 2002 940 2042 Plurima¹
960 2001 1251 2058 pertraustbunt
1278 2000 1326 2047 ἔγ
1354 2002 1556 2055 augebitur
1574 2003 1700 2057 scien-

85 2061 148 2099 tia
162 2078 178 2104 ,-
215 2058 315 2109 quasi
343 2057 582 2109 pertransitus
616 2057 688 2098 five
715 2059 951 2110 perlustratio
983 2059 1117 2099 mundi
1147 2071 1260 2109 atque
1294 2060 1494 2111 multiplex
1523 2072 1702 2110 augmen-

83 2125 168 2155 tum
200 2115 442 2153 scientiarum
473 2114 596 2152 eidem
620 2113 769 2153 saeculo
792 2115 1090 2154 destinarentur:
1120 2114 1223 2152 Sicut
1251 2127 1389 2165 magna
1417 2127 1460 2152 ex
1487 2125 1590 2164 parte
1625 2117 1701 2159 jam

82 2171 320 2221 completum
345 2170 538 2212 videmus;
566 2169 876 2219 quandoquidem
901 2182 1071 2221 tempora
1096 2169 1232 2217 nostra,
1263 2170 1404 2208 duabus
1424 2171 1497 2208 illis
1512 2171 1701 2221 prioribus

83 2227 342 2264 dostrinarum
363 2225 539 2274 periodis,
568 2235 631 2262 aut
660 2226 974 2272 revolutionibus,
1007 2227 1127 2274 <alteri
1148 2226 1246 2274 apud
1267 2226 1443 2272 Graecos,
1473 2224 1579 2262 alteri
1602 2227 1700 2277 apud

83 2281 297 2329 Romanos)
323 2280 540 2318 eruditione
566 2292 649 2318 non
669 2281 835 2319 multum
855 2282 1016 2328 cedant„
1033 2292 1092 2318 cas
1111 2291 1202 2319 vero
1227 2279 1267 2317 in
1292 2280 1478 2329 aliquibus
1502 2282 1618 2330 longe
1644 2281 1699 2319 su·

84 2345 229 2387 perent.

701 2500 743 2546 C
779 2502 825 2547 A
861 2498 912 2545 P.
985 2499 1064 2546 XI.

85 2596 270 2640 Partitio
297 2593 477 2650 historiae
497 2595 776 2650 ecclefi'asticae,
802 2599 844 2638 in
864 2595 1151 2649 ecclefiasticam
1171 2596 1394 2651 specialem,
1420 2593 1621 2650 historiam
1647 2590 1704 2639 ad

496 2652 740 2707 prophetias,
771 2650 820 2697 ὠ
846 2652 1046 2705 historiam
1070 2653 1271 2706 uemeyissos.

92 2769 98 2787 ⁵
198 2770 466 2813 ‘ISTORIA
496 2767 728 2812 ecelesiastica
755 2773 795 2813 in
831 2787 982 2826 genere,
1020 2773 1165 2811 easdem
1193 2773 1271 2811 fere
1303 2784 1392 2810 eum
1420 2773 1568 2812 historia
1598 2774 1699 2812 civili

237 2831 457 2879 partitiones
473 2830 580 2867 subit.
611 2830 707 2867 Sunt
721 2829 824 2868 enim
839 2830 1017 2867 chronica
1033 2826 1277 2876 ecclesiastica,
1305 2828 1389 2865 sunt
1413 2831 1510 2867 vitae
1537 2839 1698 2881 patrum,

89 2883 175 2923 lunt
203 2886 401 2922 relationes
427 2885 474 2922 de
503 2881 654 2933 synodis
683 2888 720 2923 ὃς
745 2887 898 2934 reliquis
933 2885 978 2921 ad
1002 2882 1192 2921 ecelesiam
1223 2883 1480 2934 spectantibus.
1536 2886 1698 2936 Propi-io

87 2940 179 2978 vcro
211 2941 383 2986 nomine,
416 2940 513 2977 reste
548 2938 724 2978 dividitur
754 2941 794 2978 in
823 2938 1014 2977 historiam
1048 2937 1319 2976 ecclesiasticam
1354 2938 1513 2988 (generis
1536 2942 1698 2977 nomine

90 2995 249 3046 servato)
279 2997 316 3032 &
344 2993 537 3032 historiam
564 2994 610 3031 ad
638 2995 863 3046 prophetias,
894 2996 931 3032 &
960 2993 1152 3032 historiam
1178 2993 1372 3032 nemeseos
1400 2993 1470 3033 five
1498 2994 1698 3045 providen-

90 3050 175 3098 tiae.
226 3051 356 3094 Prima
382 3047 550 3089 ecclesiae
571 3050 768 3089 militantis
791 3060 965 3102 tempora
980 3049 1164 3088 &statum
1179 3049 1365 3089 diversum
1381 3059 1596 3089 memorat:
1625 3046 1696 3094 sive

1634 3104 1701 3141 illa

1778 212 1840 266 57
