<?xml version="1.0" encoding="UTF-8"?>
<!DOCTYPE html PUBLIC "-//W3C//DTD XHTML 1.0 Transitional//EN"
    "http://www.w3.org/TR/xhtml1/DTD/xhtml1-transitional.dtd">
<html xmlns="http://www.w3.org/1999/xhtml" xml:lang="en" lang="en">
 <head>
  <title>
</title>
<meta http-equiv="Content-Type" content="text/html;charset=utf-8" />
  <meta name='ocr-system' content='tesseract 3.04.00' />
  <meta name='ocr-capabilities' content='ocr_page ocr_carea ocr_par ocr_line ocrx_word'/>
</head>
<body>
  <div class='ocr_page' id='page_1' title='image "./worksoffrancisb01baco_0410.png"; bbox 0 0 2040 3439; ppageno 0'>
   <div class='ocr_carea' id='block_1_1' title="bbox 108 217 206 277">
    <p class='ocr_par' dir='ltr' id='par_1_1' title="bbox 108 217 206 277">
     <span class='ocr_line' id='line_1_1' title="bbox 108 217 206 277; baseline -0.01 -12"><span class='ocrx_word' id='word_1_1' title='bbox 108 217 206 277; x_wconf 43' lang='lat'>&amp;4</span> 
     </span>
    </p>
   </div>
   <div class='ocr_carea' id='block_1_2' title="bbox 289 3050 1900 3100">
    <p class='ocr_par' dir='ltr' id='par_1_2' title="bbox 289 3050 1900 3100">
     <span class='ocr_line' id='line_1_2' title="bbox 289 3050 1900 3100; baseline 0.001 -11"><span class='ocrx_word' id='word_1_2' title='bbox 289 3053 327 3089; x_wconf 73' lang='grc' dir='ltr'>δε</span> <span class='ocrx_word' id='word_1_3' title='bbox 347 3051 533 3100; x_wconf 80' lang='lat' dir='ltr'>quantitas</span> <span class='ocrx_word' id='word_1_4' title='bbox 551 3051 720 3100; x_wconf 88' lang='lat' dir='ltr'>corporis</span> <span class='ocrx_word' id='word_1_5' title='bbox 739 3061 820 3087; x_wconf 91' lang='lat' dir='ltr'>non</span> <span class='ocrx_word' id='word_1_6' title='bbox 845 3050 978 3088; x_wconf 84' lang='lat' dir='ltr'>eadem</span> <span class='ocrx_word' id='word_1_7' title='bbox 993 3061 1156 3097; x_wconf 84' lang='lat' dir='ltr'>maneat,</span> <span class='ocrx_word' id='word_1_8' title='bbox 1183 3051 1259 3089; x_wconf 87' lang='lat' dir='ltr'>hoe</span> <span class='ocrx_word' id='word_1_9' title='bbox 1272 3050 1592 3099; x_wconf 74' lang='lat' dir='ltr'>augmentationis</span> <span class='ocrx_word' id='word_1_10' title='bbox 1616 3051 1654 3086; x_wconf 85' lang='lat'>&amp;</span> <span class='ocrx_word' id='word_1_11' title='bbox 1677 3050 1900 3090; x_wconf 76' lang='lat' dir='ltr'>diminutio·</span> 
     </span>
    </p>
   </div>
   <div class='ocr_carea' id='block_1_3' title="bbox 681 196 1900 257">
    <p class='ocr_par' dir='ltr' id='par_1_3' title="bbox 681 196 1900 257">
     <span class='ocr_line' id='line_1_3' title="bbox 681 196 1900 257; baseline -0.002 -2"><span class='ocrx_word' id='word_1_12' title='bbox 681 198 973 257; x_wconf 83' lang='lat' dir='ltr'>NOVUM</span> <span class='ocrx_word' id='word_1_13' title='bbox 1047 196 1476 251; x_wconf 82' lang='lat' dir='ltr'><strong>ORGANUM.</strong></span> <span class='ocrx_word' id='word_1_14' title='bbox 1737 196 1900 253; x_wconf 54' lang='lat' dir='ltr'>LQI</span> 
     </span>
    </p>
   </div>
   <div class='ocr_carea' id='block_1_4' title="bbox 284 292 1910 3045">
    <p class='ocr_par' dir='ltr' id='par_1_4' title="bbox 284 292 1906 1059">
     <span class='ocr_line' id='line_1_4' title="bbox 284 292 1898 355; baseline -0.01 -11"><span class='ocrx_word' id='word_1_15' title='bbox 284 301 301 322; x_wconf 80' lang='lat' dir='ltr'>r</span> <span class='ocrx_word' id='word_1_16' title='bbox 340 305 503 355; x_wconf 77' lang='lat' dir='ltr'>Hujus</span> <span class='ocrx_word' id='word_1_17' title='bbox 530 309 657 338; x_wconf 87' lang='lat' dir='ltr'>autern</span> <span class='ocrx_word' id='word_1_18' title='bbox 691 296 834 348; x_wconf 84' lang='lat' dir='ltr'>generis</span> <span class='ocrx_word' id='word_1_19' title='bbox 858 296 1074 346; x_wconf 83' lang='lat' dir='ltr'>exemplum</span> <span class='ocrx_word' id='word_1_20' title='bbox 1106 296 1205 332; x_wconf 86' lang='lat' dir='ltr'>inter</span> <span class='ocrx_word' id='word_1_21' title='bbox 1229 295 1392 332; x_wconf 86' lang='lat' dir='ltr'>Graecos</span> <span class='ocrx_word' id='word_1_22' title='bbox 1421 292 1614 340; x_wconf 79' lang='lat' dir='ltr'>illucescit,</span> <span class='ocrx_word' id='word_1_23' title='bbox 1643 295 1898 347; x_wconf 18' lang='lat' dir='ltr'>praecipnewirt</span> 
     </span>
     <span class='ocr_line' id='line_1_5' title="bbox 284 348 1900 409; baseline -0.004 -14"><span class='ocrx_word' id='word_1_24' title='bbox 284 355 510 409; x_wconf 81' lang='lat' dir='ltr'>Pythagora,</span> <span class='ocrx_word' id='word_1_25' title='bbox 541 355 602 392; x_wconf 89' lang='lat' dir='ltr'>sed</span> <span class='ocrx_word' id='word_1_26' title='bbox 629 365 717 390; x_wconf 87' lang='lat' dir='ltr'>cum</span> <span class='ocrx_word' id='word_1_27' title='bbox 749 352 1009 404; x_wconf 87' lang='lat' dir='ltr'>superstitione</span> <span class='ocrx_word' id='word_1_28' title='bbox 1037 351 1158 399; x_wconf 80' lang='lat' dir='ltr'>magis</span> <span class='ocrx_word' id='word_1_29' title='bbox 1182 350 1290 386; x_wconf 76' lang='lat' dir='ltr'>crass&#39;a</span> <span class='ocrx_word' id='word_1_30' title='bbox 1320 351 1356 386; x_wconf 71' lang='grc' dir='ltr'>δε</span> <span class='ocrx_word' id='word_1_31' title='bbox 1377 348 1537 386; x_wconf 80' lang='lat' dir='ltr'>onerosa</span> <span class='ocrx_word' id='word_1_32' title='bbox 1564 350 1835 393; x_wconf 60' lang='lat' dir='ltr'>conjunstu1n3</span> <span class='ocrx_word' id='word_1_33' title='bbox 1861 362 1900 390; x_wconf 85' lang='lat' dir='ltr'>at</span> 
     </span>
     <span class='ocr_line' id='line_1_6' title="bbox 285 403 1901 466; baseline -0.005 -14"><span class='ocrx_word' id='word_1_34' title='bbox 285 410 525 466; x_wconf 76' lang='lat' dir='ltr'>periculosius</span> <span class='ocrx_word' id='word_1_35' title='bbox 543 412 578 447; x_wconf 68' lang='grc' dir='ltr'>ὃς</span> <span class='ocrx_word' id='word_1_36' title='bbox 608 407 773 446; x_wconf 87' lang='lat' dir='ltr'>subtilius</span> <span class='ocrx_word' id='word_1_37' title='bbox 801 410 842 444; x_wconf 92' lang='lat' dir='ltr'>in</span> <span class='ocrx_word' id='word_1_38' title='bbox 870 408 1041 453; x_wconf 88' lang='lat' dir='ltr'>Platone,</span> <span class='ocrx_word' id='word_1_39' title='bbox 1069 417 1181 454; x_wconf 89' lang='lat' dir='ltr'>atque</span> <span class='ocrx_word' id='word_1_40' title='bbox 1197 406 1274 448; x_wconf 81' lang='lat' dir='ltr'>eius</span> <span class='ocrx_word' id='word_1_41' title='bbox 1295 403 1430 441; x_wconf 85' lang='lat' dir='ltr'>schola.</span> <span class='ocrx_word' id='word_1_42' title='bbox 1489 403 1681 442; x_wconf 82' lang='lat' dir='ltr'><strong>Invenitur</strong></span> <span class='ocrx_word' id='word_1_43' title='bbox 1696 406 1810 442; x_wconf 83' lang='lat' dir='ltr'>etiam</span> <span class='ocrx_word' id='word_1_44' title='bbox 1826 406 1901 444; x_wconf 88' lang='lat' dir='ltr'>hoc</span> 
     </span>
     <span class='ocr_line' id='line_1_7' title="bbox 287 459 1899 516; baseline -0.005 -9"><span class='ocrx_word' id='word_1_45' title='bbox 287 481 404 516; x_wconf 66' lang='lat' dir='ltr'>genus</span> <span class='ocrx_word' id='word_1_46' title='bbox 420 467 510 504; x_wconf 89' lang='lat' dir='ltr'>mali</span> <span class='ocrx_word' id='word_1_47' title='bbox 524 464 563 501; x_wconf 91' lang='lat' dir='ltr'>in</span> <span class='ocrx_word' id='word_1_48' title='bbox 584 461 747 514; x_wconf 87' lang='lat' dir='ltr'>partibus</span> <span class='ocrx_word' id='word_1_49' title='bbox 766 460 1090 514; x_wconf 89' lang='lat' dir='ltr'>philosophiarum</span> <span class='ocrx_word' id='word_1_50' title='bbox 1110 461 1351 508; x_wconf 87' lang='lat' dir='ltr'>reliquarum,</span> <span class='ocrx_word' id='word_1_51' title='bbox 1381 459 1662 496; x_wconf 88' lang='lat' dir='ltr'>introducendo</span> <span class='ocrx_word' id='word_1_52' title='bbox 1686 459 1828 498; x_wconf 85' lang='lat' dir='ltr'>formas</span> <span class='ocrx_word' id='word_1_53' title='bbox 1839 462 1899 499; x_wconf 81' lang='lat' dir='ltr'>ab·</span> 
     </span>
     <span class='ocr_line' id='line_1_8' title="bbox 286 510 1901 570; baseline -0.004 -9"><span class='ocrx_word' id='word_1_54' title='bbox 286 510 441 570; x_wconf 64' lang='lat' dir='ltr'>Rrastas,</span> <span class='ocrx_word' id='word_1_55' title='bbox 484 523 522 558; x_wconf 90' lang='lat'>&amp;</span> <span class='ocrx_word' id='word_1_56' title='bbox 552 517 674 557; x_wconf 84' lang='lat' dir='ltr'>causas</span> <span class='ocrx_word' id='word_1_57' title='bbox 701 517 840 565; x_wconf 82' lang='lat' dir='ltr'>finales,</span> <span class='ocrx_word' id='word_1_58' title='bbox 870 519 907 554; x_wconf 89' lang='lat'>&amp;</span> <span class='ocrx_word' id='word_1_59' title='bbox 935 516 1058 553; x_wconf 82' lang='lat' dir='ltr'>causas</span> <span class='ocrx_word' id='word_1_60' title='bbox 1086 517 1243 566; x_wconf 80' lang='lat' dir='ltr'>primas;</span> <span class='ocrx_word' id='word_1_61' title='bbox 1272 514 1492 551; x_wconf 85' lang='lat' dir='ltr'>omittendo</span> <span class='ocrx_word' id='word_1_62' title='bbox 1515 511 1720 564; x_wconf 85' lang='lat' dir='ltr'>saepissime</span> <span class='ocrx_word' id='word_1_63' title='bbox 1749 515 1901 564; x_wconf 84' lang='lat' dir='ltr'>medias,</span> 
     </span>
     <span class='ocr_line' id='line_1_9' title="bbox 287 565 1903 622; baseline -0.004 -6"><span class='ocrx_word' id='word_1_64' title='bbox 287 581 324 616; x_wconf 84' lang='lat'>&amp;</span> <span class='ocrx_word' id='word_1_65' title='bbox 340 575 568 622; x_wconf 81' lang='lat' dir='ltr'>hujusmodi.</span> <span class='ocrx_word' id='word_1_66' title='bbox 625 573 724 611; x_wconf 87' lang='lat' dir='ltr'><strong>Huic</strong></span> <span class='ocrx_word' id='word_1_67' title='bbox 743 582 871 610; x_wconf 86' lang='lat' dir='ltr'>autem</span> <span class='ocrx_word' id='word_1_68' title='bbox 894 573 948 608; x_wconf 89' lang='lat' dir='ltr'>rei</span> <span class='ocrx_word' id='word_1_69' title='bbox 964 571 1110 609; x_wconf 88' lang='lat' dir='ltr'>summa</span> <span class='ocrx_word' id='word_1_70' title='bbox 1137 569 1346 607; x_wconf 87' lang='lat' dir='ltr'>adhibenda</span> <span class='ocrx_word' id='word_1_71' title='bbox 1361 569 1410 605; x_wconf 90' lang='lat' dir='ltr'>est</span> <span class='ocrx_word' id='word_1_72' title='bbox 1428 570 1566 606; x_wconf 84' lang='lat' dir='ltr'>cautio.</span> <span class='ocrx_word' id='word_1_73' title='bbox 1623 565 1783 607; x_wconf 84' lang='lat' dir='ltr'>Peffima</span> <span class='ocrx_word' id='word_1_74' title='bbox 1797 573 1903 609; x_wconf 88' lang='lat' dir='ltr'>enim</span> 
     </span>
     <span class='ocr_line' id='line_1_10' title="bbox 286 622 1902 678; baseline -0.004 -8"><span class='ocrx_word' id='word_1_75' title='bbox 286 645 344 671; x_wconf 88' lang='lat' dir='ltr'>res</span> <span class='ocrx_word' id='word_1_76' title='bbox 373 632 421 669; x_wconf 88' lang='lat' dir='ltr'>est</span> <span class='ocrx_word' id='word_1_77' title='bbox 451 641 626 668; x_wconf 88' lang='lat' dir='ltr'>errorum</span> <span class='ocrx_word' id='word_1_78' title='bbox 650 625 871 678; x_wconf 67' lang='lat' dir='ltr'>apotheosis,</span> <span class='ocrx_word' id='word_1_79' title='bbox 900 629 937 665; x_wconf 74' lang='grc' dir='ltr'>ὃ(</span> <span class='ocrx_word' id='word_1_80' title='bbox 962 639 1032 678; x_wconf 90' lang='lat' dir='ltr'>pro</span> <span class='ocrx_word' id='word_1_81' title='bbox 1046 624 1141 676; x_wconf 87' lang='lat' dir='ltr'>peste</span> <span class='ocrx_word' id='word_1_82' title='bbox 1164 624 1375 662; x_wconf 44' lang='lat' dir='ltr'>intellectus</span> <span class='ocrx_word' id='word_1_83' title='bbox 1397 623 1565 661; x_wconf 86' lang='lat' dir='ltr'>habenda</span> <span class='ocrx_word' id='word_1_84' title='bbox 1584 624 1645 671; x_wconf 90' lang='lat' dir='ltr'>est,</span> <span class='ocrx_word' id='word_1_85' title='bbox 1675 622 1700 661; x_wconf 85' lang='lat' dir='ltr'>fi</span> <span class='ocrx_word' id='word_1_86' title='bbox 1728 627 1830 663; x_wconf 85' lang='lat' dir='ltr'>vanis</span> <span class='ocrx_word' id='word_1_87' title='bbox 1845 638 1902 663; x_wconf 87' lang='lat' dir='ltr'>ac-</span> 
     </span>
     <span class='ocr_line' id='line_1_11' title="bbox 286 679 1904 727; baseline -0.004 -2"><span class='ocrx_word' id='word_1_88' title='bbox 286 687 394 725; x_wconf 90' lang='lat' dir='ltr'>cedat</span> <span class='ocrx_word' id='word_1_89' title='bbox 413 683 617 723; x_wconf 81' lang='lat' dir='ltr'>veneratio.</span> <span class='ocrx_word' id='word_1_90' title='bbox 673 685 773 721; x_wconf 86' lang='lat' dir='ltr'>Huic</span> <span class='ocrx_word' id='word_1_91' title='bbox 799 692 928 720; x_wconf 89' lang='lat' dir='ltr'>autem</span> <span class='ocrx_word' id='word_1_92' title='bbox 957 681 1126 727; x_wconf 83' lang='lat' dir='ltr'>vanitati,</span> <span class='ocrx_word' id='word_1_93' title='bbox 1154 680 1334 717; x_wconf 88' lang='lat' dir='ltr'>nonnulli</span> <span class='ocrx_word' id='word_1_94' title='bbox 1365 691 1408 716; x_wconf 88' lang='lat' dir='ltr'>ex</span> <span class='ocrx_word' id='word_1_95' title='bbox 1436 680 1630 716; x_wconf 84' lang='lat' dir='ltr'>modernis</span> <span class='ocrx_word' id='word_1_96' title='bbox 1654 679 1799 717; x_wconf 73' lang='lat' dir='ltr'>summa</span> <span class='ocrx_word' id='word_1_97' title='bbox 1817 679 1904 719; x_wconf 86' lang='lat' dir='ltr'>levi-</span> 
     </span>
     <span class='ocr_line' id='line_1_12' title="bbox 290 734 1904 787; baseline -0.004 -7"><span class='ocrx_word' id='word_1_98' title='bbox 290 753 366 780; x_wconf 86' lang='lat' dir='ltr'>tate</span> <span class='ocrx_word' id='word_1_99' title='bbox 387 743 438 779; x_wconf 88' lang='lat' dir='ltr'>ita</span> <span class='ocrx_word' id='word_1_100' title='bbox 466 739 715 785; x_wconf 88' lang='lat' dir='ltr'>indulserunt,</span> <span class='ocrx_word' id='word_1_101' title='bbox 746 737 836 775; x_wconf 89' lang='lat' dir='ltr'>utin</span> <span class='ocrx_word' id='word_1_102' title='bbox 853 735 978 787; x_wconf 87' lang='lat' dir='ltr'>primo</span> <span class='ocrx_word' id='word_1_103' title='bbox 997 734 1163 785; x_wconf 87' lang='lat' dir='ltr'>capitulo</span> <span class='ocrx_word' id='word_1_104' title='bbox 1184 734 1385 781; x_wconf 83' lang='lat' dir='ltr'>Genescos,</span> <span class='ocrx_word' id='word_1_105' title='bbox 1416 736 1450 771; x_wconf 74' lang='grc' dir='ltr'>ὅ(</span> <span class='ocrx_word' id='word_1_106' title='bbox 1467 735 1506 770; x_wconf 87' lang='lat' dir='ltr'>in</span> <span class='ocrx_word' id='word_1_107' title='bbox 1536 735 1635 771; x_wconf 87' lang='lat' dir='ltr'>libro</span> <span class='ocrx_word' id='word_1_108' title='bbox 1656 734 1747 787; x_wconf 78' lang='lat' dir='ltr'>job,</span> <span class='ocrx_word' id='word_1_109' title='bbox 1775 738 1813 772; x_wconf 75' lang='grc' dir='ltr'>ὅ(</span> <span class='ocrx_word' id='word_1_110' title='bbox 1827 735 1904 774; x_wconf 84' lang='lat' dir='ltr'>aliis</span> 
     </span>
     <span class='ocr_line' id='line_1_13' title="bbox 291 787 1906 850; baseline -0.005 -15"><span class='ocrx_word' id='word_1_111' title='bbox 291 795 479 850; x_wconf 88' lang='lat' dir='ltr'>scripturis</span> <span class='ocrx_word' id='word_1_112' title='bbox 507 795 628 841; x_wconf 87' lang='lat' dir='ltr'>sacris,</span> <span class='ocrx_word' id='word_1_113' title='bbox 658 792 937 844; x_wconf 87' lang='lat' dir='ltr'>philosophiam</span> <span class='ocrx_word' id='word_1_114' title='bbox 966 791 1178 828; x_wconf 83' lang='lat' dir='ltr'>naturalem</span> <span class='ocrx_word' id='word_1_115' title='bbox 1206 790 1362 827; x_wconf 88' lang='lat' dir='ltr'>fundare</span> <span class='ocrx_word' id='word_1_116' title='bbox 1390 790 1519 826; x_wconf 85' lang='lat' dir='ltr'>conati</span> <span class='ocrx_word' id='word_1_117' title='bbox 1550 787 1641 830; x_wconf 80' lang='lat' dir='ltr'>fint&#39;3</span> <span class='ocrx_word' id='word_1_118' title='bbox 1677 789 1775 827; x_wconf 83' lang='lat' dir='ltr'>inter</span> <span class='ocrx_word' id='word_1_119' title='bbox 1801 791 1906 829; x_wconf 84' lang='lat' dir='ltr'>viva</span> 
     </span>
     <span class='ocr_line' id='line_1_14' title="bbox 291 843 1905 906; baseline -0.004 -16"><span class='ocrx_word' id='word_1_120' title='bbox 291 857 522 906; x_wconf 80' lang='lat' dir='ltr'>quaerentes</span> <span class='ocrx_word' id='word_1_121' title='bbox 543 854 706 887; x_wconf 84' lang='lat' dir='ltr'>mortua.</span> <span class='ocrx_word' id='word_1_122' title='bbox 765 850 969 899; x_wconf 87' lang='lat' dir='ltr'>Tantoque</span> <span class='ocrx_word' id='word_1_123' title='bbox 989 847 1107 896; x_wconf 80' lang='lat' dir='ltr'>magis</span> <span class='ocrx_word' id='word_1_124' title='bbox 1136 846 1225 882; x_wconf 86' lang='lat' dir='ltr'>haee</span> <span class='ocrx_word' id='word_1_125' title='bbox 1247 846 1389 882; x_wconf 81' lang='lat' dir='ltr'>vanitas</span> <span class='ocrx_word' id='word_1_126' title='bbox 1417 843 1620 881; x_wconf 86' lang='lat' dir='ltr'>inhibenda</span> <span class='ocrx_word' id='word_1_127' title='bbox 1639 847 1754 893; x_wconf 80' lang='lat' dir='ltr'>venit,</span> <span class='ocrx_word' id='word_1_128' title='bbox 1783 847 1821 882; x_wconf 87' lang='lat'>&amp;</span> <span class='ocrx_word' id='word_1_129' title='bbox 1841 857 1905 885; x_wconf 89' lang='lat' dir='ltr'>co-</span> 
     </span>
     <span class='ocr_line' id='line_1_15' title="bbox 294 898 1906 955; baseline -0.004 -10"><span class='ocrx_word' id='word_1_130' title='bbox 294 907 467 953; x_wconf 87' lang='lat' dir='ltr'>ercenda,</span> <span class='ocrx_word' id='word_1_131' title='bbox 496 908 584 955; x_wconf 90' lang='lat' dir='ltr'>quia</span> <span class='ocrx_word' id='word_1_132' title='bbox 610 917 653 941; x_wconf 86' lang='lat' dir='ltr'>ex</span> <span class='ocrx_word' id='word_1_133' title='bbox 674 904 895 940; x_wconf 89' lang='lat' dir='ltr'>divinorum</span> <span class='ocrx_word' id='word_1_134' title='bbox 918 904 956 940; x_wconf 75' lang='grc' dir='ltr'>ὅ(</span> <span class='ocrx_word' id='word_1_135' title='bbox 979 901 1236 939; x_wconf 86' lang='lat' dir='ltr'>humanorum</span> <span class='ocrx_word' id='word_1_136' title='bbox 1265 898 1448 936; x_wconf 86' lang='lat' dir='ltr'>malesana</span> <span class='ocrx_word' id='word_1_137' title='bbox 1474 899 1708 947; x_wconf 83' lang='lat' dir='ltr'>admistione,</span> <span class='ocrx_word' id='word_1_138' title='bbox 1746 913 1827 938; x_wconf 89' lang='lat' dir='ltr'>non</span> <span class='ocrx_word' id='word_1_139' title='bbox 1850 901 1906 940; x_wconf 87' lang='lat' dir='ltr'>so-</span> 
     </span>
     <span class='ocr_line' id='line_1_16' title="bbox 293 953 1906 1011; baseline -0.004 -11"><span class='ocrx_word' id='word_1_140' title='bbox 293 963 376 1000; x_wconf 85' lang='lat' dir='ltr'>lum</span> <span class='ocrx_word' id='word_1_141' title='bbox 404 962 576 999; x_wconf 88' lang='lat' dir='ltr'>educitur</span> <span class='ocrx_word' id='word_1_142' title='bbox 605 958 844 1011; x_wconf 87' lang='lat' dir='ltr'>philosophia</span> <span class='ocrx_word' id='word_1_143' title='bbox 871 955 1104 1006; x_wconf 87' lang='lat' dir='ltr'>phantastica,</span> <span class='ocrx_word' id='word_1_144' title='bbox 1134 955 1196 993; x_wconf 91' lang='lat' dir='ltr'>sed</span> <span class='ocrx_word' id='word_1_145' title='bbox 1225 957 1339 992; x_wconf 85' lang='lat' dir='ltr'>ctiam</span> <span class='ocrx_word' id='word_1_146' title='bbox 1370 953 1501 1003; x_wconf 71' lang='lat' dir='ltr'>religio</span> <span class='ocrx_word' id='word_1_147' title='bbox 1529 954 1720 992; x_wconf 85' lang='lat' dir='ltr'>haeretica.</span> <span class='ocrx_word' id='word_1_148' title='bbox 1779 958 1906 1006; x_wconf 84' lang='lat' dir='ltr'>Itaque</span> 
     </span>
     <span class='ocr_line' id='line_1_17' title="bbox 294 1010 1826 1059; baseline -0.004 -4"><span class='ocrx_word' id='word_1_149' title='bbox 294 1017 451 1055; x_wconf 87' lang='lat' dir='ltr'>salutare</span> <span class='ocrx_word' id='word_1_150' title='bbox 467 1015 676 1053; x_wconf 89' lang='lat' dir='ltr'>admodum</span> <span class='ocrx_word' id='word_1_151' title='bbox 693 1013 753 1059; x_wconf 90' lang='lat' dir='ltr'>est,</span> <span class='ocrx_word' id='word_1_152' title='bbox 783 1010 808 1049; x_wconf 86' lang='lat' dir='ltr'><strong>fi</strong></span> <span class='ocrx_word' id='word_1_153' title='bbox 823 1022 952 1050; x_wconf 89' lang='lat' dir='ltr'>mente</span> <span class='ocrx_word' id='word_1_154' title='bbox 966 1011 1085 1049; x_wconf 91' lang='lat' dir='ltr'>sobria</span> <span class='ocrx_word' id='word_1_155' title='bbox 1098 1011 1183 1048; x_wconf 89' lang='lat' dir='ltr'>fidei</span> <span class='ocrx_word' id='word_1_156' title='bbox 1200 1020 1350 1047; x_wconf 86' lang='lat' dir='ltr'>tantum</span> <span class='ocrx_word' id='word_1_157' title='bbox 1365 1011 1504 1047; x_wconf 89' lang='lat' dir='ltr'>dentur</span> <span class='ocrx_word' id='word_1_158' title='bbox 1519 1021 1611 1059; x_wconf 85' lang='lat' dir='ltr'>quae</span> <span class='ocrx_word' id='word_1_159' title='bbox 1627 1010 1714 1048; x_wconf 88' lang='lat' dir='ltr'>fidei</span> <span class='ocrx_word' id='word_1_160' title='bbox 1731 1010 1826 1049; x_wconf 89' lang='lat' dir='ltr'>sunt.</span> 
     </span>
    </p>

    <p class='ocr_par' dir='ltr' id='par_1_5' title="bbox 287 1064 1910 2607">
     <span class='ocr_line' id='line_1_18' title="bbox 345 1064 1907 1118; baseline -0.003 -8"><span class='ocrx_word' id='word_1_161' title='bbox 345 1073 480 1111; x_wconf 90' lang='lat' dir='ltr'>LXVI.</span> <span class='ocrx_word' id='word_1_162' title='bbox 512 1072 575 1107; x_wconf 85' lang='lat' dir='ltr'>ET</span> <span class='ocrx_word' id='word_1_163' title='bbox 602 1069 648 1106; x_wconf 89' lang='lat' dir='ltr'>de</span> <span class='ocrx_word' id='word_1_164' title='bbox 664 1067 769 1105; x_wconf 89' lang='lat' dir='ltr'>malis</span> <span class='ocrx_word' id='word_1_165' title='bbox 784 1067 1071 1104; x_wconf 87' lang='lat' dir='ltr'>authoritatibus</span> <span class='ocrx_word' id='word_1_166' title='bbox 1085 1064 1421 1118; x_wconf 87' lang='lat' dir='ltr'>philosophiarum,</span> <span class='ocrx_word' id='word_1_167' title='bbox 1450 1077 1544 1113; x_wconf 85' lang='lat' dir='ltr'>quae</span> <span class='ocrx_word' id='word_1_168' title='bbox 1567 1075 1609 1102; x_wconf 91' lang='lat' dir='ltr'>ut</span> <span class='ocrx_word' id='word_1_169' title='bbox 1629 1066 1669 1102; x_wconf 91' lang='lat' dir='ltr'>in</span> <span class='ocrx_word' id='word_1_170' title='bbox 1695 1065 1907 1116; x_wconf 78' lang='lat' dir='ltr'>vulgaribus</span> 
     </span>
     <span class='ocr_line' id='line_1_19' title="bbox 292 1119 1906 1174; baseline -0.004 -8"><span class='ocrx_word' id='word_1_171' title='bbox 292 1127 530 1172; x_wconf 79' lang='lat' dir='ltr'>notionibus,</span> <span class='ocrx_word' id='word_1_172' title='bbox 558 1134 621 1162; x_wconf 90' lang='lat' dir='ltr'>aut</span> <span class='ocrx_word' id='word_1_173' title='bbox 645 1126 685 1161; x_wconf 90' lang='lat' dir='ltr'>in</span> <span class='ocrx_word' id='word_1_174' title='bbox 715 1123 840 1172; x_wconf 85' lang='lat' dir='ltr'>paucis</span> <span class='ocrx_word' id='word_1_175' title='bbox 869 1123 1147 1174; x_wconf 83' lang='lat' dir='ltr'>experimentis,</span> <span class='ocrx_word' id='word_1_176' title='bbox 1175 1122 1301 1158; x_wconf 89' lang='lat' dir='ltr'>autin</span> <span class='ocrx_word' id='word_1_177' title='bbox 1330 1119 1584 1170; x_wconf 88' lang='lat' dir='ltr'>superstitione</span> <span class='ocrx_word' id='word_1_178' title='bbox 1604 1120 1780 1159; x_wconf 82' lang='lat' dir='ltr'>fundatae</span> <span class='ocrx_word' id='word_1_179' title='bbox 1809 1122 1906 1170; x_wconf 87' lang='lat' dir='ltr'>sunt,</span> 
     </span>
     <span class='ocr_line' id='line_1_20' title="bbox 292 1174 1907 1229; baseline -0.002 -9"><span class='ocrx_word' id='word_1_180' title='bbox 292 1184 369 1228; x_wconf 88' lang='lat' dir='ltr'>jam</span> <span class='ocrx_word' id='word_1_181' title='bbox 396 1180 539 1219; x_wconf 71' lang='lat' dir='ltr'>di&amp;um</span> <span class='ocrx_word' id='word_1_182' title='bbox 568 1179 628 1216; x_wconf 88' lang='lat' dir='ltr'>est.</span> <span class='ocrx_word' id='word_1_183' title='bbox 684 1177 902 1216; x_wconf 88' lang='lat' dir='ltr'>Dicendum</span> <span class='ocrx_word' id='word_1_184' title='bbox 926 1189 1046 1227; x_wconf 90' lang='lat' dir='ltr'>porro</span> <span class='ocrx_word' id='word_1_185' title='bbox 1074 1175 1123 1213; x_wconf 89' lang='lat' dir='ltr'>est</span> <span class='ocrx_word' id='word_1_186' title='bbox 1147 1178 1183 1213; x_wconf 89' lang='lat'>&amp;</span> <span class='ocrx_word' id='word_1_187' title='bbox 1211 1176 1258 1213; x_wconf 88' lang='lat' dir='ltr'>dc</span> <span class='ocrx_word' id='word_1_188' title='bbox 1281 1175 1415 1213; x_wconf 74' lang='lat' dir='ltr'>vitiosa</span> <span class='ocrx_word' id='word_1_189' title='bbox 1438 1174 1590 1212; x_wconf 81' lang='lat' dir='ltr'>materia</span> <span class='ocrx_word' id='word_1_190' title='bbox 1617 1178 1907 1229; x_wconf 76' lang='lat' dir='ltr'>contemplatio-</span> 
     </span>
     <span class='ocr_line' id='line_1_21' title="bbox 293 1229 1907 1286; baseline -0.002 -12"><span class='ocrx_word' id='word_1_191' title='bbox 293 1249 402 1283; x_wconf 89' lang='lat' dir='ltr'>num,</span> <span class='ocrx_word' id='word_1_192' title='bbox 431 1233 645 1286; x_wconf 89' lang='lat' dir='ltr'>praesertim</span> <span class='ocrx_word' id='word_1_193' title='bbox 661 1234 701 1270; x_wconf 91' lang='lat' dir='ltr'>in</span> <span class='ocrx_word' id='word_1_194' title='bbox 715 1230 953 1285; x_wconf 90' lang='lat' dir='ltr'>philosophia</span> <span class='ocrx_word' id='word_1_195' title='bbox 983 1232 1154 1270; x_wconf 88' lang='lat' dir='ltr'>naturali.</span> <span class='ocrx_word' id='word_1_196' title='bbox 1210 1229 1377 1268; x_wconf 85' lang='lat' dir='ltr'>Inficitur</span> <span class='ocrx_word' id='word_1_197' title='bbox 1396 1232 1748 1269; x_wconf 70' lang='lat' dir='ltr'>autemintelleetus</span> <span class='ocrx_word' id='word_1_198' title='bbox 1776 1233 1907 1271; x_wconf 81' lang='lat' dir='ltr'>huma-</span> 
     </span>
     <span class='ocr_line' id='line_1_22' title="bbox 293 1285 1907 1338; baseline -0.003 -9"><span class='ocrx_word' id='word_1_199' title='bbox 293 1304 363 1330; x_wconf 90' lang='lat' dir='ltr'>nus</span> <span class='ocrx_word' id='word_1_200' title='bbox 379 1304 422 1329; x_wconf 89' lang='lat' dir='ltr'>ex</span> <span class='ocrx_word' id='word_1_201' title='bbox 438 1289 578 1329; x_wconf 87' lang='lat' dir='ltr'>intuitu</span> <span class='ocrx_word' id='word_1_202' title='bbox 604 1300 752 1335; x_wconf 87' lang='lat' dir='ltr'>eorum,</span> <span class='ocrx_word' id='word_1_203' title='bbox 783 1299 877 1336; x_wconf 89' lang='lat' dir='ltr'>quac</span> <span class='ocrx_word' id='word_1_204' title='bbox 910 1288 951 1324; x_wconf 90' lang='lat' dir='ltr'>in</span> <span class='ocrx_word' id='word_1_205' title='bbox 980 1285 1115 1325; x_wconf 87' lang='lat' dir='ltr'>artibus</span> <span class='ocrx_word' id='word_1_206' title='bbox 1137 1286 1367 1323; x_wconf 85' lang='lat' dir='ltr'>mechanicis</span> <span class='ocrx_word' id='word_1_207' title='bbox 1380 1285 1489 1332; x_wconf 86' lang='lat' dir='ltr'>fiunt,</span> <span class='ocrx_word' id='word_1_208' title='bbox 1516 1285 1556 1322; x_wconf 89' lang='lat' dir='ltr'>in</span> <span class='ocrx_word' id='word_1_209' title='bbox 1581 1286 1716 1335; x_wconf 90' lang='lat' dir='ltr'>quibus</span> <span class='ocrx_word' id='word_1_210' title='bbox 1748 1298 1907 1338; x_wconf 83' lang='lat' dir='ltr'>corpora</span> 
     </span>
     <span class='ocr_line' id='line_1_23' title="bbox 292 1341 1906 1399; baseline -0.002 -15"><span class='ocrx_word' id='word_1_211' title='bbox 292 1359 358 1398; x_wconf 89' lang='lat' dir='ltr'>per</span> <span class='ocrx_word' id='word_1_212' title='bbox 372 1343 665 1399; x_wconf 83' lang='lat' dir='ltr'>compositiones</span> <span class='ocrx_word' id='word_1_213' title='bbox 680 1354 743 1381; x_wconf 90' lang='lat' dir='ltr'>aut</span> <span class='ocrx_word' id='word_1_214' title='bbox 758 1342 1005 1393; x_wconf 80' lang='lat' dir='ltr'>separationes</span> <span class='ocrx_word' id='word_1_215' title='bbox 1019 1352 1061 1380; x_wconf 90' lang='lat' dir='ltr'>ut</span> <span class='ocrx_word' id='word_1_216' title='bbox 1076 1342 1284 1392; x_wconf 88' lang='lat' dir='ltr'>plurimum</span> <span class='ocrx_word' id='word_1_217' title='bbox 1299 1343 1520 1381; x_wconf 84' lang='lat' dir='ltr'>alterantur3</span> <span class='ocrx_word' id='word_1_218' title='bbox 1551 1351 1592 1378; x_wconf 89' lang='lat' dir='ltr'>ut</span> <span class='ocrx_word' id='word_1_219' title='bbox 1607 1343 1762 1391; x_wconf 80' lang='lat' dir='ltr'>cogitet,</span> <span class='ocrx_word' id='word_1_220' title='bbox 1790 1341 1906 1381; x_wconf 77' lang='lat' dir='ltr'>simile</span> 
     </span>
     <span class='ocr_line' id='line_1_24' title="bbox 291 1395 1905 1450; baseline -0.002 -11"><span class='ocrx_word' id='word_1_221' title='bbox 291 1400 474 1450; x_wconf 87' lang='lat' dir='ltr'>quiddam</span> <span class='ocrx_word' id='word_1_222' title='bbox 502 1401 616 1438; x_wconf 89' lang='lat' dir='ltr'>etiam</span> <span class='ocrx_word' id='word_1_223' title='bbox 655 1400 696 1436; x_wconf 90' lang='lat' dir='ltr'>in</span> <span class='ocrx_word' id='word_1_224' title='bbox 723 1408 859 1435; x_wconf 90' lang='lat' dir='ltr'>natura</span> <span class='ocrx_word' id='word_1_225' title='bbox 883 1409 1010 1434; x_wconf 89' lang='lat' dir='ltr'>rerum</span> <span class='ocrx_word' id='word_1_226' title='bbox 1025 1396 1220 1435; x_wconf 86' lang='lat' dir='ltr'>universali</span> <span class='ocrx_word' id='word_1_227' title='bbox 1236 1395 1325 1434; x_wconf 83' lang='lat' dir='ltr'>fieri.</span> <span class='ocrx_word' id='word_1_228' title='bbox 1383 1396 1503 1435; x_wconf 87' lang='lat' dir='ltr'>Unde</span> <span class='ocrx_word' id='word_1_229' title='bbox 1518 1396 1626 1434; x_wconf 78' lang='lat' dir='ltr'>fiuxit</span> <span class='ocrx_word' id='word_1_230' title='bbox 1639 1408 1905 1436; x_wconf 84' lang='lat' dir='ltr'>commentum</span> 
     </span>
     <span class='ocr_line' id='line_1_25' title="bbox 291 1449 1910 1502; baseline -0.002 -7"><span class='ocrx_word' id='word_1_231' title='bbox 291 1457 388 1495; x_wconf 90' lang='lat' dir='ltr'>illud</span> <span class='ocrx_word' id='word_1_232' title='bbox 409 1458 701 1501; x_wconf 90' lang='lat' dir='ltr'>elementorum,</span> <span class='ocrx_word' id='word_1_233' title='bbox 731 1454 853 1501; x_wconf 87' lang='lat' dir='ltr'>deque</span> <span class='ocrx_word' id='word_1_234' title='bbox 882 1451 1036 1490; x_wconf 88' lang='lat' dir='ltr'>illorum</span> <span class='ocrx_word' id='word_1_235' title='bbox 1059 1452 1258 1499; x_wconf 82' lang='lat' dir='ltr'>concursu,</span> <span class='ocrx_word' id='word_1_236' title='bbox 1286 1452 1331 1489; x_wconf 87' lang='lat' dir='ltr'>ad</span> <span class='ocrx_word' id='word_1_237' title='bbox 1352 1449 1607 1488; x_wconf 81' lang='lat' dir='ltr'>constituenda</span> <span class='ocrx_word' id='word_1_238' title='bbox 1627 1464 1787 1502; x_wconf 87' lang='lat' dir='ltr'>corpora</span> <span class='ocrx_word' id='word_1_239' title='bbox 1802 1463 1910 1491; x_wconf 87' lang='lat' dir='ltr'>natu-</span> 
     </span>
     <span class='ocr_line' id='line_1_26' title="bbox 292 1505 1907 1560; baseline -0.002 -10"><span class='ocrx_word' id='word_1_240' title='bbox 292 1513 394 1550; x_wconf 78' lang='lat' dir='ltr'>ralia,</span> <span class='ocrx_word' id='word_1_241' title='bbox 451 1510 606 1557; x_wconf 79' lang='lat' dir='ltr'>Rursus,</span> <span class='ocrx_word' id='word_1_242' title='bbox 635 1521 754 1560; x_wconf 89' lang='lat' dir='ltr'>quum</span> <span class='ocrx_word' id='word_1_243' title='bbox 773 1508 895 1545; x_wconf 87' lang='lat' dir='ltr'>homo</span> <span class='ocrx_word' id='word_1_244' title='bbox 911 1518 1065 1545; x_wconf 88' lang='lat' dir='ltr'>naturae</span> <span class='ocrx_word' id='word_1_245' title='bbox 1082 1508 1296 1544; x_wconf 86' lang='lat' dir='ltr'>libertatem</span> <span class='ocrx_word' id='word_1_246' title='bbox 1312 1507 1604 1557; x_wconf 87' lang='lat' dir='ltr'>contempletur,</span> <span class='ocrx_word' id='word_1_247' title='bbox 1633 1505 1814 1545; x_wconf 84' lang='lat' dir='ltr'>inciditin</span> <span class='ocrx_word' id='word_1_248' title='bbox 1831 1508 1907 1558; x_wconf 86' lang='lat' dir='ltr'>spe-</span> 
     </span>
     <span class='ocr_line' id='line_1_27' title="bbox 291 1561 1905 1615; baseline -0.004 -10"><span class='ocrx_word' id='word_1_249' title='bbox 291 1566 364 1605; x_wconf 90' lang='lat' dir='ltr'>cies</span> <span class='ocrx_word' id='word_1_250' title='bbox 379 1579 519 1614; x_wconf 90' lang='lat' dir='ltr'>rerum,</span> <span class='ocrx_word' id='word_1_251' title='bbox 548 1564 784 1609; x_wconf 89' lang='lat' dir='ltr'>animalium,</span> <span class='ocrx_word' id='word_1_252' title='bbox 811 1564 1041 1615; x_wconf 87' lang='lat' dir='ltr'>plantarum,</span> <span class='ocrx_word' id='word_1_253' title='bbox 1070 1561 1326 1603; x_wconf 76' lang='lat' dir='ltr'>mineralium3</span> <span class='ocrx_word' id='word_1_254' title='bbox 1354 1562 1456 1598; x_wconf 85' lang='lat' dir='ltr'>unde</span> <span class='ocrx_word' id='word_1_255' title='bbox 1476 1561 1584 1598; x_wconf 88' lang='lat' dir='ltr'>facile</span> <span class='ocrx_word' id='word_1_256' title='bbox 1613 1563 1652 1599; x_wconf 89' lang='lat' dir='ltr'>in</span> <span class='ocrx_word' id='word_1_257' title='bbox 1668 1574 1751 1602; x_wconf 85' lang='lat' dir='ltr'>eam</span> <span class='ocrx_word' id='word_1_258' title='bbox 1771 1562 1905 1601; x_wconf 80' lang='lat' dir='ltr'>labitur</span> 
     </span>
     <span class='ocr_line' id='line_1_28' title="bbox 292 1616 1906 1672; baseline -0.002 -12"><span class='ocrx_word' id='word_1_259' title='bbox 292 1620 580 1672; x_wconf 80' lang='lat' dir='ltr'>cogitationem,</span> <span class='ocrx_word' id='word_1_260' title='bbox 610 1630 651 1657; x_wconf 91' lang='lat' dir='ltr'>ut</span> <span class='ocrx_word' id='word_1_261' title='bbox 680 1619 872 1665; x_wconf 88' lang='lat' dir='ltr'>existimet,</span> <span class='ocrx_word' id='word_1_262' title='bbox 903 1617 972 1655; x_wconf 79' lang='lat' dir='ltr'>effe</span> <span class='ocrx_word' id='word_1_263' title='bbox 992 1619 1033 1654; x_wconf 93' lang='lat' dir='ltr'>in</span> <span class='ocrx_word' id='word_1_264' title='bbox 1048 1628 1179 1654; x_wconf 89' lang='lat' dir='ltr'>natura</span> <span class='ocrx_word' id='word_1_265' title='bbox 1200 1616 1376 1666; x_wconf 88' lang='lat' dir='ltr'>quasdam</span> <span class='ocrx_word' id='word_1_266' title='bbox 1396 1616 1537 1653; x_wconf 88' lang='lat' dir='ltr'>formas</span> <span class='ocrx_word' id='word_1_267' title='bbox 1556 1628 1683 1654; x_wconf 89' lang='lat' dir='ltr'>rerum</span> <span class='ocrx_word' id='word_1_268' title='bbox 1703 1617 1906 1666; x_wconf 82' lang='lat' dir='ltr'>primarias,</span> 
     </span>
     <span class='ocr_line' id='line_1_29' title="bbox 291 1671 1907 1729; baseline -0.002 -15"><span class='ocrx_word' id='word_1_269' title='bbox 291 1690 381 1729; x_wconf 88' lang='lat' dir='ltr'>quas</span> <span class='ocrx_word' id='word_1_270' title='bbox 407 1687 538 1714; x_wconf 82' lang='lat' dir='ltr'>natura</span> <span class='ocrx_word' id='word_1_271' title='bbox 572 1675 729 1713; x_wconf 86' lang='lat' dir='ltr'>educere</span> <span class='ocrx_word' id='word_1_272' title='bbox 758 1674 939 1714; x_wconf 57' lang='lat' dir='ltr'>molitum</span> <span class='ocrx_word' id='word_1_273' title='bbox 967 1683 1077 1724; x_wconf 87' lang='lat' dir='ltr'>atque</span> <span class='ocrx_word' id='word_1_274' title='bbox 1097 1671 1279 1721; x_wconf 84' lang='lat' dir='ltr'>reliquam</span> <span class='ocrx_word' id='word_1_275' title='bbox 1312 1673 1532 1708; x_wconf 86' lang='lat' dir='ltr'>varietatem</span> <span class='ocrx_word' id='word_1_276' title='bbox 1553 1684 1596 1708; x_wconf 90' lang='lat' dir='ltr'>ex</span> <span class='ocrx_word' id='word_1_277' title='bbox 1625 1672 1907 1724; x_wconf 84' lang='lat' dir='ltr'>impedimentis</span> 
     </span>
     <span class='ocr_line' id='line_1_30' title="bbox 293 1726 1904 1780; baseline -0.002 -10"><span class='ocrx_word' id='word_1_278' title='bbox 293 1735 331 1769; x_wconf 77' lang='grc' dir='ltr'>ὅ(</span> <span class='ocrx_word' id='word_1_279' title='bbox 352 1731 648 1769; x_wconf 79' lang='lat' dir='ltr'>aber-rationibus</span> <span class='ocrx_word' id='word_1_280' title='bbox 672 1739 823 1767; x_wconf 87' lang='lat' dir='ltr'>naturae</span> <span class='ocrx_word' id='word_1_281' title='bbox 853 1727 892 1765; x_wconf 88' lang='lat' dir='ltr'>in</span> <span class='ocrx_word' id='word_1_282' title='bbox 919 1740 1034 1777; x_wconf 89' lang='lat' dir='ltr'>opere</span> <span class='ocrx_word' id='word_1_283' title='bbox 1065 1728 1133 1765; x_wconf 89' lang='lat' dir='ltr'>suo</span> <span class='ocrx_word' id='word_1_284' title='bbox 1152 1726 1401 1771; x_wconf 83' lang='lat' dir='ltr'>conficiendo,</span> <span class='ocrx_word' id='word_1_285' title='bbox 1432 1736 1494 1763; x_wconf 89' lang='lat' dir='ltr'>ant</span> <span class='ocrx_word' id='word_1_286' title='bbox 1515 1739 1557 1763; x_wconf 89' lang='lat' dir='ltr'>ex</span> <span class='ocrx_word' id='word_1_287' title='bbox 1580 1727 1803 1766; x_wconf 64' lang='lat' dir='ltr'>diversarum</span> <span class='ocrx_word' id='word_1_288' title='bbox 1830 1727 1904 1780; x_wconf 87' lang='lat' dir='ltr'>spe-</span> 
     </span>
     <span class='ocr_line' id='line_1_31' title="bbox 293 1782 1905 1833; baseline -0.001 -9"><span class='ocrx_word' id='word_1_289' title='bbox 293 1789 438 1824; x_wconf 89' lang='lat' dir='ltr'>cierum</span> <span class='ocrx_word' id='word_1_290' title='bbox 458 1785 648 1832; x_wconf 60' lang='lat' dir='ltr'>confflem,</span> <span class='ocrx_word' id='word_1_291' title='bbox 678 1782 1063 1833; x_wconf 84' lang='lat' dir='ltr'>&amp;transplantatione</span> <span class='ocrx_word' id='word_1_292' title='bbox 1078 1784 1228 1820; x_wconf 88' lang='lat' dir='ltr'>alterius</span> <span class='ocrx_word' id='word_1_293' title='bbox 1241 1784 1279 1819; x_wconf 92' lang='lat' dir='ltr'>in</span> <span class='ocrx_word' id='word_1_294' title='bbox 1308 1783 1477 1828; x_wconf 85' lang='lat' dir='ltr'>alteram,</span> <span class='ocrx_word' id='word_1_295' title='bbox 1507 1783 1716 1833; x_wconf 80' lang='lat' dir='ltr'>provenire.</span> <span class='ocrx_word' id='word_1_296' title='bbox 1777 1783 1905 1833; x_wconf 83' lang='lat' dir='ltr'>Atque</span> 
     </span>
     <span class='ocr_line' id='line_1_32' title="bbox 293 1836 1906 1893; baseline -0.001 -14"><span class='ocrx_word' id='word_1_297' title='bbox 293 1844 416 1893; x_wconf 89' lang='lat' dir='ltr'>prima</span> <span class='ocrx_word' id='word_1_298' title='bbox 431 1839 612 1890; x_wconf 81' lang='lat' dir='ltr'>cogitatio</span> <span class='ocrx_word' id='word_1_299' title='bbox 630 1840 826 1890; x_wconf 86' lang='lat' dir='ltr'>qualitates</span> <span class='ocrx_word' id='word_1_300' title='bbox 846 1836 982 1890; x_wconf 89' lang='lat' dir='ltr'>primas</span> <span class='ocrx_word' id='word_1_301' title='bbox 1002 1839 1258 1884; x_wconf 85' lang='lat' dir='ltr'>elementares,</span> <span class='ocrx_word' id='word_1_302' title='bbox 1288 1836 1445 1873; x_wconf 87' lang='lat' dir='ltr'>secunda</span> <span class='ocrx_word' id='word_1_303' title='bbox 1470 1836 1713 1888; x_wconf 82' lang='lat' dir='ltr'>proprietates</span> <span class='ocrx_word' id='word_1_304' title='bbox 1741 1841 1906 1877; x_wconf 85' lang='lat' dir='ltr'>occultas</span> 
     </span>
     <span class='ocr_line' id='line_1_33' title="bbox 295 1891 1906 1945; baseline -0.002 -11"><span class='ocrx_word' id='word_1_305' title='bbox 295 1899 333 1934; x_wconf 92' lang='lat'>&amp;</span> <span class='ocrx_word' id='word_1_306' title='bbox 348 1898 503 1934; x_wconf 88' lang='lat' dir='ltr'>virtutes</span> <span class='ocrx_word' id='word_1_307' title='bbox 520 1894 714 1945; x_wconf 82' lang='lat' dir='ltr'>specificas,</span> <span class='ocrx_word' id='word_1_308' title='bbox 743 1894 855 1930; x_wconf 91' lang='lat' dir='ltr'>nobis</span> <span class='ocrx_word' id='word_1_309' title='bbox 878 1894 1040 1942; x_wconf 80' lang='lat' dir='ltr'>peperit3</span> <span class='ocrx_word' id='word_1_310' title='bbox 1070 1905 1228 1942; x_wconf 86' lang='lat' dir='ltr'>quarum</span> <span class='ocrx_word' id='word_1_311' title='bbox 1254 1903 1408 1940; x_wconf 86' lang='lat' dir='ltr'>utraque</span> <span class='ocrx_word' id='word_1_312' title='bbox 1424 1891 1587 1941; x_wconf 86' lang='lat' dir='ltr'>pertinet</span> <span class='ocrx_word' id='word_1_313' title='bbox 1610 1894 1655 1929; x_wconf 86' lang='lat' dir='ltr'>ad</span> <span class='ocrx_word' id='word_1_314' title='bbox 1680 1895 1802 1931; x_wconf 85' lang='lat' dir='ltr'>inania</span> <span class='ocrx_word' id='word_1_315' title='bbox 1817 1906 1906 1932; x_wconf 89' lang='lat' dir='ltr'>con-</span> 
     </span>
     <span class='ocr_line' id='line_1_34' title="bbox 289 1946 1906 2001; baseline -0.001 -12"><span class='ocrx_word' id='word_1_316' title='bbox 289 1953 586 2001; x_wconf 88' lang='lat' dir='ltr'>templationum</span> <span class='ocrx_word' id='word_1_317' title='bbox 612 1947 849 2001; x_wconf 87' lang='lat' dir='ltr'>compendia,</span> <span class='ocrx_word' id='word_1_318' title='bbox 880 1950 919 1985; x_wconf 93' lang='lat' dir='ltr'>in</span> <span class='ocrx_word' id='word_1_319' title='bbox 943 1946 1076 1996; x_wconf 90' lang='lat' dir='ltr'>quibus</span> <span class='ocrx_word' id='word_1_320' title='bbox 1095 1947 1293 1999; x_wconf 84' lang='lat' dir='ltr'>acquiescit</span> <span class='ocrx_word' id='word_1_321' title='bbox 1312 1948 1473 1994; x_wconf 84' lang='lat' dir='ltr'>animus,</span> <span class='ocrx_word' id='word_1_322' title='bbox 1503 1949 1540 1984; x_wconf 67' lang='grc' dir='ltr'>δε</span> <span class='ocrx_word' id='word_1_323' title='bbox 1563 1960 1584 1984; x_wconf 86' lang='lat' dir='ltr'>a</span> <span class='ocrx_word' id='word_1_324' title='bbox 1606 1946 1844 1987; x_wconf 90' lang='lat' dir='ltr'>solidioribus</span> <span class='ocrx_word' id='word_1_325' title='bbox 1871 1963 1906 1988; x_wconf 88' lang='lat' dir='ltr'>a·</span> 
     </span>
     <span class='ocr_line' id='line_1_35' title="bbox 288 2001 1904 2054; baseline -0.001 -10"><span class='ocrx_word' id='word_1_326' title='bbox 288 2006 458 2045; x_wconf 88' lang='lat' dir='ltr'>vertitur.</span> <span class='ocrx_word' id='word_1_327' title='bbox 516 2005 573 2042; x_wconf 89' lang='lat' dir='ltr'>At</span> <span class='ocrx_word' id='word_1_328' title='bbox 603 2003 752 2051; x_wconf 88' lang='lat' dir='ltr'>medici,</span> <span class='ocrx_word' id='word_1_329' title='bbox 782 2005 822 2040; x_wconf 93' lang='lat' dir='ltr'>in</span> <span class='ocrx_word' id='word_1_330' title='bbox 852 2003 1022 2041; x_wconf 89' lang='lat' dir='ltr'>secundis</span> <span class='ocrx_word' id='word_1_331' title='bbox 1046 2016 1172 2040; x_wconf 89' lang='lat' dir='ltr'>rerum</span> <span class='ocrx_word' id='word_1_332' title='bbox 1196 2001 1433 2051; x_wconf 90' lang='lat' dir='ltr'>qualitatibus</span> <span class='ocrx_word' id='word_1_333' title='bbox 1467 2004 1504 2039; x_wconf 73' lang='grc' dir='ltr'>ὅ(</span> <span class='ocrx_word' id='word_1_334' title='bbox 1531 2003 1826 2054; x_wconf 85' lang='lat' dir='ltr'>operationibus,</span> <span class='ocrx_word' id='word_1_335' title='bbox 1853 2016 1904 2044; x_wconf 89' lang='lat' dir='ltr'>at-</span> 
     </span>
     <span class='ocr_line' id='line_1_36' title="bbox 287 2056 1904 2110; baseline -0.001 -11"><span class='ocrx_word' id='word_1_336' title='bbox 287 2062 474 2108; x_wconf 88' lang='lat' dir='ltr'>trahendi,</span> <span class='ocrx_word' id='word_1_337' title='bbox 505 2060 724 2110; x_wconf 81' lang='lat' dir='ltr'>repellendi,</span> <span class='ocrx_word' id='word_1_338' title='bbox 759 2059 991 2106; x_wconf 87' lang='lat' dir='ltr'>attenuandi,</span> <span class='ocrx_word' id='word_1_339' title='bbox 1032 2057 1257 2110; x_wconf 73' lang='lat' dir='ltr'>inspiss&#39;andi,</span> <span class='ocrx_word' id='word_1_340' title='bbox 1301 2056 1491 2104; x_wconf 86' lang='lat' dir='ltr'>dilatandi,</span> <span class='ocrx_word' id='word_1_341' title='bbox 1526 2056 1759 2107; x_wconf 77' lang='lat' dir='ltr'>astringendi,</span> <span class='ocrx_word' id='word_1_342' title='bbox 1789 2059 1904 2099; x_wconf 89' lang='lat' dir='ltr'>discu-</span> 
     </span>
     <span class='ocr_line' id='line_1_37' title="bbox 288 2111 1904 2166; baseline 0 -12"><span class='ocrx_word' id='word_1_343' title='bbox 288 2116 420 2163; x_wconf 87' lang='lat' dir='ltr'>tiendi,</span> <span class='ocrx_word' id='word_1_344' title='bbox 449 2116 676 2162; x_wconf 84' lang='lat' dir='ltr'>maturandi,</span> <span class='ocrx_word' id='word_1_345' title='bbox 706 2114 988 2160; x_wconf 86' lang='lat' dir='ltr'>&amp;hujusmodi,</span> <span class='ocrx_word' id='word_1_346' title='bbox 1019 2125 1174 2166; x_wconf 85' lang='lat' dir='ltr'>operam</span> <span class='ocrx_word' id='word_1_347' title='bbox 1201 2113 1381 2165; x_wconf 82' lang='lat' dir='ltr'>praestant</span> <span class='ocrx_word' id='word_1_348' title='bbox 1397 2111 1616 2154; x_wconf 79' lang='lat' dir='ltr'>meliorem3</span> <span class='ocrx_word' id='word_1_349' title='bbox 1645 2125 1757 2162; x_wconf 89' lang='lat' dir='ltr'>atque</span> <span class='ocrx_word' id='word_1_350' title='bbox 1774 2114 1842 2153; x_wconf 79' lang='lat' dir='ltr'>nist</span> <span class='ocrx_word' id='word_1_351' title='bbox 1860 2129 1904 2154; x_wconf 85' lang='lat' dir='ltr'>ex</span> 
     </span>
     <span class='ocr_line' id='line_1_38' title="bbox 288 2166 1904 2221; baseline 0 -12"><span class='ocrx_word' id='word_1_352' title='bbox 288 2174 363 2209; x_wconf 90' lang='lat' dir='ltr'>illis</span> <span class='ocrx_word' id='word_1_353' title='bbox 379 2172 526 2210; x_wconf 91' lang='lat' dir='ltr'>duobus</span> <span class='ocrx_word' id='word_1_354' title='bbox 557 2170 669 2221; x_wconf 86' lang='lat' dir='ltr'>(quae</span> <span class='ocrx_word' id='word_1_355' title='bbox 699 2167 792 2217; x_wconf 86' lang='lat' dir='ltr'>dixi)</span> <span class='ocrx_word' id='word_1_356' title='bbox 823 2168 1058 2221; x_wconf 86' lang='lat' dir='ltr'>compendiis</span> <span class='ocrx_word' id='word_1_357' title='bbox 1087 2167 1344 2219; x_wconf 88' lang='lat' dir='ltr'>(qualitatibus</span> <span class='ocrx_word' id='word_1_358' title='bbox 1367 2166 1505 2205; x_wconf 89' lang='lat' dir='ltr'>scilicet</span> <span class='ocrx_word' id='word_1_359' title='bbox 1534 2169 1836 2218; x_wconf 89' lang='lat' dir='ltr'>elementaribus,</span> <span class='ocrx_word' id='word_1_360' title='bbox 1864 2174 1904 2209; x_wconf 86' lang='lat'>&amp;</span> 
     </span>
     <span class='ocr_line' id='line_1_39' title="bbox 287 2222 1903 2276; baseline -0.001 -11"><span class='ocrx_word' id='word_1_361' title='bbox 287 2227 487 2264; x_wconf 89' lang='lat' dir='ltr'>virtutibus</span> <span class='ocrx_word' id='word_1_362' title='bbox 503 2223 693 2276; x_wconf 86' lang='lat' dir='ltr'>specificis)</span> <span class='ocrx_word' id='word_1_363' title='bbox 724 2225 788 2261; x_wconf 88' lang='lat' dir='ltr'>illa</span> <span class='ocrx_word' id='word_1_364' title='bbox 802 2225 917 2261; x_wconf 89' lang='lat' dir='ltr'>altera</span> <span class='ocrx_word' id='word_1_365' title='bbox 946 2223 1059 2275; x_wconf 88' lang='lat' dir='ltr'>(quae</span> <span class='ocrx_word' id='word_1_366' title='bbox 1079 2224 1175 2261; x_wconf 67' lang='lat' dir='ltr'>reete</span> <span class='ocrx_word' id='word_1_367' title='bbox 1196 2233 1326 2261; x_wconf 86' lang='lat' dir='ltr'>notata</span> <span class='ocrx_word' id='word_1_368' title='bbox 1343 2222 1439 2270; x_wconf 89' lang='lat' dir='ltr'>sunt)</span> <span class='ocrx_word' id='word_1_369' title='bbox 1468 2234 1768 2275; x_wconf 85' lang='lat' dir='ltr'>corrumperent,</span> <span class='ocrx_word' id='word_1_370' title='bbox 1799 2226 1903 2264; x_wconf 90' lang='lat' dir='ltr'>redu-</span> 
     </span>
     <span class='ocr_line' id='line_1_40' title="bbox 287 2278 1902 2331; baseline -0.001 -11"><span class='ocrx_word' id='word_1_371' title='bbox 287 2283 413 2320; x_wconf 87' lang='lat' dir='ltr'>cendo</span> <span class='ocrx_word' id='word_1_372' title='bbox 428 2281 490 2319; x_wconf 90' lang='lat' dir='ltr'>illa</span> <span class='ocrx_word' id='word_1_373' title='bbox 504 2282 551 2318; x_wconf 88' lang='lat' dir='ltr'>ad</span> <span class='ocrx_word' id='word_1_374' title='bbox 570 2282 707 2331; x_wconf 87' lang='lat' dir='ltr'>primas</span> <span class='ocrx_word' id='word_1_375' title='bbox 730 2278 937 2329; x_wconf 85' lang='lat' dir='ltr'>qualitates,</span> <span class='ocrx_word' id='word_1_376' title='bbox 967 2291 1171 2329; x_wconf 88' lang='lat' dir='ltr'>earumque</span> <span class='ocrx_word' id='word_1_377' title='bbox 1196 2279 1373 2316; x_wconf 84' lang='lat' dir='ltr'>mixturas</span> <span class='ocrx_word' id='word_1_378' title='bbox 1402 2278 1552 2315; x_wconf 84' lang='lat' dir='ltr'>subtiles</span> <span class='ocrx_word' id='word_1_379' title='bbox 1569 2280 1605 2316; x_wconf 71' lang='lat' dir='ltr'>Se</span> <span class='ocrx_word' id='word_1_380' title='bbox 1623 2281 1902 2319; x_wconf 86' lang='lat' dir='ltr'>incommensu-</span> 
     </span>
     <span class='ocr_line' id='line_1_41' title="bbox 288 2331 1903 2386; baseline -0.001 -11"><span class='ocrx_word' id='word_1_381' title='bbox 288 2337 437 2378; x_wconf 86' lang='lat' dir='ltr'>rabiles;</span> <span class='ocrx_word' id='word_1_382' title='bbox 466 2347 529 2374; x_wconf 90' lang='lat' dir='ltr'>aut</span> <span class='ocrx_word' id='word_1_383' title='bbox 557 2349 598 2374; x_wconf 88' lang='lat' dir='ltr'>ea</span> <span class='ocrx_word' id='word_1_384' title='bbox 628 2347 711 2373; x_wconf 91' lang='lat' dir='ltr'>non</span> <span class='ocrx_word' id='word_1_385' title='bbox 739 2334 998 2386; x_wconf 86' lang='lat' dir='ltr'>producendo,</span> <span class='ocrx_word' id='word_1_386' title='bbox 1028 2346 1116 2372; x_wconf 88' lang='lat' dir='ltr'>eum</span> <span class='ocrx_word' id='word_1_387' title='bbox 1140 2334 1283 2379; x_wconf 82' lang='lat' dir='ltr'>majore</span> <span class='ocrx_word' id='word_1_388' title='bbox 1306 2336 1343 2371; x_wconf 77' lang='grc' dir='ltr'>ὅ(</span> <span class='ocrx_word' id='word_1_389' title='bbox 1368 2331 1604 2382; x_wconf 81' lang='lat' dir='ltr'>diligentiore</span> <span class='ocrx_word' id='word_1_390' title='bbox 1631 2334 1903 2384; x_wconf 86' lang='lat' dir='ltr'>observatione,</span> 
     </span>
     <span class='ocr_line' id='line_1_42' title="bbox 288 2389 1902 2444; baseline -0.001 -14"><span class='ocrx_word' id='word_1_391' title='bbox 288 2393 333 2429; x_wconf 83' lang='lat' dir='ltr'>ad</span> <span class='ocrx_word' id='word_1_392' title='bbox 354 2394 550 2444; x_wconf 84' lang='lat' dir='ltr'>qualitates</span> <span class='ocrx_word' id='word_1_393' title='bbox 579 2390 704 2429; x_wconf 88' lang='lat' dir='ltr'>tertias</span> <span class='ocrx_word' id='word_1_394' title='bbox 729 2393 766 2427; x_wconf 74' lang='grc' dir='ltr'>ὅ(</span> <span class='ocrx_word' id='word_1_395' title='bbox 794 2400 954 2439; x_wconf 86' lang='lat' dir='ltr'>quartas,</span> <span class='ocrx_word' id='word_1_396' title='bbox 984 2389 1046 2428; x_wconf 91' lang='lat' dir='ltr'>sed</span> <span class='ocrx_word' id='word_1_397' title='bbox 1074 2390 1442 2439; x_wconf 88' lang='lat' dir='ltr'>contemplationem</span> <span class='ocrx_word' id='word_1_398' title='bbox 1470 2390 1726 2438; x_wconf 84' lang='lat' dir='ltr'>intempestive</span> <span class='ocrx_word' id='word_1_399' title='bbox 1754 2391 1902 2428; x_wconf 87' lang='lat' dir='ltr'>abrum-</span> 
     </span>
     <span class='ocr_line' id='line_1_43' title="bbox 288 2442 1905 2497; baseline -0.001 -12"><span class='ocrx_word' id='word_1_400' title='bbox 288 2448 437 2496; x_wconf 83' lang='lat' dir='ltr'>pend03</span> <span class='ocrx_word' id='word_1_401' title='bbox 468 2447 521 2485; x_wconf 90' lang='lat' dir='ltr'>illi</span> <span class='ocrx_word' id='word_1_402' title='bbox 536 2448 662 2484; x_wconf 90' lang='lat' dir='ltr'>multo</span> <span class='ocrx_word' id='word_1_403' title='bbox 684 2447 820 2483; x_wconf 90' lang='lat' dir='ltr'>melius</span> <span class='ocrx_word' id='word_1_404' title='bbox 834 2444 1083 2497; x_wconf 76' lang='lat' dir='ltr'>profecissent.</span> <span class='ocrx_word' id='word_1_405' title='bbox 1140 2447 1277 2493; x_wconf 85' lang='lat' dir='ltr'>Neque</span> <span class='ocrx_word' id='word_1_406' title='bbox 1293 2442 1508 2490; x_wconf 87' lang='lat' dir='ltr'>hujusmodi</span> <span class='ocrx_word' id='word_1_407' title='bbox 1522 2442 1674 2482; x_wconf 83' lang='lat' dir='ltr'>virtutes</span> <span class='ocrx_word' id='word_1_408' title='bbox 1704 2444 1803 2495; x_wconf 90' lang='lat' dir='ltr'>(non</span> <span class='ocrx_word' id='word_1_409' title='bbox 1817 2445 1905 2484; x_wconf 92' lang='lat' dir='ltr'>dico</span> 
     </span>
     <span class='ocr_line' id='line_1_44' title="bbox 290 2498 1903 2550; baseline 0 -11"><span class='ocrx_word' id='word_1_410' title='bbox 290 2502 456 2550; x_wconf 88' lang='lat' dir='ltr'>eaedem,</span> <span class='ocrx_word' id='word_1_411' title='bbox 486 2502 548 2540; x_wconf 90' lang='lat' dir='ltr'>sed</span> <span class='ocrx_word' id='word_1_412' title='bbox 562 2499 714 2550; x_wconf 78' lang='lat' dir='ltr'>similes)</span> <span class='ocrx_word' id='word_1_413' title='bbox 745 2502 786 2538; x_wconf 88' lang='lat' dir='ltr'>in</span> <span class='ocrx_word' id='word_1_414' title='bbox 801 2500 959 2538; x_wconf 87' lang='lat' dir='ltr'>humani</span> <span class='ocrx_word' id='word_1_415' title='bbox 973 2499 1142 2550; x_wconf 89' lang='lat' dir='ltr'>corporis</span> <span class='ocrx_word' id='word_1_416' title='bbox 1157 2498 1354 2537; x_wconf 90' lang='lat' dir='ltr'>medicinis</span> <span class='ocrx_word' id='word_1_417' title='bbox 1370 2508 1518 2536; x_wconf 86' lang='lat' dir='ltr'>tantum</span> <span class='ocrx_word' id='word_1_418' title='bbox 1536 2500 1785 2548; x_wconf 85' lang='lat' dir='ltr'>exquirendae</span> <span class='ocrx_word' id='word_1_419' title='bbox 1798 2499 1884 2540; x_wconf 83' lang='lat' dir='ltr'>sunt</span> <span class='ocrx_word' id='word_1_420' title='bbox 1891 2516 1903 2544; x_wconf 82' lang='lat'>3</span> 
     </span>
     <span class='ocr_line' id='line_1_45' title="bbox 290 2552 1590 2607; baseline -0.003 -13"><span class='ocrx_word' id='word_1_421' title='bbox 290 2556 354 2594; x_wconf 86' lang='lat' dir='ltr'>scd</span> <span class='ocrx_word' id='word_1_422' title='bbox 373 2558 486 2594; x_wconf 83' lang='lat' dir='ltr'>etiam</span> <span class='ocrx_word' id='word_1_423' title='bbox 514 2556 553 2594; x_wconf 92' lang='lat' dir='ltr'>in</span> <span class='ocrx_word' id='word_1_424' title='bbox 569 2567 804 2597; x_wconf 86' lang='lat' dir='ltr'>caeterorum</span> <span class='ocrx_word' id='word_1_425' title='bbox 825 2568 1033 2607; x_wconf 87' lang='lat' dir='ltr'>corporum</span> <span class='ocrx_word' id='word_1_426' title='bbox 1058 2556 1284 2592; x_wconf 89' lang='lat' dir='ltr'>naturalium</span> <span class='ocrx_word' id='word_1_427' title='bbox 1309 2552 1590 2591; x_wconf 87' lang='lat' dir='ltr'>mutationibus.</span> 
     </span>
    </p>

    <p class='ocr_par' dir='ltr' id='par_1_6' title="bbox 284 2608 1902 3045">
     <span class='ocr_line' id='line_1_46' title="bbox 346 2608 1901 2662; baseline 0.001 -15"><span class='ocrx_word' id='word_1_428' title='bbox 346 2612 369 2648; x_wconf 84' lang='lat' dir='ltr'>S</span> <span class='ocrx_word' id='word_1_429' title='bbox 381 2622 437 2648; x_wconf 76' lang='grc' dir='ltr'>ΕΙ)</span> <span class='ocrx_word' id='word_1_430' title='bbox 465 2613 590 2649; x_wconf 88' lang='lat' dir='ltr'>multo</span> <span class='ocrx_word' id='word_1_431' title='bbox 604 2612 726 2650; x_wconf 90' lang='lat' dir='ltr'>adhuc</span> <span class='ocrx_word' id='word_1_432' title='bbox 741 2611 885 2656; x_wconf 84' lang='lat' dir='ltr'>majore</span> <span class='ocrx_word' id='word_1_433' title='bbox 901 2623 989 2648; x_wconf 88' lang='lat' dir='ltr'>cum</span> <span class='ocrx_word' id='word_1_434' title='bbox 1004 2612 1109 2647; x_wconf 87' lang='lat' dir='ltr'>malo</span> <span class='ocrx_word' id='word_1_435' title='bbox 1123 2609 1176 2657; x_wconf 91' lang='lat' dir='ltr'>fit,</span> <span class='ocrx_word' id='word_1_436' title='bbox 1206 2610 1309 2658; x_wconf 84' lang='lat' dir='ltr'>quod</span> <span class='ocrx_word' id='word_1_437' title='bbox 1326 2608 1551 2660; x_wconf 88' lang='lat' dir='ltr'>quiescentia</span> <span class='ocrx_word' id='word_1_438' title='bbox 1563 2621 1689 2652; x_wconf 83' lang='lat' dir='ltr'>rernm</span> <span class='ocrx_word' id='word_1_439' title='bbox 1707 2612 1901 2662; x_wconf 83' lang='lat' dir='ltr'>principia,</span> 
     </span>
     <span class='ocr_line' id='line_1_47' title="bbox 292 2664 1900 2718; baseline 0.001 -16"><span class='ocrx_word' id='word_1_440' title='bbox 292 2677 336 2702; x_wconf 85' lang='lat' dir='ltr'>ex</span> <span class='ocrx_word' id='word_1_441' title='bbox 371 2666 519 2714; x_wconf 81' lang='lat' dir='ltr'>quibus,</span> <span class='ocrx_word' id='word_1_442' title='bbox 555 2669 688 2704; x_wconf 89' lang='lat' dir='ltr'>&amp;non</span> <span class='ocrx_word' id='word_1_443' title='bbox 715 2667 923 2713; x_wconf 89' lang='lat' dir='ltr'>moventia,</span> <span class='ocrx_word' id='word_1_444' title='bbox 951 2677 1016 2715; x_wconf 86' lang='lat' dir='ltr'>per</span> <span class='ocrx_word' id='word_1_445' title='bbox 1044 2677 1138 2714; x_wconf 90' lang='lat' dir='ltr'>quae</span> <span class='ocrx_word' id='word_1_446' title='bbox 1159 2677 1214 2702; x_wconf 88' lang='lat' dir='ltr'>res</span> <span class='ocrx_word' id='word_1_447' title='bbox 1228 2664 1336 2711; x_wconf 88' lang='lat' dir='ltr'>fiunt,</span> <span class='ocrx_word' id='word_1_448' title='bbox 1366 2665 1675 2714; x_wconf 86' lang='lat' dir='ltr'>contemplentur</span> <span class='ocrx_word' id='word_1_449' title='bbox 1711 2667 1748 2702; x_wconf 70' lang='grc' dir='ltr'>ὃς</span> <span class='ocrx_word' id='word_1_450' title='bbox 1783 2665 1900 2718; x_wconf 90' lang='lat' dir='ltr'>inqui-</span> 
     </span>
     <span class='ocr_line' id='line_1_48' title="bbox 290 2719 1902 2771; baseline 0.002 -14"><span class='ocrx_word' id='word_1_451' title='bbox 290 2731 387 2758; x_wconf 87' lang='lat' dir='ltr'>rant.</span> <span class='ocrx_word' id='word_1_452' title='bbox 445 2722 510 2758; x_wconf 87' lang='lat' dir='ltr'>Illa</span> <span class='ocrx_word' id='word_1_453' title='bbox 538 2720 640 2758; x_wconf 89' lang='lat' dir='ltr'>enim</span> <span class='ocrx_word' id='word_1_454' title='bbox 655 2723 701 2759; x_wconf 86' lang='lat' dir='ltr'>ad</span> <span class='ocrx_word' id='word_1_455' title='bbox 721 2721 925 2768; x_wconf 90' lang='lat' dir='ltr'>sermones,</span> <span class='ocrx_word' id='word_1_456' title='bbox 954 2719 1016 2758; x_wconf 89' lang='lat' dir='ltr'>ista</span> <span class='ocrx_word' id='word_1_457' title='bbox 1031 2721 1075 2758; x_wconf 92' lang='lat' dir='ltr'>ad</span> <span class='ocrx_word' id='word_1_458' title='bbox 1092 2732 1205 2770; x_wconf 87' lang='lat' dir='ltr'>opera</span> <span class='ocrx_word' id='word_1_459' title='bbox 1231 2719 1404 2770; x_wconf 66' lang='lat' dir='ltr'>speetant.</span> <span class='ocrx_word' id='word_1_460' title='bbox 1461 2721 1598 2771; x_wconf 88' lang='lat' dir='ltr'>Neque</span> <span class='ocrx_word' id='word_1_461' title='bbox 1618 2719 1719 2756; x_wconf 89' lang='lat' dir='ltr'>enim</span> <span class='ocrx_word' id='word_1_462' title='bbox 1734 2722 1902 2770; x_wconf 78' lang='lat' dir='ltr'>vulgares</span> 
     </span>
     <span class='ocr_line' id='line_1_49' title="bbox 287 2774 1900 2827; baseline 0 -14"><span class='ocrx_word' id='word_1_463' title='bbox 287 2776 372 2813; x_wconf 88' lang='lat' dir='ltr'>illae</span> <span class='ocrx_word' id='word_1_464' title='bbox 388 2774 617 2813; x_wconf 86' lang='lat' dir='ltr'>differentiae</span> <span class='ocrx_word' id='word_1_465' title='bbox 633 2787 773 2824; x_wconf 89' lang='lat' dir='ltr'>motus,</span> <span class='ocrx_word' id='word_1_466' title='bbox 803 2788 896 2825; x_wconf 90' lang='lat' dir='ltr'>quae</span> <span class='ocrx_word' id='word_1_467' title='bbox 912 2777 952 2813; x_wconf 92' lang='lat' dir='ltr'>in</span> <span class='ocrx_word' id='word_1_468' title='bbox 969 2775 1127 2813; x_wconf 86' lang='lat' dir='ltr'>naturali</span> <span class='ocrx_word' id='word_1_469' title='bbox 1151 2775 1388 2827; x_wconf 86' lang='lat' dir='ltr'>philosophia</span> <span class='ocrx_word' id='word_1_470' title='bbox 1407 2784 1553 2824; x_wconf 87' lang='lat' dir='ltr'>recepta</span> <span class='ocrx_word' id='word_1_471' title='bbox 1567 2784 1761 2822; x_wconf 88' lang='lat' dir='ltr'>notantur,</span> <span class='ocrx_word' id='word_1_472' title='bbox 1790 2788 1900 2824; x_wconf 81' lang='lat' dir='ltr'>gene-</span> 
     </span>
     <span class='ocr_line' id='line_1_50' title="bbox 285 2829 1898 2881; baseline 0 -13"><span class='ocrx_word' id='word_1_473' title='bbox 285 2829 453 2876; x_wconf 87' lang='lat' dir='ltr'>rationis,</span> <span class='ocrx_word' id='word_1_474' title='bbox 482 2833 746 2880; x_wconf 88' lang='lat' dir='ltr'>corruptionis,</span> <span class='ocrx_word' id='word_1_475' title='bbox 776 2830 1106 2881; x_wconf 79' lang='lat' dir='ltr'>augmentationiS,</span> <span class='ocrx_word' id='word_1_476' title='bbox 1131 2831 1413 2876; x_wconf 89' lang='lat' dir='ltr'>diminutionis,</span> <span class='ocrx_word' id='word_1_477' title='bbox 1437 2830 1668 2866; x_wconf 84' lang='lat' dir='ltr'>alterationis</span> <span class='ocrx_word' id='word_1_478' title='bbox 1684 2831 1721 2866; x_wconf 75' lang='grc' dir='ltr'>ὅ(</span> <span class='ocrx_word' id='word_1_479' title='bbox 1736 2830 1898 2880; x_wconf 83' lang='lat' dir='ltr'>lationis,</span> 
     </span>
     <span class='ocr_line' id='line_1_51' title="bbox 287 2883 1897 2938; baseline 0 -16"><span class='ocrx_word' id='word_1_480' title='bbox 287 2886 399 2924; x_wconf 89' lang='lat' dir='ltr'>ullius</span> <span class='ocrx_word' id='word_1_481' title='bbox 427 2884 512 2922; x_wconf 88' lang='lat' dir='ltr'>sunt</span> <span class='ocrx_word' id='word_1_482' title='bbox 540 2884 659 2936; x_wconf 87' lang='lat' dir='ltr'>pretii.</span> <span class='ocrx_word' id='word_1_483' title='bbox 718 2888 868 2938; x_wconf 76' lang='lat' dir='ltr'>Quippe</span> <span class='ocrx_word' id='word_1_484' title='bbox 885 2886 959 2923; x_wconf 91' lang='lat' dir='ltr'>hoc</span> <span class='ocrx_word' id='word_1_485' title='bbox 983 2884 1048 2923; x_wconf 85' lang='lat' dir='ltr'>fibi</span> <span class='ocrx_word' id='word_1_486' title='bbox 1065 2887 1222 2927; x_wconf 89' lang='lat' dir='ltr'>volunt;</span> <span class='ocrx_word' id='word_1_487' title='bbox 1250 2883 1276 2922; x_wconf 85' lang='lat' dir='ltr'><strong>fi</strong></span> <span class='ocrx_word' id='word_1_488' title='bbox 1302 2897 1447 2937; x_wconf 78' lang='lat' dir='ltr'>corpuS,</span> <span class='ocrx_word' id='word_1_489' title='bbox 1476 2886 1562 2921; x_wconf 85' lang='lat' dir='ltr'>alias</span> <span class='ocrx_word' id='word_1_490' title='bbox 1585 2896 1666 2921; x_wconf 90' lang='lat' dir='ltr'>non</span> <span class='ocrx_word' id='word_1_491' title='bbox 1697 2896 1897 2934; x_wconf 81' lang='lat' dir='ltr'>mutatum,</span> 
     </span>
     <span class='ocr_line' id='line_1_52' title="bbox 285 2938 1897 2992; baseline 0 -14"><span class='ocrx_word' id='word_1_492' title='bbox 285 2943 377 2978; x_wconf 92' lang='lat' dir='ltr'>loco</span> <span class='ocrx_word' id='word_1_493' title='bbox 388 2949 517 2977; x_wconf 86' lang='lat' dir='ltr'>tamen</span> <span class='ocrx_word' id='word_1_494' title='bbox 531 2951 739 2988; x_wconf 85' lang='lat' dir='ltr'>moveatur,</span> <span class='ocrx_word' id='word_1_495' title='bbox 769 2941 843 2978; x_wconf 91' lang='lat' dir='ltr'>hoc</span> <span class='ocrx_word' id='word_1_496' title='bbox 861 2943 1047 2978; x_wconf 88' lang='lat' dir='ltr'>lationem</span> <span class='ocrx_word' id='word_1_497' title='bbox 1068 2941 1155 2981; x_wconf 71' lang='lat' dir='ltr'>ess&#39;e3</span> <span class='ocrx_word' id='word_1_498' title='bbox 1183 2939 1208 2978; x_wconf 80' lang='lat' dir='ltr'>si</span> <span class='ocrx_word' id='word_1_499' title='bbox 1224 2951 1402 2979; x_wconf 84' lang='lat' dir='ltr'>manente</span> <span class='ocrx_word' id='word_1_500' title='bbox 1425 2941 1462 2976; x_wconf 78' lang='grc' dir='ltr'>ὅ(</span> <span class='ocrx_word' id='word_1_501' title='bbox 1486 2940 1576 2976; x_wconf 90' lang='lat' dir='ltr'>loco</span> <span class='ocrx_word' id='word_1_502' title='bbox 1591 2941 1628 2977; x_wconf 74' lang='grc' dir='ltr'>ὅ(</span> <span class='ocrx_word' id='word_1_503' title='bbox 1652 2938 1783 2988; x_wconf 85' lang='lat' dir='ltr'>specie,</span> <span class='ocrx_word' id='word_1_504' title='bbox 1811 2952 1897 2992; x_wconf 82' lang='lat' dir='ltr'>qna·</span> 
     </span>
     <span class='ocr_line' id='line_1_53' title="bbox 284 2994 1898 3045; baseline 0 -12"><span class='ocrx_word' id='word_1_505' title='bbox 284 2997 390 3034; x_wconf 89' lang='lat' dir='ltr'>litate</span> <span class='ocrx_word' id='word_1_506' title='bbox 414 3004 593 3041; x_wconf 87' lang='lat' dir='ltr'>mutetur,</span> <span class='ocrx_word' id='word_1_507' title='bbox 623 2995 696 3032; x_wconf 89' lang='lat' dir='ltr'>hoc</span> <span class='ocrx_word' id='word_1_508' title='bbox 711 2994 973 3033; x_wconf 87' lang='lat' dir='ltr'>alterationem</span> <span class='ocrx_word' id='word_1_509' title='bbox 1001 2995 1092 3037; x_wconf 80' lang='lat' dir='ltr'>effe3</span> <span class='ocrx_word' id='word_1_510' title='bbox 1122 2994 1146 3033; x_wconf 83' lang='lat' dir='ltr'>fi</span> <span class='ocrx_word' id='word_1_511' title='bbox 1165 3008 1256 3033; x_wconf 88' lang='lat' dir='ltr'>vero</span> <span class='ocrx_word' id='word_1_512' title='bbox 1280 3008 1322 3032; x_wconf 87' lang='lat' dir='ltr'>ex</span> <span class='ocrx_word' id='word_1_513' title='bbox 1347 2996 1410 3031; x_wconf 88' lang='lat' dir='ltr'>illa</span> <span class='ocrx_word' id='word_1_514' title='bbox 1432 2995 1646 3031; x_wconf 89' lang='lat' dir='ltr'>mutatione</span> <span class='ocrx_word' id='word_1_515' title='bbox 1670 2995 1790 3032; x_wconf 86' lang='lat' dir='ltr'>moles</span> <span class='ocrx_word' id='word_1_516' title='bbox 1811 2995 1898 3045; x_wconf 79' lang='lat' dir='ltr'>ipsa,</span> 
     </span>
    </p>
   </div>
   <div class='ocr_carea' id='block_1_5' title="bbox 1839 3107 1896 3144">
    <p class='ocr_par' dir='ltr' id='par_1_7' title="bbox 1839 3107 1896 3144">
     <span class='ocr_line' id='line_1_54' title="bbox 1839 3107 1896 3144; baseline -0.035 0"><span class='ocrx_word' id='word_1_517' title='bbox 1839 3107 1896 3144; x_wconf 81' lang='lat' dir='ltr'>nis</span> 
     </span>
    </p>
   </div>
  </div>
 </body>
</html>
