2040 3439
170 221 268 272 186

480 218 573 265 DE
609 208 1056 262 AUGMENTIS
1091 204 1634 259 SCIENTIARUM.
1764 205 1956 260 Lib.V-I⁶

371 354 373 356 ,
404 315 517 355 Cont.
549 315 965 359 CONTEMPLATIO,
995 309 1158 361 speciosa
1181 308 1325 348 inertia.

402 372 534 409 BENE
565 371 742 419 cogitare,
771 379 854 404 non
875 368 1001 404 multo
1020 367 1155 403 melius
1169 364 1230 412 est,
1258 377 1373 414 quam
1386 367 1481 404 bene
1492 365 1689 403 somniare.

405 429 478 463 On
491 435 587 462 BEM
607 426 767 461 Numen
787 432 904 468 curat,
935 432 976 459 tu
996 420 1166 474 psttriam.
1232 472 1235 473 ⁷

397 481 507 521 VIR
532 477 705 529 politicus
726 478 840 514 etiam
855 477 1198 528 contemplationes
1213 475 1309 514 serit.

969 573 1146 612 Literae.
1203 575 1343 613 XXVI.

408 648 504 690 Pro.
536 651 559 688 S
574 661 589 688 1
617 649 665 687 de
680 650 788 686 rebus
804 647 973 695 minutis,
1002 648 1087 686 libri
1110 648 1233 701 scripti
1247 649 1388 696 forent,
1418 649 1475 687 vix
1498 650 1596 687 ullus
1624 648 1710 686 ess‘et
1724 646 1965 699 experientiae

356 708 448 747 usus.

410 763 536 798 Lt-:c'r
547 771 595 798 10
611 760 658 798 est
673 758 908 797 conver-finio
923 771 1011 796 cum
1027 760 1293 809 prudentibus;
1322 759 1418 797 actio
1429 760 1505 796 sere
1516 771 1603 796 cum
1619 759 1746 796 stultis.

412 818 488 855 No
500 827 529 853 N
560 817 711 853 inutiles
722 815 895 852 scientiae
911 813 1168 852 existimandae
1184 814 1280 862 sunt,
1310 828 1467 864 quarum
1493 817 1534 852 in
1549 814 1584 852 se
1604 814 1730 851 nullus
1759 812 1806 849 cst
1822 811 1915 857 usus,
1944 809 1970 849 st

359 871 511 921 ingenia
529 881 663 908 acuant
680 874 716 907 ὁ(
735 871 928 907 ordinent.

417 925 529 964 Cant.
560 928 615 963 IN
647 926 844 963 academiis
866 924 1013 962 discunt
1033 925 1194 963 credere.

415 984 490 1033 QU
500 992 558 1018 ΑΕ
581 992 750 1029 unquam
765 992 819 1017 ars
834 979 963 1018 docuit
979 979 1240 1030 tempestivum
1254 982 1342 1018 artis
1353 980 1481 1018 usum?

420 1039 608 1075 SAPERE
635 1049 677 1073 ex
706 1036 845 1085 regula,
884 1038 919 1072 ὅ(
936 1048 979 1072 cx
995 1035 1230 1087 experientia,
1258 1038 1368 1086 plane
1387 1037 1594 1073 contrariae
1609 1035 1773 1072 rationes
1789 1031 1874 1070 sunt
1888 1049 1902 1074 ,-
1931 1041 1972 1069 ut

363 1093 429 1143 qui
443 1093 549 1129 alteri
567 1091 781 1128 assuefafilus
800 1088 854 1136 fit,
882 1091 928 1128 ad
948 1092 1108 1131 alterum
1128 1090 1169 1129 fit
1183 1091 1341 1144 ineptus.

417 1148 575 1184 ARTrs
600 1142 807 1196 saepiffirne
823 1147 972 1195 ineptus
990 1145 1075 1183 usus
1090 1145 1151 1194 est,
1181 1159 1229 1184 ne
1243 1145 1284 1184 fit
1300 1147 1438 1185 nullus.

417 1205 490 1240 Ho
503 1214 527 1239 c
553 1202 630 1239 fere
645 1211 780 1239 omnes
799 1199 1000 1238 academici
1027 1201 1178 1249 habent,
1219 1212 1260 1240 ut
1289 1214 1333 1240 ex
1347 1201 1513 1256 qualibet
1543 1212 1583 1239 re
1608 1198 1751 1238 soleant
1772 1198 1972 1249 agnoscere

364 1258 469 1309 quod
484 1257 610 1305 sciant,
639 1259 676 1294 &
697 1269 776 1293 non
788 1256 975 1293 addilcere
991 1256 1096 1304 quod
1111 1256 1288 1295 nesciant.

916 1350 1209 1406 Promptitudo.
1264 1354 1420 1394 XXVII.

419 1426 516 1466 Pro.
547 1429 585 1465 O
594 1439 615 1464 1>
623 1439 643 1464 P
652 1439 678 1464 o
687 1439 715 1464 R
725 1438 748 1464 T
758 1438 786 1463 U
796 1438 826 1464 N
834 1438 861 1464 A
890 1427 1090 1479 prudentia
1103 1441 1182 1466 non
1199 1429 1259 1478 est,
1288 1442 1383 1479 quae
1399 1426 1526 1468 celeris
1541 1439 1622 1466 non
1638 1427 1698 1465 cst.

419 1485 498 1535 QU
511 1494 525 1520 1
549 1482 626 1520 cito
637 1493 744 1529 errat,
775 1483 854 1519 cito
868 1494 1038 1520 errorem
1060 1485 1249 1522 emendat.

421 1540 498 1590 QU
512 1551 525 1575 1
556 1551 598 1575 cx
613 1535 826 1589 composito
842 1539 878 1575 &
893 1551 974 1575 non
996 1539 1118 1576 obiter
1132 1541 1294 1589 prudens
1309 1540 1370 1588 est,
1399 1541 1456 1577 nil
1471 1540 1599 1587 magni
1614 1537 1712 1576 facit.

423 1593 536 1631 Cant.
566 1595 592 1630 P
602 1605 629 1630 R
640 1599 772 1630 U'DEN
782 1604 806 1629 T
817 1603 831 1629 1
841 1605 868 1630 A
888 1606 970 1632 non
985 1594 1059 1631 alte
1073 1597 1226 1646 petitur,
1255 1608 1349 1646 quae
1369 1593 1510 1645 praesto
1524 1592 1584 1631 est.

423 1651 452 1686 P
462 1662 491 1686 R
500 1661 529 1686 U
538 1661 563 1686 D
572 1660 594 1685 E
602 1659 631 1685 N
641 1660 664 1684 T
676 1659 689 1685 1
699 1660 738 1694 A,
767 1658 809 1685 ut
825 1649 938 1697 vestis,
967 1648 1067 1696 levis,
1097 1662 1191 1698 quae
1207 1651 1387 1701 expedita.

427 1705 461 1741 C
471 1716 499 1741 U
504 1716 525 1755 J
535 1715 588 1741 Us
617 1701 768 1740 confina
778 1715 858 1740 non
876 1714 1034 1742 maturat
1049 1704 1281 1753 deliberatio,
1309 1718 1380 1743 nec
1395 1702 1634 1757 prudentiam
1649 1714 1758 1741 actas.

423 1761 531 1811 QUA
543 1771 565 1796 E
589 1758 634 1795 ad
659 1759 769 1797 breve
784 1769 930 1811 tempus
946 1758 1214 1809 excogitantur,
1244 1761 1289 1798 ad
1304 1762 1416 1799 breve
1432 1771 1580 1808 tempus
1594 1760 1755 1811 placent.

790 1843 832 1885 T
825 1847 1066 1885 aciturnitas
1085 1846 1313 1899 instcretis.
1372 1849 1544 1887 XXVIII.

427 1912 524 1952 Pro.
554 1915 651 1950 TAc
661 1923 676 1950 1
686 1923 710 1949 T
720 1923 781 1949 UR
793 1923 857 1950 No
883 1915 940 1950 nil
956 1913 1145 1961 reticetur,
1173 1916 1261 1961 quia
1275 1913 1405 1952 omnia
1420 1924 1507 1951 tuto
1521 1911 1863 1950 communicantur.

425 1970 503 2021 Qu
518 1980 532 2006 1
556 1968 664 2005 facile
682 1966 851 2018 loquitur
865 1980 959 2017 quae
975 1967 1053 2014 scit,
1082 1968 1251 2018 loquitur
1267 1972 1303 2007 ὃ(
1322 1981 1415 2022 quae
1435 1968 1562 2006 nescit.

427 2025 451 2061 S
462 2036 484 2060 E
493 2036 514 2061 c
523 2035 549 2061 R
560 2035 582 2060 E
592 2035 616 2059 T
627 2035 641 2060 1
651 2035 669 2059 s
696 2022 808 2059 etiam
823 2023 995 2073 mysteria
1014 2024 1210 2062 debentur.

426 2078 539 2117 Cant.
571 2080 672 2118 VAR
684 2089 698 2115 1
708 2089 731 2115 E
741 2090 821 2115 TAs
843 2090 1000 2116 morum
1015 2078 1159 2129 optime
1173 2078 1344 2118 animum
1359 2082 1523 2119 collocat
1539 2082 1579 2117 in
1595 2078 1750 2117 secreto.

428 2136 493 2171 TA
503 2146 526 2172 c
536 2146 550 2171 1
560 2146 584 2171 T
594 2146 623 2171 U
631 2146 657 2171 R
667 2145 696 2170 N
707 2145 721 2170 1
732 2145 785 2170 TA
794 2146 812 2170 s
845 2134 1063 2171 confess'oris
1078 2134 1203 2172 virtus.

429 2191 494 2227 TA
505 2202 526 2227 c
537 2202 550 2227 1
561 2202 585 2226 T
594 2201 622 2226 U
630 2202 658 2228 R
666 2200 731 2226 No
754 2188 882 2226 onmia
897 2192 1109 2238 reticentur,
1140 2192 1228 2239 quia
1242 2188 1431 2228 silentium
1446 2191 1673 2242 rependitur.

429 2247 465 2283 T
475 2257 498 2282 E
506 2256 529 2282 c
538 2257 562 2282 ‘r
571 2252 599 2283 U
606 2257 637 2292 s,
659 2243 797 2294 ignoto
811 2244 1014 2294 proximu&

984 2339 1192 2381 Facilitas.
1247 2346 1385 2383 XXIX.

429 2403 525 2443 Pro.
556 2405 676 2443 AMo
699 2404 822 2443 virum
842 2406 970 2443 alieno
983 2405 1131 2444 affectui
1151 2407 1375 2457 obnoxium,
1405 2409 1466 2446 sed
1486 2419 1614 2446 tamen
1629 2405 1808 2454 judicium
1823 2405 1869 2442 ab
1883 2404 1985 2442 obsc-

377 2471 471 2509 qu1o
488 2471 738 2498 revocantem.

433 2517 459 2552 F
467 2528 492 2552 L
503 2527 526 2552 E
535 2527 558 2552 x
569 2527 582 2552 1
593 2528 614 2553 Β
624 2527 638 2552 1
648 2527 673 2552 L
683 2527 706 2552 E
715 2526 750 2552 M
778 2515 860 2562 effe,
889 2517 935 2553 ad
950 2526 1122 2555 naturam
1143 2518 1220 2556 auri
1235 2518 1404 2571 proxime
1419 2520 1571 2555 accedit.

435 2569 470 2607 C
470 2578 546 2607 ont.
578 2572 601 2607 F
611 2583 637 2607 A
647 2582 669 2608 c
679 2582 693 2607 1
702 2582 726 2607 L
737 2581 751 2607 1
762 2581 815 2607 TA
823 2582 853 2617 s,
883 2572 1012 2616 judicii
1034 2574 1216 2620 quaedam
1227 2577 1351 2624 inepta
1366 2575 1537 2625 privatio.

435 2626 462 2662 F
472 2637 529 2661 Ac
539 2637 552 2662 1
561 2637 585 2662 L
596 2637 610 2662 1
619 2636 690 2663 UM
714 2623 902 2673 beneficia,
931 2627 1057 2664 debita
1076 2629 1251 2666 videntur
1267 2646 1280 2670 ,-
1313 2631 1546 2678 negationes,
1574 2629 1745 2675 injuriae.

439 2681 462 2716 S
474 2691 488 2715 1
499 2692 520 2716 n
533 2692 545 2715 1
570 2680 721 2728 gratiam
739 2681 861 2728 habet,
890 2683 954 2732 qui
976 2695 996 2719 a
1010 2682 1254 2735 facilialiquid
1271 2685 1456 2735 impetrat.

438 2735 586 2771 FAcrL
598 2746 661 2771 EM
682 2748 817 2773 omncs
831 2734 1068 2775 difficultates
1087 2749 1265 2788 premunt
1282 2757 1296 2782 ‚-
1326 2752 1414 2777 nam
1431 2739 1610 2777 omnibus
1630 2738 1666 2776 se
1682 2737 1861 2790 implicat.

439 2790 465 2825 F
474 2801 499 2825 A
509 2801 531 2826 c
542 2800 554 2825 1
565 2801 588 2825 L
600 2801 613 2826 1
622 2803 638 2826 s
665 2790 741 2828 fere
759 2791 794 2828 se
809 2790 938 2842 rec-ipit
957 2805 1046 2831 cum
1061 2794 1217 2844 pudore.

965 2888 1234 2943 Popularitas.
1291 2894 1410 2932 XXX.

438 2954 533 2993 Pro.
564 2959 921 3002 PRUDENTmus
948 2966 1080 3004 eadem
1101 2967 1177 3006 fere
1205 2968 1364 3020 placent*¹
1394 2977 1430 3006 at
1454 2968 1652 3006 stultorum
1682 2966 1848 3004 varietati
1865 2973 2000 3003 occutr

386 3023 466 3049 rere
480 3014 699 3063 prudentiae
718 3015 776 3052 est.

443 3068 476 3104 C
485 3079 511 3105 o
519 3079 543 3104 L
554 3080 575 3105 E
584 3080 611 3106 R
621 3081 643 3106 E
667 3072 863 3121 populum,
891 3073 940 3111 cst
955 3076 1041 3112 coli.

720 3137 732 3162 1
1887 3129 1962 3178 Qu
1973 3136 1989 3162 1
