2040 3439
61 228 256 299 Capul.
300 237 402 282 DE
451 235 949 284 AUGMENTIS
999 228 1606 286 SCIENTIARUM'.
1708 246 1803 301 14?

63 380 66 384 ⁴
112 336 344 372 RESTANT
378 331 494 370 sortes
522 333 781 384 experimenti.
838 333 911 371 Hie
938 345 1029 370 vero
1058 334 1380 384 experimentandi
1400 336 1536 374 modus
1548 337 1661 388 plane

56 389 281 427 irrationalis
300 387 360 434 est,
390 389 427 425 ὃς
446 385 545 436 quasi
560 387 719 425 furiosus
735 401 745 428 ς
773 399 862 425 cum
878 389 1020 436 aliquid
1039 389 1196 440 experiri
1215 391 1311 428 velle
1326 391 1496 429 animum
1518 392 1657 440 subeat,-

55 455 137 492 non
159 444 245 492 quia
273 452 336 480 aut
361 442 470 488 ratio,
502 451 565 479 aut
588 442 745 490 aliquod
768 443 868 480 aliud
898 445 1198 492 experimentum
1229 455 1267 482 te
1297 446 1343 483 ad
1367 446 1461 484 illud
1484 447 1656 494 deducat,

55 495 116 536 sed
140 497 301 550 prorsuS,
329 495 414 546 quia
429 495 557 534 similis
576 508 634 533 res
653 497 773 536 adhuc
787 509 982 547 nunquam
1006 508 1150 536 tentata
1168 498 1251 536 fuit.
1306 501 1416 539 Haud
1435 511 1562 539 tamen
1578 502 1654 540 scio

55 565 104 592 an
129 554 168 590 in
195 552 263 590 hac
290 550 364 602 ipsa
387 563 427 588 re
457 550 518 598 (de
541 563 613 603 qua
638 564 741 589 nunc
771 553 929 602 agimus)
956 565 1037 590 non
1066 554 1207 602 aliquid
1231 554 1357 605 magni
1379 557 1514 593 lateat:
1543 555 1569 594 fi
1597 558 1653 596 ln·

53 619 166 658 quam
182 619 340 644 omnem
355 606 519 657 lapidem
535 606 575 643 in
594 617 726 644 natura
740 618 901 645 moveas.
962 608 1152 657 Magnalia
1172 610 1275 645 enim
1291 621 1443 648 naturae
1458 611 1536 648 fere
1551 623 1652 652 extra

54 664 129 711 vias
143 663 248 710 tritas
263 663 300 698 ὃς
315 663 454 699 orbitas
470 671 577 698 notas
589 661 723 709 jacent,
753 671 795 699 ut
810 663 925 700 etiam
940 662 1140 700 absurditas
1158 663 1210 700 rei
1224 665 1427 713 aliquando
1442 667 1554 711 juvet.
1594 668 1651 706 At

53 715 199 766 filratio
224 716 331 754 simul
354 718 569 762 comitetur,
599 715 636 752 id
662 716 721 763 est,
751 726 792 753 ut
821 716 1112 754 &manifestum
1135 715 1188 764 sit,
1217 715 1334 756 limile
1355 722 1653 769 experimentum

51 784 247 823 nunquam
267 770 592 817 tentatum'fuiffe,
621 773 658 808 &
680 782 808 808 tamen
828 769 932 808 causa
955 769 1063 808 subsit
1093 780 1240 821 magna,
1269 786 1335 811 cur
1361 785 1536 823 tentetur,
1566 785 1652 815 tum

51 839 143 866 vero
171 827 261 876 haee
289 838 343 863 res
366 838 409 863 ex
432 827 586 878 optimis
601 824 661 872 est,
693 828 729 863 δε
748 827 857 875 plane
877 823 973 864 finus
987 836 1141 863 naturae
1164 830 1316 865 excutit.
1375 830 1547 881 Exempli
1570 844 1651 880 gra-

52 883 128 922 tia‘:
169 883 213 920 In
247 882 470 932 operatione
498 882 595 930 ignis
630 880 736 930 super
774 881 932 929 aliquod
962 893 1096 932 eorpus
1127 883 1295 919 naturale
1323 883 1483 921 alterum
1510 885 1651 924 horum

52 937 224 983 haQenus
243 936 386 988 semper
410 938 546 983 evenit,
576 945 617 973 ut
639 946 700 973 aut
721 934 860 984 aliquid
877 936 1016 982 evolet,
1048 936 1177 982 (veluti
1203 936 1354 974 flamma
1383 940 1419 976 ὅ(
1442 939 1580 986 fumus,
1608 942 1652 978 in

51 991 310 1032 combustione
332 990 492 1040 vulgari)
522 1000 585 1028 aut
610 990 738 1027 saltem
761 990 825 1027 fiat
854 989 1034 1039 separatio
1056 993 1218 1041 partium
1246 993 1385 1039 localis,
1415 995 1452 1031 ὅ(
1479 994 1525 1030 ad
1554 1007 1652 1037 non„

51 1047 195 1098 nullam
215 1045 439 1093 distantiam,
468 1056 509 1083 ut
525 1047 564 1083 in
578 1045 837 1091 destillatione,
867 1046 930 1083 ubi
945 1045 1063 1082 faeces
1077 1044 1274 1094 subsident,
1303 1059 1458 1097 vapores
1473 1049 1512 1086 in
1529 1062 1650 1100 recep-

49 1103 181 1152 tacula,
217 1101 408 1152 postquam
438 1100 605 1147 luserint,-
640 1111 929 1150 congregantur.
987 1100 1042 1137 At
1072 1100 1361 1139 destillationem
1396 1103 1556 1141 clausam
1583 1105 1651 1152 (ita

50 1155 152 1195 enim
174 1168 256 1194 eam
272 1168 406 1194 vocare
421 1155 624 1208 possumus)
650 1167 769 1192 nemo
783 1154 1002 1192 mortalium
1017 1155 1138 1192 adhuc
1151 1159 1308 1193 tentavit
1326 1172 1333 1193 z
1363 1156 1574 1196 Verisimile
1590 1172 1651 1198 au-

46 1219 128 1250 'tem
143 1211 293 1250 videtur
308 1213 386 1248 vim
402 1211 547 1257 caloris,
576 1208 601 1247 fi
617 1212 714 1247 intra
728 1210 878 1247 claustra
892 1212 1076 1259 corporis,
1106 1210 1165 1247 sua
1181 1210 1218 1247 in
1242 1213 1436 1249 alter-ando
1459 1214 1544 1251 edat
1566 1214 1651 1252 faci-

50 1279 169 1310 nora3
197 1278 284 1304 cum
305 1279 374 1303 nec
389 1267 524 1312 jastura
543 1265 607 1302 fiat
621 1263 804 1317 corporis,
834 1277 904 1302 nec
924 1267 1037 1302 etiam
1053 1265 1249 1306 liberati03
1278 1277 1362 1303 tum
1377 1267 1534 1306 demum
1549 1269 1652 1308 hunc

50 1322 227 1366 materiae
239 1322 433 1368 Proteum,
461 1321 578 1359 veluti
599 1321 755 1357 manicis
775 1320 986 1367 detentum,
1013 1321 1057 1357 ad
1072 1322 1284 1372 complures
1303 1323 1654 1364 transformationes

49 1376 272 1423 adasturam,
301 1375 327 1413 fi
343 1377 464 1413 modo
478 1376 581 1412 calor
596 1375 646 1412 ita
660 1385 891 1426 temperetur
918 1377 955 1411 &
976 1376 1192 1422 alternetur,
1224 1386 1264 1413 ut
1285 1388 1366 1423 non
1385 1376 1447 1415 fiat
1475 1378 1651 1418 vasorum

51 1429 272 1486 eonfraeiiO.
327 1423 387 1468 Est
413 1432 518 1467 enim
541 1430 631 1467 haec
650 1442 707 1466 res
723 1431 870 1467 matrici
891 1427 1018 1465 similis
1042 1432 1215 1477 naturali,
1243 1431 1309 1467 ubi
1333 1432 1436 1469 calor
1462 1444 1650 1482 operatur,

49 1485 149 1535 nihil
172 1487 342 1535 corporis
367 1495 428 1522 aut
444 1485 634 1522 emittitur
648 1494 710 1522 aut
731 1484 918 1534 separatur
935 1497 943 1520 :
972 1481 1054 1522 Nisi
1073 1485 1177 1535 quod
1197 1487 1238 1522 in
1261 1487 1416 1522 matrice
1445 1489 1650 1533 conjunga-

48 1551 110 1578 tur
137 1539 400 1581 alimentati03
429 1551 560 1577 verum
582 1549 763 1590 quatenus
786 1540 830 1577 ad
851 1536 1060 1578 versionem
1088 1539 1219 1576 eadem
1243 1552 1300 1577 res
1323 1540 1481 1578 videtur.
1538 1529 1651 1581 Tales

49 1595 161 1647 igitur
177 1593 262 1633 sunt
283 1595 397 1632 sortes
417 1593 677 1644 experimenti.
815 1639 817 1642 v
955 1638 958 1641 Ι

103 1651 257 1688 ILLUD
285 1648 449 1697 interim,
479 1650 575 1686 circa
603 1647 818 1692 huiusmodi
835 1647 1103 1699 experimenta,
1130 1648 1359 1691 monemu33'
1387 1650 1428 1690 ut
1444 1664 1561 1690 nemo
1576 1642 1654 1691 ani-

49 1718 118 1744 mo
137 1705 325 1752 concidat,
344 1715 416 1741 aut
443 1702 541 1754 quali
566 1703 832 1750 confundatur,
861 1702 886 1742 fi
910 1705 1175 1754 experimenta,
1204 1704 1337 1754 quibus
1361 1707 1561 1754 incumbit,
1592 1721 1652 1746 cx-

48 1758 247 1811 pecta'tioni
265 1759 346 1797 suae
363 1772 445 1797 non
466 1759 729 1808 respondeant.
788 1757 941 1796 Etenim
956 1759 1060 1808 quod
1076 1758 1251 1807 succedit,
1281 1763 1400 1810 magis
1416 1764 1651 1812 complacet;

48 1827 85 1855 at
102 1815 207 1866 quod
223 1827 303 1852 non
319 1814 493 1862 succedit,
524 1815 791 1863 saepenumero
811 1826 893 1851 non
908 1815 1034 1851 minus
1049 1815 1245 1852 informat.
1300 1815 1431 1864 Atque
1451 1818 1544 1855 illud
1560 1817 1653 1855 sem-

50 1883 117 1924 per
139 1871 180 1907 in
208 1871 339 1907 animo
362 1870 582 1916 tenendum,
613 1869 731 1917 (quod
747 1878 931 1920 perpetuo
946 1870 1189 1917 inculcamus)
1215 1868 1469 1919 experimenta
1498 1873 1652 1911 lucifera

0 1933 7 1939 ”
48 1927 162 1967 ctiam
177 1924 297 1962 adhue
317 1924 434 1974 magis
449 1937 563 1972 quam
588 1923 774 1962 fruCtifera
794 1924 996 1961 ambienda
1012 1924 1092 1961 ess'c.
1148 1926 1280 1973 Atque
1308 1925 1354 1962 de
1378 1927 1522 1963 litei-ata
1546 1939 1650 1978 expe-

53 1982 186 2021 rientia
212 1979 301 2016 haec
324 1980 420 2016 dieta
440 1978 520 2026 lint,
550 1991 645 2027 quae
680 1980 734 2025 (ut
758 1980 831 2023 jam
857 1988 943 2015 ante
970 1977 1143 2026 diximus)
1175 1979 1347 2029 sagacitas
1369 1981 1497 2029 potius
1521 1982 1580 2028 est,
1611 1983 1649 2021 ὃς

50 2036 224 2074 odoratio
240 2035 422 2082 quaedam
441 2037 620 2081 venatica,
635 2045 747 2084 quam
763 2033 926 2070 scientia.
983 2035 1042 2070 De
1063 2046 1166 2072 novo
1182 2046 1329 2083 organo
1344 2046 1469 2072 autem
1490 2033 1650 2084 memus,

50 2102 172 2140 neque
191 2089 238 2126 de
258 2101 306 2126 eo
326 2089 523 2138 quiequam
546 2090 820 2141 praelibamu33
848 2089 1032 2136 quoniam
1051 2089 1098 2125 de
1127 2101 1174 2125 eo
1203 2088 1303 2133 (cum
1328 2088 1370 2126 sit
1396 2101 1451 2126 res
1473 2089 1649 2130 omnium

49 2143 226 2193 maxima)
256 2156 350 2196 opus
380 2146 570 2194 integrum
598 2144 802 2192 (annuente
829 2143 967 2182 favore.
982 2143 1127 2192 divino)
1162 2143 1347 2181 conficere
1371 2145 1482 2182 nobis
1511 2147 1551 2182 in
1571 2148 1647 2183 ani-

48 2214 117 2241 mo
141 2200 201 2239 est.

49 2447 231 2494 ‘Partitio
257 2455 493 2493 inventivae
512 2459 831 2506 argumentorum,
863 2453 904 2490 in
920 2451 1229 2505 promptuariam
1247 2447 1293 2492 ch*
1309 2450 1484 2502 topicam.
1542 2447 1649 2487 ‘Par-⁷

58 2514 62 2517 *
100 2511 193 2548 titio
221 2510 381 2562 topicae,
412 2510 453 2547 in
468 2506 689 2561 generalem
714 2504 761 2549 ὠ
775 2505 1067 2560 particularem.
1124 2504 1357 2558 Exemplum
1386 2505 1533 2557 topicae
1552 2512 1645 2557 par-

55 2568 61 2573 ·
84 2563 290 2612 similaris,
319 2566 360 2604 in
384 2561 625 2617 inqmfitione
652 2560 698 2600 de
718 2562 844 2615 gravi
875 2558 922 2605 ἔγ
951 2560 1045 2601 levi.

100 2706 377 2745 NVENTIO
407 2714 731 2754 argumentorum,
760 2704 933 2741 inventio
954 2702 1103 2753 proprie
1132 2713 1212 2739 non
1239 2699 1300 2739 cst,
1352 2697 1522 2737 Invenire
1538 2700 1643 2737 enim

125 2760 174 2798 est
196 2763 326 2810 ignota
349 2761 534 2809 detegere,
563 2771 644 2796 non
670 2769 756 2795 ante
785 2759 936 2807 cognita
958 2756 1119 2806 recipere
1147 2766 1210 2793 aut
1241 2766 1423 2792 revocare.
1481 2754 1642 2799 Huiusce

45 2826 171 2854 autem
191 2814 420 2853 inventionis
436 2814 519 2851 usus
538 2824 649 2862 atque
666 2810 835 2850 officium
852 2825 933 2849 non
957 2812 1056 2849 aliud
1072 2811 1229 2857 videtur,
1259 2822 1372 2858 quam
1388 2820 1434 2846 cx
1455 2809 1562 2845 malla
1578 2808 1641 2845 sci-

45 2872 179 2917 entiae,
208 2882 302 2918 quae
323 2871 362 2906 in
377 2871 509 2906 animo
523 2867 693 2918 congesta
713 2870 749 2905 ὅ(
766 2866 958 2904 recondita
972 2866 1032 2912 cst,
1061 2878 1103 2902 ea
1123 2877 1215 2914 quae
1240 2866 1284 2902 ad
1311 2877 1390 2901 rem
1407 2874 1469 2901 aut
1490 2863 1641 2911 quaesti-

45 2936 161 2964 onem
176 2923 377 2962 institutam
393 2923 546 2969 faciunt,
575 2924 723 2960 dextere
739 2923 971 2972 depromere.
1028 2922 1129 2958 Nam
1146 2921 1205 2957 eui
1222 2931 1350 2969 parum
1371 2929 1436 2957 aut
1455 2919 1563 2963 nihil,
1592 2918 1638 2954 de

45 2977 208 3025 subicito
223 2980 326 3028 quod
342 2980 584 3030 proponitur,
606 2978 788 3023 innotuit,
809 2978 843 3013 ei
857 2978 931 3013 loci
944 2977 1173 3012 inventionis
1188 2987 1269 3012 non
1284 2973 1439 3027 prosunt
1457 2987 1466 3014 3
1494 2984 1638 3017 eontra,

44 3036 103 3079 cui
127 3034 234 3071 domi
256 3044 423 3083 paratum
443 3034 503 3079 est,
532 3033 636 3081 quod
659 3032 704 3069 ad
725 3043 806 3068 rem
822 3031 952 3068 adduci
975 3026 1112 3080 poliit3
1144 3032 1171 3066 is
1193 3031 1306 3067 etiam
1322 3028 1458 3077 absque
1482 3037 1570 3071 arte,
1601 3029 1638 3062 δε

45 3090 137 3126 locis
166 3090 410 3136 inventionis,
439 3097 658 3140 argumenta
677 3086 830 3125 tandem
856 3086 957 3131 (licet
980 3097 1059 3123 non
1084 3086 1135 3122 ita
1162 3082 1328 3135 expedite
1355 3086 1389 3121 Se
1414 3081 1636 3127 commode)

55 3184 61 3188 ,
96 3145 204 3184 Vos..
236 3145 262 3180 I.
766 3143 807 3196 ‘T
843 3152 860 3177 z
1539 3147 1639 3186 repe<
