2040 3439
141 150 234 198 312

647 127 975 177 NovuM
1047 126 1540 173 ORGANUM.
1773 126 1923 197 Lib-¹·

373 229 411 267 A
423 240 551 281 Tque
570 227 716 267 videtur
736 234 871 263 notatu
890 223 1050 272 dignum
1071 223 1112 260 in
1129 223 1367 261 Solomone÷
1398 221 1501 270 quod
1517 233 1604 259 cum
1625 220 1797 271 imperio,
1822 237 1925 272 auro,
1982 257 1988 270 ,

322 284 601 328 magnificentia
631 292 803 334 operum,
833 278 1021 324 satellitio,
1051 276 1253 323 famulitio,
1283 276 1388 314 classe
1414 275 1574 326 insuper,
1608 279 1836 316 &nominis
1859 282 1927 318 cla-

323 328 444 386 ritaie,
474 351 514 376 ac
545 337 691 375 summa
713 333 917 373 hominum
939 331 1187 370 admiratione
1208 332 1382 372 florerem
1411 341 1540 368 tamen
1562 330 1655 368 nibil
1673 332 1811 370 horum
1831 334 1928 372 dele-

325 397 422 441 gerit
442 392 506 431 fibi
524 392 569 429 ad
589 391 765 441 gloriam,
786 389 847 426 sed
869 389 920 425 ita
943 389 1270 437 pronunciaverit:
1301 384 1476 424 Gloriam
1491 384 1580 424 ‘Dei
1595 383 1676 437 effe,
1692 385 1816 425 celare
1829 392 1927 432 ream

318 438 487 503 {gloriam
510 446 624 498 regis,
653 441 888 495 investigare
910 454 999 480 rem.

378 506 574 541 Rurzsus
606 499 650 551 (fi
670 500 801 549 placet)
833 508 978 547 reputet
1006 495 1199 546 quispiam,
1228 506 1413 545 quantum
1442 494 1582 534 interiit
1610 496 1707 533 inter
1726 484 1951 537 hominumv

326 561 440 596 vitam
457 559 499 594 in
519 552 765 594 excultiffima
785 555 959 602 quapiam
989 553 1161 601 Europae
1179 553 1384 603 provincia,
1416 554 1451 588 &
1485 553 1525 588 in
1554 550 1707 600 regione
1727 554 1848 601 aliqua
1862 556 1930 592 no-

326 625 392 650 vae
412 612 539 649 Indiae
562 612 725 647 maxime
744 609 821 645 fera
841 610 877 645 &
899 607 1047 644 barbara
1065 621 1073 643 :
1102 608 1154 643 Ea
1173 617 1322 644 tantum
1351 606 1500 643 differre
1529 607 1760 654 existimabit,
1789 618 1830 645 ut
1854 603 1930 647 'me-

328 667 404 704 rito
433 667 633 704 hominem
656 663 807 703 homini
835 663 948 700 deum
983 661 1065 708 efl'e,
1094 673 1175 698 non
1204 661 1329 699 solum
1357 672 1510 711 propter
1538 660 1718 699 auxilium
1737 664 1773 700 ὃ(
1798 663 1931 713 benefi-

327 723 443 770 cium,
474 721 535 759 sed
556 719 667 758 etiam
684 732 749 771 per
763 718 871 756 status
890 718 1227 767 comparationem,
1244 717 1342 754 recte
1361 713 1571 768 diciposs'it.
1613 716 1742 768 Atque
1757 717 1832 756 hoc
1850 712 1931 757 non

328 777 465 824 solum,
495 789 576 814 non
605 776 769 821 coelum,
798 784 879 810 non
903 784 1093 822 corpora3
1121 771 1184 809 sed
1207 782 1303 809 artes
1331 771 1518 824 praestant.

383 835 591 879 RURsus,
621 829 697 868 vim
726 828 764 866 &
788 830 965 867 virtutem
983 830 1019 865 <Sc
1049 826 1333 876 consequentias
1367 839 1492 865 rerum
1523 829 1764 866 inventarum
1797 837 1932 877 notare

328 889 442 935 juvat,
477 899 571 936 quae
598 898 678 923 non
706 886 745 922 in
766 883 845 921 aliis
872 882 1097 920 manifestius
1125 892 1337 928 occurrunt,
1367 894 1479 930 quam
1510 884 1549 919 in
1579 883 1651 919 illis
1681 883 1810 930 tribus,
1839 896 1932 932 quae

313 941 487 992 'antiquis
507 941 748 991 incognitae3
783 941 989 987 &quarum
1009 937 1227 989 primordia,
1249 936 1332 974 iicet
1349 939 1522 985 recentia,
1549 938 1704 976 obscura
1719 937 1933 988 &ingloria

328 998 434 1036 sunt:
466 997 571 1034 Artis
609 997 793 1033 nimirum
829 991 1082 1042 imprimendi,
1110 993 1272 1043 pulveris
1291 995 1543 1039 tormentarii,
1574 995 1611 1030 &
1639 1005 1724 1030 acus
1751 994 1931 1032 nauticae.

331 1055 434 1090 Haec
449 1054 554 1090 enim
568 1053 651 1097 tria,
680 1061 804 1087 rerum
825 1048 958 1085 faciem
977 1050 1012 1085 ὃ(
1026 1046 1158 1085 statum
1174 1049 1214 1085 in
1244 1048 1335 1085 orbe
1363 1057 1547 1086 terrarum
1568 1058 1807 1086 mutaverunt
1825 1063 1832 1086 :
1861 1051 1932 1099 pri-

332 1120 453 1154 mum,
483 1109 523 1144 in
544 1119 583 1143 re
600 1106 783 1143 literaria:
813 1103 1031 1149 secundum,
1047 1104 1087 1139 in
1103 1114 1142 1139 re
1163 1101 1317 1140 bellica:
1347 1105 1515 1150 tertium,
1545 1105 1585 1140 in
1608 1105 1931 1153 navigationibus:

333 1163 453 1203 Unde
474 1164 696 1199 innumerae
724 1170 850 1196 rerum
880 1159 1108 1196 mutationes
1133 1156 1307 1208 sequutae
1342 1157 1441 1205 sunt,
1470 1168 1513 1196 ut
1539 1171 1620 1195 non
1646 1160 1846 1208 imperium
1875 1158 1935 1196 ali-

332 1218 450 1268 quod,
480 1229 562 1254 non
581 1216 684 1261 ledia,
715 1226 796 1251 non
815 1211 914 1250 stella
934 1214 1117 1257 majorem
1147 1209 1349 1250 efficaciam
1371 1215 1407 1250 ὅ(
1427 1212 1524 1262 quasi
1541 1213 1726 1251 influxum
1747 1213 1853 1268 super
1878 1227 1935 1252 res

335 1272 516 1310 humanas
539 1269 733 1309 exercuisse
752 1269 932 1314 videatur,
961 1280 1074 1316 quam
1101 1266 1162 1304 ista
1189 1268 1405 1305 mechanica
1428 1279 1681 1307 exercuerunt.
1767 1275 1770 1279 “
1865 1271 1898 1324 j

391 1328 420 1364 P
430 1339 525 1364 RAE
539 1337 697 1363 TEREA
719 1336 799 1361 non
816 1323 877 1360 abs
897 1335 936 1359 re
951 1321 1074 1370 fuerit,
1105 1324 1175 1360 tria
1186 1322 1386 1360 hominum
1401 1323 1619 1361 ambitionis
1638 1336 1774 1374 genera
1789 1327 1824 1362 ὅ(
1838 1319 1938 1374 quasi

334 1382 469 1431 gradus
483 1382 718 1430 distinguere.
775 1378 944 1417 Primum
969 1390 1115 1425 eorum,
1145 1379 1208 1426 qui
1232 1380 1423 1428 propriam
1447 1381 1660 1431 potentiam
1681 1381 1721 1416 in
1735 1381 1853 1431 patria
1876 1380 1939 1418 sua

335 1437 561 1488 amplificare
595 1434 772 1485 cupiunt3
807 1433 911 1483 quod
931 1445 1048 1482 genus
1076 1434 1224 1482 vulgare
1250 1432 1299 1470 est
1332 1435 1368 1470 &
1401 1434 1575 1483 degener.
1632 1435 1845 1472 Secundum
1875 1447 1939 1472 eo-

334 1505 433 1540 rum,
464 1490 528 1544 qui
556 1489 692 1541 patriae
711 1488 920 1539 potentiam
944 1491 980 1525 δε
1001 1487 1201 1539 imperium
1222 1488 1319 1526 inter
1339 1488 1547 1526 humanum
1573 1502 1689 1539 genus
1714 1490 1940 1542 amplificare

332 1549 538 1585 nituntur:
568 1546 665 1583 Illud
684 1547 767 1595 plus
797 1554 897 1582 certe
920 1543 1030 1581 habet
1059 1543 1259 1592 dignitatis,
1284 1545 1494 1593 cupiditatis
1509 1545 1606 1582 haud
1630 1542 1765 1582 minus.
1821 1545 1941 1598 Quod

333 1601 361 1640 fi
386 1604 468 1651 quis
494 1602 650 1640 humani
671 1601 817 1651 generis
832 1597 940 1648 ipsius
954 1597 1163 1648 potentiam
1179 1601 1215 1636 ὅ(
1237 1597 1437 1648 imperium
1457 1601 1497 1636 in
1518 1612 1643 1638 rerum
1667 1598 1942 1638 universitatem

334 1658 533 1695 instaurare
549 1659 586 1694 ὃς
604 1655 829 1706 amplificare
849 1664 1027 1695 conetur3
1057 1665 1098 1691 ea
1125 1654 1377 1703 proculdubio
1400 1653 1559 1692 ambitio
1589 1653 1632 1706 (fi
1654 1656 1776 1693 modo
1800 1657 1851 1693 ita
1875 1667 1941 1694 vo—

335 1713 453 1750 canda
483 1710 543 1760 fit)
565 1712 717 1759 reliquis
735 1712 772 1748 &
800 1709 923 1747 sanior
938 1709 986 1746 est
1014 1711 1051 1746 &
1083 1708 1275 1758 augustior.
1332 1708 1507 1747 Hominis
1524 1721 1651 1748 autem
1675 1709 1876 1760 imperium
1898 1712 1941 1748 in

338 1780 409 1814 res,
430 1766 468 1804 in
485 1766 569 1804 solis
588 1765 726 1804 artibus
756 1767 793 1802 ὃς
813 1765 976 1802 scientiis
1000 1765 1180 1815 ponitur:
1211 1766 1379 1803 Naturae
1403 1763 1504 1802 enim
1529 1778 1611 1802 non
1636 1763 1846 1816 imperatur,
1874 1763 1943 1804 nifi

338 1823 519 1872 parendo.
1649 1819 1651 1823 ’

393 1878 559 1914 PRAET
572 1888 710 1924 EREA,
727 1874 752 1912 fi
773 1874 880 1913 unius
895 1876 1047 1920 alicujus
1061 1872 1287 1924 particularis
1308 1874 1451 1914 inventi
1473 1875 1609 1913 utilitas
1624 1874 1673 1913 ita
1693 1875 1867 1914 homines
1891 1875 1942 1914 af-

338 1932 481 1980 fecerit,
511 1942 552 1970 ut
569 1944 670 1977 eum,
703 1933 767 1980 qui
787 1943 902 1980 genus
926 1930 1136 1967 humanum
1163 1931 1377 1968 universum
1407 1931 1589 1968 beneficio
1609 1932 1735 1983 aliquo
1755 1930 1943 1970 devincire

337 1986 515 2038 potuerit,
543 1985 702 2024 homine
737 1987 923 2031 majorem
963 1983 1199 2035 putaverint3
1240 1996 1385 2034 quanto
1414 1984 1538 2024 CClfiuS
1566 1987 1767 2025 videbitur?
1779 1988 1852 2024 tale
1878 1987 1942 2024 ali-

338 2043 430 2091 quid
450 2041 629 2088 invenire,
660 2054 727 2094 per
749 2041 852 2092 quod
872 2043 943 2078 alia
970 2041 1100 2078 omnia
1115 2039 1282 2092 expedite
1302 2040 1459 2078 inveniri
1479 2038 1646 2091 possint?
1674 2042 1721 2080 Et
1743 2052 1869 2080 tamen
1887 2042 1943 2088 (ut

335 2109 466 2135 verum
490 2096 655 2134 omnino
683 2094 866 2144 dicamus)
904 2096 1229 2147 quemadmodum
1261 2095 1334 2133 luci
1355 2108 1532 2146 maguam
1564 2097 1744 2134 habemus
1773 2096 1942 2147 gratiam,

336 2153 441 2201 quod
462 2165 528 2204 per
562 2164 646 2189 earn
672 2153 748 2189 vias
774 2153 882 2197 inire,
921 2162 1018 2188 artes
1052 2163 1233 2198 exercere,
1267 2152 1401 2201 legere,
1435 2164 1505 2189 nos
1535 2151 1696 2189 invicem
1724 2151 1945 2202 dignoscere

336 2203 535 2257 poffimus,
579 2209 615 2245 ὅ(
639 2205 890 2244 nihilominus
918 2206 993 2255 ipsa
1020 2204 1110 2243 viiio
1132 2207 1227 2243 lueis
1251 2218 1307 2243 res
1333 2206 1574 2256 praestantior
1605 2207 1653 2244 est
1675 2209 1711 2244 ὅ(
1739 2207 1943 2257 pulchrior,

336 2274 452 2310 quam
481 2261 677 2313 multiplex
702 2262 778 2307 ejus
797 2261 904 2298 usus:
932 2263 987 2298 Ita
1007 2271 1108 2298 certe
1142 2260 1217 2310 ipsa
1242 2263 1516 2311 contemplatio
1547 2274 1685 2309 rerum,
1714 2273 1826 2314 prout
1847 2262 1944 2310 sun't,

337 2315 413 2354 fine
442 2317 699 2369 superstitione
735 2326 798 2354 aut
823 2317 1034 2367 impostura,
1066 2329 1190 2354 errore
1218 2327 1281 2353 aut
1314 2315 1547 2365 confufione,
1582 2319 1622 2354 in
1651 2317 1687 2354 se
1716 2317 1790 2369 ipsa
1827 2319 1945 2368 magis

336 2370 450 2421 digna
464 2373 513 2409 est
535 2384 651 2421 quam
676 2370 866 2409 universus
886 2373 1132 2409 inventorum
1161 2372 1309 2408 frueius.
1838 2382 1839 2385 ’

392 2427 546 2464 Posrn
561 2438 660 2464 ΕΜο
690 2425 800 2475 fiquis
829 2427 1137 2478 depravationem
1152 2425 1389 2464 scientiarum
1410 2430 1446 2464 δε
1467 2426 1602 2464 artium
1627 2427 1670 2463 ad
1701 2426 1884 2465 malitiam
1907 2430 1944 2466 &

336 2481 532 2528 luxuriam,
566 2485 602 2519 ὃς
617 2480 759 2528 similia,
790 2481 994 2526 objecerim
1030 2482 1068 2518 id
1092 2483 1287 2518 neminem
1311 2493 1472 2519 moveat.
1529 2482 1624 2519 Illud
1642 2483 1745 2518 enim
1761 2483 1807 2519 de
1823 2481 1945 2520 omni-

338 2535 406 2571 bus
434 2535 632 2573 mundanis
658 2537 767 2573 bonis
790 2538 864 2573 dici
885 2537 1015 2588 potest,
1045 2535 1210 2586 ingenio,
1239 2537 1473 2583 fortitudine,
1504 2536 1651 2582 viribus,
1691 2537 1827 2584 forma,
1854 2538 1945 2575 divi-

338 2588 409 2635 tiis,
439 2592 521 2628 luce
545 2592 632 2642 ipfir,
665 2594 701 2628 ὅ(
722 2591 881 2640 reliquis.
939 2594 1149 2642 Rccuperct
1165 2592 1285 2628 modo
1305 2604 1422 2641 genus
1438 2592 1647 2629 humanum
1678 2593 1734 2637 jus
1767 2591 1874 2630 suum
1901 2595 1943 2630 in

338 2654 521 2692 naturam,
548 2647 652 2695 quod
683 2645 716 2683 ei
739 2659 782 2684 ex
811 2647 1008 2685 dotatione
1033 2648 1159 2683 divina
1182 2646 1388 2698 competit3
1420 2649 1456 2684 &
1481 2648 1589 2684 detur
1615 2648 1647 2683 ci
1677 2646 1806 2697 copi-a:
1838 2648 1944 2685 usum

338 2710 430 2736 vero
452 2701 546 2736 reeta
572 2703 668 2738 ratio
690 2703 726 2737 ὃ(
751 2702 835 2739 sana
856 2703 988 2751 religio
1013 2702 1248 2751 gubernabit.

394 2754 548 2791 CXXX.
578 2754 678 2806 JAM
707 2769 799 2793 vero
829 2767 976 2808 tempus
1002 2757 1061 2802 cst,
1096 2768 1136 2794 ut
1169 2768 1294 2809 artem·
1322 2757 1435 2808 ipsam
1463 2757 1731 2806 interpretandi
1772 2767 1944 2794 naturam

335 2819 593 2859 proponamus
610 2824 616 2845 z
646 2809 684 2847 in
706 2823 778 2858 qua
807 2811 892 2848 licet
909 2825 980 2849 nos
1000 2808 1189 2850 utilissima
1210 2814 1247 2849 <Sc
1267 2809 1385 2849 νει-ΜΠ
1394 2824 1453 2849 ma
1472 2811 1687 2864 praecepisti:
1703 2812 1945 2853 arbitremur;

333 2873 462 2899 tamen
484 2860 736 2901 necellitatem
765 2868 798 2902 ei
820 2866 1028 2904 absolutam
1060 2868 1114 2914 (ac
1145 2865 1168 2904 fi
1191 2866 1326 2914 absque
1348 2880 1388 2903 ca
1414 2866 1464 2903 nil
1492 2866 1547 2915 agi
1570 2862 1700 2917 poilit)
1732 2878 1791 2903 aut
1829 2869 1942 2904 etiarn

333 2916 600 2968 perfc‘Ctionem
617 2930 698 2955 non
722 2922 975 2959 attribuimus.
1032 2921 1184 2959 Etenim
1206 2924 1246 2958 in
1267 2934 1308 2958 ca
1324 2921 1504 2971 opinione
1523 2922 1646 2957 sumus
1662 2937 1675 2962 ς
1701 2919 1724 2957 fi
1741 2922 1867 2964 justam
1885 2934 1944 2959 na-

333 2982 437 3010 turae
457 2974 493 3011 ὅ(
512 2971 760 3024 experientiae
775 2974 970 3014 historiam
998 2976 1138 3028 praesto
1160 2977 1340 3014 haberent
1363 2975 1546 3022 homines,
1574 2987 1683 3024 atque
1708 2978 1746 3012 iu
1774 2990 1814 3013 cn.
1844 2978 1946 3014 ledu-

1904 3033 1946 3068 lo

1635 3097 1655 3135 5

1962 0 1970 18 a

1965 103 1975 151 i

1966 153 1982 190 Qu

1969 178 1978 248 l

1970 235 1979 305 ¹il

1971 311 1977 336 2

1977 254 1983 376 i
2039 280 2040 315 ἕ
