2040 3439
52 225 289 314 &aaut
359 240 462 290 DE
508 221 1013 286 AUGMENTIS
1057 238 1663 302 ε,(31ΕΝΤ1111111111.Ὶ
1767 256 1859 304 255

77 346 152 384 que
170 329 416 387 praetoribuS,
445 330 507 367 sed
530 330 680 380 regibus
705 331 742 366 &
768 328 1009 368 sanctioribus
1034 328 1209 376 consiliis,
1239 326 1481 383 &supremis
1502 332 1684 382 potestati-

73 388 147 432 ‘bua
175 387 356 438 auxilium
383 385 586 438 praebendi
613 386 669 432 jus
697 385 791 423 esto:
821 397 949 422 earum
980 387 1241 422 executionem
1271 398 1336 436 per
1371 385 1485 424 edicta
1520 398 1580 424 aut
1610 389 1688 424 aeia

74 442 351 494 suspendendo,
381 441 506 478 donec
522 441 675 478 redeant
694 441 862 487 comitia,
891 450 952 477 aut
968 439 1182 485 hujusmodi
1202 452 1343 488 coetus,
1371 441 1434 493 qui
1463 440 1684 494 potestatem

81 499 239 538 habeant
255 509 314 534 eas
331 495 554 546 abrogandi5
583 507 632 534 ne
653 495 745 533 lalus
759 494 889 548 populi
903 493 1053 532 interim
1067 496 1310 546 periclitetur.'
1453 488 1456 492 ’

613 579 687 619 De
709 581 824 619 novis
839 578 994 634 dlgestl's
1015 580 1148 634 legum.

79 658 104 712 ,J
135 652 282 709 Aphor.
302 666 364 706 59.
394 657 548 708 QUOD
586 655 612 693 si
644 657 742 706 leges
765 658 856 694 aliae
879 656 985 708 super
1012 656 1096 694 alias
1120 658 1382 702 accumulatae,
1413 657 1452 692 in
1482 667 1559 693 tam
1588 654 1682 693 vasta

65 710 312 755 ,excreverint
339 710 545 759 volumina,
576 718 638 749 aut
666 721 769 749 tanta
797 710 1015 749 confusione
1045 713 1307 758 laboraverint,
1338 721 1379 748 ut
1400 723 1458 746 eas
1473 713 1517 748 de
1534 713 1686 760 integro

67 766 293 817 attractare,
323 768 359 803 ὃ(
391 767 429 802 in
453 778 587 816 corpus
603 766 732 804 sanum
750 768 786 803 ὅ(
815 764 938 804 habile
965 765 1129 816 redigere
1163 779 1204 804 ex
1221 767 1287 804 usu
1307 764 1367 806 sits
1396 766 1434 801 id
1450 777 1534 803 ante
1563 766 1692 803 onmia

67 816 199 871 -agi'rO,
229 830 340 869 atque
356 833 447 872 opus
476 820 661 866 ejusmodi
688 833 781 870 opus
797 821 990 859 heroicum
1007 821 1100 859 esto:
1130 821 1260 869 Atque
1289 820 1465 858 authores
1493 822 1574 858 talis
1605 833 1690 870 ope-

83 879 135 914 ris
154 877 255 913 inter
272 877 363 925 legis
383 878 518 913 latores
535 878 570 913 ὅ(
586 876 844 913 instauratores
862 877 930 913 rite
947 879 982 913 &
1003 875 1143 913 merito
1168 886 1426 912 numerantor.

136 927 286 983 Aphor.
304 933 368 968 60.
400 933 435 968 H
450 943 477 968 U
486 943 507 982 J
520 943 577 969 us
591 942 625 967 M
638 942 663 968 ο
676 943 702 968 D
716 942 730 968 1
747 932 874 980 legum
894 929 1111 982 expurgatio
1128 933 1161 967 &
1185 930 1368 979 digestum
1399 941 1556 976 novum,
1586 929 1691 978 quin-

83 997 159 1039 que
182 987 297 1039 rebus
324 986 551 1026 absolvitur..
598 984 740 1032 Primo,
770 987 996 1022 omittantur
1025 986 1205 1031 obsoleta,
1234 997 1328 1035 quae
1361 983 1579 1033 Iustinianus
1600 987 1691 1021 anti-

101 1032 331 1079 ‘ixa‘a'fabulas
359 1052 479 1079 vocat.
535 1041 684 1078 Deinde
701 1053 743 1078 ex
765 1040 984 1078 antinomiis
1009 1039 1233 1092 recipiantur
1249 1031 1538 1089 probatilliinae,
1567 1039 1691 1076 abole-

112 1148 114 1151 .
136 1091 195 1146 sur
219 1099 440 1134 contrariae.
495 1098 630 1134 Tertio
658 1095 987 1143 homoionomiae,
1016 1094 1085 1133 five
1103 1097 1200 1145 leges
1221 1107 1314 1143 quae
1339 1093 1440 1130 idem
1462 1093 1608 1140 sonant,
1637 1105 1688 1131 at-

76 1187 77 1190 ,
104 1147 161 1188 'ia
187 1152 244 1188 nil
271 1150 369 1190 aliud
405 1151 488 1190 sunt
504 1163 617 1200 quam
637 1150 853 1188 iterationes
876 1150 1039 1195 ejusdem
1070 1152 1136 1196 rei,
1173 1159 1448 1200 expungantur5
1477 1159 1587 1197 atque
1619 1162 1693 1187 una

77 1205 280 1261 -qqaepiam
303 1207 416 1254 exiis,
444 1219 537 1256 quae
552 1207 735 1244 maximae
751 1206 798 1244 est
818 1206 990 1256 perfedh,
1021 1204 1220 1243 retineatur
1235 1206 1314 1242 vice
1329 1202 1516 1241 omnium.
1572 1205 1690 1256 Quar-

80 1257 149 1315 10')
171 1259 198 1311 fi
225 1273 319 1311 quae
339 1264 466 1312 legum
480 1260 576 1299 nihil
594 1259 856 1307 determinent,
886 1260 947 1298 scd
958 1260 1186 1309 quaestiones
1202 1269 1348 1296 tantum
1366 1270 1591 1307 proponant,
1622 1259 1692 1296 cas—

86 1310 161 1369 qu'e
181 1315 395 1371 relinquant
419 1315 612 1362 indecisas,
640 1314 809 1354 similiter
838 1316 1021 1355 faeess'ant.
1077 1313 1288 1360 Postremo,
1317 1325 1412 1362 quae
1441 1312 1614 1351 verbosae
1639 1316 1693 1351 in-

82 1367 292 1426 -YeniuntUr
313 1374 349 1409 &
369 1371 483 1409 nimis
498 1369 675 1424 prolixae,
703 1370 972 1408 contrahantur
987 1371 1103 1420 magis
1119 1372 1157 1406 in
1173 1369 1326 1406 aretum.

83 1423 289 1478 ,*''Aphor.
303 1428 369 1464 61.
400 1429 438 1464 O
458 1437 534 1464 MN
548 1436 603 1463 IN
617 1437 643 1462 o
671 1438 762 1463 vero
782 1438 825 1463 ex
851 1426 915 1464 usu
930 1425 1056 1472 fucrit,
1085 1427 1123 1462 in
1145 1436 1249 1461 novo
1263 1420 1406 1473 digesto
1427 1423 1565 1472 legum,
1595 1424 1694 1472 leges

85 1482 166 1534 ,131ΐοῖ
173 1480 254 1527 jure
268 1480 467 1519 communi
482 1490 659 1532 receptaS,
687 1493 780 1529 quae
800 1491 978 1529 tanquam
995 1478 1286 1516 immemoriales
1303 1478 1385 1515 sunt
1401 1476 1439 1513 in
1455 1478 1603 1525 origine
1620 1478 1693 1523 sua,

87 1533 259 1589 atque'ex
273 1538 388 1574 altera
415 1545 518 1586 parte
546 1532 678 1573 statuta
699 1536 745 1572 de
760 1545 931 1585 tempore
953 1535 993 1572 in
1008 1545 1155 1586 tempus
1185 1532 1422 1582 superaddita,
1452 1531 1614 1568 seorsum
1643 1533 1694 1569 di-

87 1596 220 1685 {erem
234 1593 271 1628 &
285 1603 537 1643 componere:
569 1591 672 1627 Cum
690 1591 729 1627 in
751 1592 923 1641 plurimis
943 1591 1063 1635 rebus,
1094 1601 1178 1626 non
1194 1589 1323 1626 eadem
1340 1586 1393 1633 sit,
1422 1585 1460 1623 in
1481 1587 1558 1632 jure
1573 1587 1695 1624 dieen-

116 1641 272 1693 03⁰juris
298 1647 515 1684 eommunis
544 1647 582 1682 &
608 1643 831 1683 statutorum
859 1643 1118 1695 interpretatio
1138 1646 1174 1681 &
1190 1640 1468 1681 administratio.
1523 1642 1563 1678 ld
1587 1643 1692 1691 quod

89 1699 179 1740 fecit
193 1703 458 1753 Trebonianus
472 1703 513 1738 in
528 1697 673 1750 digesto
690 1703 725 1738 ὃ(
761 1700 903 1737 codiee.

98 1757 102 1760 ’
145 1752 293 1809 Aphor.
307 1758 371 1794 62.
402 1757 611 1802 VERUM,
642 1753 915 1799 inhujulinodi
944 1754 1071 1804 legum
1098 1754 1392 1804 regeneratione,
1421 1762 1531 1800 atque
1551 1751 1701 1789 struitu—

92 1821 246 1853 tanova
281 1822 451 1849 veterum
480 1812 610 1860 legum
637 1821 748 1859 atque
777 1809 973 1854 librorum,
1004 1810 1094 1858 legis
1113 1809 1224 1845 verba
1243 1807 1392 1858 prorsus
1415 1809 1451 1843 ὃς
1473 1817 1616 1843 textum
1647 1820 1699 1844 re—

93 1866 230 1913 tineto,
260 1865 345 1904 lieet
369 1878 433 1915 per
452 1876 634 1902 centones
657 1867 693 1902 ὅ(
712 1864 907 1915 portiones
935 1863 1078 1912 exiguas
1109 1876 1166 1900 eas
1189 1874 1382 1912 excerpere
1403 1860 1542 1897 necess'e
1563 1861 1694 1898 fuerit:

93 1922 148 1961 Ea
171 1918 308 1958 deinde
340 1920 473 1958 ordine
498 1921 703 1957 contexito.
759 1917 832 1956 Etsi
847 1921 949 1955 enim
980 1918 1125 1954 sort-assi:
1149 1915 1399 1962 commodius,
1435 1923 1544 1962 atque
1573 1915 1698 1961 ctiam,

95 1969 185 2029 fiad
209 1977 350 2014 rectam
380 1974 566 2012 rationem
591 1974 771 2027 respicias,
800 1975 934 2010 melius
962 1973 1034 2009 hoe
1063 1971 1212 2021 transigi
1241 1971 1356 2020 poss'et
1378 1982 1441 2021 per
1469 1980 1613 2006 textum
1634 1983 1703 2007 no-

97 2031 202 2082 ¹vum,
231 2043 345 2080 quam
373 2043 438 2083 per
466 2028 682 2075 hujusmodi
720 2027 1095 2073 confiircinationem,
1125 2037 1253 2064 tamen
1284 2028 1323 2062 in
1354 2025 1495 2073 legibus
1520 2037 1599 2061 non
1626 2035 1706 2061 tam

98 2083 210 2135 stylus
225 2085 263 2122 δε
279 2086 491 2137 descriptio,
521 2097 635 2132 quam
660 2084 878 2130 authoritas,
909 2085 943 2119 δ(
969 2083 1077 2126 hujus
1093 2091 1271 2131 patronus
1293 2079 1491 2127 antiquitas
1513 2079 1705 2131 spectanda

99 2139 160 2182 cst.
215 2140 327 2192 Alias·
337 2141 454 2179 videri
469 2135 584 2192 posfit
608 2139 824 2185 hujusmodi
845 2150 938 2187 opus
962 2137 1216 2174 scholasticum
1241 2137 1364 2188 potius
1385 2133 1563 2183 quiddam
1578 2136 1613 2171 ὅ(
1629 2146 1705 2171 rne-

99 2195 251 2243 thodus,
281 2207 395 2244 quam
415 2206 550 2244 corpus
570 2195 697 2244 legum
714 2194 994 2243 imperantium.

109 2286 111 2288 .
155 2247 304 2303 Aphor.
318 2252 382 2301 63.
416 2250 641 2287 CONSUL
656 2260 765 2286 TUM
788 2247 899 2284 fuerit
926 2249 965 2283 in
989 2258 1092 2283 novo
1115 2244 1258 2294 digesto
1281 2246 1420 2294 legum,
1449 2254 1572 2281 vetera
1597 2244 1706 2280 volu-

100 2304 203 2345 mina
220 2317 302 2343 non
317 2304 465 2355 prorsus
486 2305 601 2341 deleri
630 2306 667 2341 ὅ(
682 2302 720 2340 111
736 2302 968 2340 oblivionem
985 2302 1129 2347 cedere,
1159 2300 1220 2336 sed
1249 2301 1289 2336 in
1319 2298 1557 2336 bibliothecis
1578 2297 1706 2334 saltem

100 2368 278 2409 1113116165-
302 2361 389 2397 licet
417 2358 502 2396 usus
517 2371 650 2396 eorum
671 2356 829 2408 vulgaris
859 2360 894 2394 ὃ(
923 2355 1156 2405 promiscuus
1181 2355 1430 2404 prohibeatur.
1487 2354 1639 2389 Etenim
1668 2354 1710 2389 in

100 2411 213 2452 causis
245 2414 486 2464 gravioribus,
515 2425 596 2451 non
621 2415 684 2450 abs
713 2425 753 2450 re
779 2410 903 2457 fucrit,
933 2412 1060 2460 legum
1089 2411 1371 2459 praeteritarum
1401 2408 1642 2453 mutationes,
1672 2409 1710 2444 ὅ(

103 2468 211 2507 series
231 2469 428 2508 consulere
457 2471 493 2506 ὅ(
527 2467 721 2517 inspicere3
749 2480 790 2504 ac
820 2477 920 2503 certe
946 2465 1099 2502 solenne
1129 2465 1189 2510 cst,
1218 2462 1479 2511 antiquitatem
1514 2460 1709 2513 praesenti-

104 2524 173 2562 b'us
209 2524 409 2574 aspergere.
466 2526 626 2562 Novum
662 2533 788 2559 autem
821 2519 1037 2565 hujusmodi
1073 2531 1206 2568 corpus
1242 2520 1368 2567 legum
1412 2518 1458 2554 ab
1490 2518 1547 2562 iis,
1575 2515 1640 2564 qui
1669 2518 1710 2552 in

104 2575 243 2629 palitiis
257 2577 407 2629 singulis
441 2578 580 2616 habent
608 2575 829 2629 potestatem
847 2574 1124 2625 legislatoriam,
1154 2573 1301 2622 prorsus
1315 2571 1620 2609 confirmandum
1640 2570 1705 2608 est:

106 2631 155 2672 n'e
169 2634 268 2671 forte
282 2644 471 2684 praetextu
485 2644 626 2670 veteres
642 2634 740 2682 leges
751 2629 955 2680 digerendi,
987 2631 1084 2679 leges
1101 2641 1217 2665 novae
1234 2627 1476 2676 imponantur
1491 2628 1655 2663 occulto.

161 2686 310 2741 Aphor.
325 2690 389 2738 64.
434 2689 746 2726 OPTANDUM
776 2686 874 2731 esset,
916 2696 956 2722 ut
992 2683 1205 2729 hujusmodi
1241 2684 1368 2731 legum
1398 2679 1606 2718 instauratio
1640 2680 1712 2717 iliis

108 2743 341 2796 temporibus
380 2742 603 2796 suscipiatur,
632 2754 725 2793 quac
754 2738 1034 2790 antiquioribus²
1064 2749 1228 2789 quorum
1257 2738 1332 2774 acta
1361 2739 1397 2773 &
1432 2748 1545 2787 opera
1584 2746 1714 2772 retrac-

108 2796 201 2845 tant,
231 2797 344 2836 literis
367 2801 404 2835 ὅ(
430 2810 554 2835 rerum
584 2798 806 2846 cognitione
832 2795 1086 2843 praestiterint.
1144 2792 1259 2843 Quod
1284 2791 1384 2828 secus
1410 2793 1448 2827 in
1475 2803 1588 2840 opere
1609 2791 1713 2841 111111-

111 2851 213 2890 niani
237 2855 372 2891 evenit.
430 2852 560 2890 Infelix
590 2864 644 2888 res
662 2862 821 2901 namque
843 2848 902 2895 est,
932 2861 1017 2885 cuni
1047 2861 1088 2885 ex
1117 2846 1255 2891 judicio
1272 2849 1307 2884 δε
1333 2846 1478 2882 dele-eiu
1504 2844 1629 2882 aetatis
1645 2844 1711 2881 mi-

110 2912 181 2944 n'us
206 2909 399 2957 prudentis
423 2910 459 2944 ὅ(
479 2908 645 2945 eruditae
669 2907 914 2953 antiquorum
941 2915 1051 2951 opera
1078 2904 1301 2939 mutilentur
1319 2903 1353 2938 δ(
1379 2910 1713 2949 recomponantnr.

111 2962 369 3000 Veruntamen
384 2962 486 3012 saepe
501 2959 740 2998 neeessarium
763 2958 823 3005 est,
852 2959 953 3006 quod
973 2971 1049 2994 non
1066 2959 1268 3006 optimum.

166 3016 200 3054 A
219 3028 242 3053 ‘r
255 3029 320 3068 QU
333 3030 354 3054 Ε
376 3018 422 3054 616
438 3019 565 3066 legum
582 3014 816 3060 obscuritate,
846 3026 937 3060 quae
954 3026 972 3048 a
989 3012 1102 3049 nimia
1116 3015 1149 3048 ὃ(
1161 3011 1316 3048 eonsul'a
1335 3022 1463 3047 earum
1481 3009 1716 3046 accumulati-

113 3078 189 3107 one
217 3070 269 3118 fit,
299 3072 389 3110 haec
416 3071 513 3110 dista
532 3069 615 3108 sint.
667 3070 754 3123 jam
775 3070 821 3106 de
842 3067 1089 3117 descriptione
1125 3079 1253 3104 earum
1275 3066 1450 3114 ambigua
1480 3068 1514 3101 ὃς
1544 3063 1712 3152 oble-1351,

114 3125 329 3164 dicendum.
1641 3122 1649 3132 ”
1695 3128 1713 3151 ι’
