2040 3439
62 185 175 256 Gap.
199 192 279 238 111.
352 193 443 239 DE
479 192 919 242 AUGMENTIS
956 194 1487 244 SCIENTIARUM.
1746 216 1838 251 211

68 289 240 333 hoinines
259 290 446 326 doc'trinas
475 292 550 339 pias
593 290 631 326 &
665 290 811 338 ethicas,
846 302 1044 344 antequam
1073 290 1267 342 politicam
1304 292 1506 344 degustent,
1548 295 1665 345 plenis

67 346 232 382 faucibus
261 344 428 381 haurire:
458 344 651 391 nimirum,
681 347 782 397 quod
808 349 931 398 quiin
951 350 1042 385 aulis
1070 350 1294 400 principum,
1325 352 1362 387 ὃς
1395 348 1554 398 negotiis
1581 349 1663 389 civi-

68 401 175 444 libus,
205 412 225 436 a
260 401 395 436 teneris
431 400 485 447 (ut
513 401 630 447 aiunt)
656 401 864 450 unguiculis
898 401 1067 440 innutriti
1094 403 1190 449 sunt,
1220 416 1415 452 nunquam
1446 404 1522 442 fere
1551 402 1660 443 fince-

67 467 148 492 ram
163 456 200 491 ὅ(
222 453 407 490 internam
432 467 582 491 morum
597 456 824 506 probitatem
847 457 1079 505 assequantur
1101 473 1108 494 :
1137 470 1280 509 quanto
1296 460 1420 496 minus
1433 457 1459 496 fi
1473 459 1657 498 accesserit

67 510 180 546 etiam
203 509 386 545 librorum
410 508 626 558 disciplina?
669 511 802 554 Porro,
833 514 868 548 ὅ(
906 513 945 548 in
974 512 1208 549 documentis
1240 512 1317 564 ipsis
1351 515 1567 560 moralibus,
1598 517 1657 554 vel

67 564 194 600 saltem
217 562 398 611 aliquibus
424 577 569 609 eorum,
600 577 729 602 annon
753 567 878 602 cautio
906 567 1038 615 pariter
1065 567 1113 604 est
1141 567 1359 613 adhibenda,
1391 581 1437 606 ne
1455 568 1542 606 inde
1568 568 1660 608 fiant

66 617 236 656 homines
261 620 475 668 pertinaces,
507 630 721 668 arrogantes
746 622 780 657 ὅ(
805 620 1060 658 insociabiles?
1089 623 1186 667 juxta
1210 624 1303 659 illud
1330 623 1524 660 Ciceronis
1539 624 1584 661 de
1600 624 1657 661 M.

67 672 242 711 Catone:
273 670 386 709 Haec
405 670 510 720 bona,
541 685 636 726 quae
664 670 853 722 videmus,
882 673 1021 713 divina
1043 672 1091 718 ἐν
1110 677 1272 728 egregia,
1302 675 1413 730 ipsius
1416 676 1564 730 fiitote
1587 676 1659 729 effe

58 727 244 780 propria:
271 739 367 780 qnae
389 740 654 781 nonnunquam
677 729 918 782 requirimus,
947 741 992 767 ea
1004 730 1103 782 stant
1121 732 1247 768 omnia
1265 743 1338 769 non
1360 745 1385 769 a
1411 739 1566 780 natura,
1583 727 1665 784 fid

66 793 92 820 a
115 779 318 834 magistris.
377 784 472 820 Sunt
501 786 537 821 ὃς
560 783 743 821 axiomata
771 784 837 821 alia
865 787 1070 834 complura,
1100 785 1147 822 de
1170 785 1224 831 iis,
1254 798 1346 834 quae
1364 800 1385 823 a
1406 786 1527 825 studiis
1553 789 1590 825 &
1612 789 1655 826 li-

64 837 150 883 bris,
173 837 374 874 hominum
391 837 524 875 animis
540 837 817 888 ingenerantur.
872 840 1018 877 Verum
1036 840 1084 876 est
1104 839 1206 876 enim
1224 841 1328 889 quod
1351 841 1440 878 dicit
1466 841 1541 887 ille,
1558 839 1658 879 Abe-

64 888 280 942 ant-'studia
302 892 343 929 in
365 904 511 929 mores:
540 894 656 944 Quod
683 893 815 943 pariter
838 890 1103 932 affirmandum
1118 895 1164 931 de
1178 895 1328 932 caeteris
1342 894 1412 932 illis
1427 895 1548 942 rebus,
1571 908 1660 935 con-

63 946 172 992 vistu,
199 947 310 992 fama,
339 946 479 996 legibus
499 950 636 999 patriis,
662 951 697 984 δε
716 947 873 999 reliquis,
901 961 989 997 quas
1013 950 1126 998 paulo
1149 960 1234 986 ante
1260 949 1521 987 recensuimus.

74 1022 79 1026 «
110 1002 402 1040 'CAETERUM
425 1001 539 1039 animi
562 1003 743 1051 quaedam
758 1001 807 1040 est
833 1004 989 1052 cultura,
1019 1016 1112 1052 quae
1137 1004 1257 1042 adhuc
1286 1006 1403 1054 magis
1428 1014 1595 1042 accurata
1615 1007 1654 1043 δε

62 1055 248 1094 elaborata
275 1055 432 1101 videtur,
463 1070 576 1106 quam
596 1059 768 1106 reliquae.
826 1057 970 1096 Nititur
993 1069 1118 1096 autem
1149 1059 1222 1096 hoc
1249 1060 1521 1097 fundamento:
1552 1061 1657 1108 quod

61 1113 238 1149 dmn'ium
265 1113 484 1149 mortalium
501 1112 630 1157 animi,
645 1112 754 1149 certis
781 1113 1026 1162 temporibus,
1056 1115 1283 1163 reperiantur
1308 1116 1346 1150 in
1372 1115 1463 1151 statu
1490 1114 1655 1164 perfeeti-

62 1172 141 1211 θέο,
168 1167 260 1210 aliis,
291 1165 330 1203 in
357 1165 447 1204 statu
478 1168 592 1216 magiis
625 1168 834 1216 depravato.
891 1169 1009 1213 Hujus
1038 1168 1148 1218 igitur
1168 1171 1330 1206 culturae
1354 1169 1518 1206 intentio
1541 1169 1656 1207 fucrit

64 1223 103 1258 δὲ
125 1219 331 1259 institutum
352 1231 393 1258 ut
417 1223 514 1258 bona
545 1222 607 1258 illa
629 1221 795 1273 tempora
823 1223 1046 1264 foveantur÷
1077 1236 1183 1272 prava
1214 1236 1304 1261 vero
1331 1234 1509 1275 tanquam
1531 1236 1574 1260 ex
1599 1236 1656 1261 ca-

61 1276 234 1314 lendario
275 1276 467 1313 deleantur
509 1279 547 1313 &
585 1288 854 1326 expungantur.
924 1277 984 1314 Ac
1027 1279 1215 1315 bonorum
1249 1278 1400 1326 quidem
1437 1289 1657 1330 temporum

59 1328 185 1368 fixatio
217 1330 363 1368 duobus
397 1333 519 1368 modis
543 1341 780 1382 procuratur:
809 1333 921 1378 votis,
950 1342 1011 1369 aut
1050 1332 1178 1370 saltem
1211 1329 1512 1370 constantissimis
1544 1332 1660 1370 animi

60 1385 230 1432 decretis,
259 1388 296 1423 ὃ(
325 1385 567 1423 observantiis
582 1396 692 1434 atque
712 1387 1064 1428 exercitationibus;
1094 1399 1187 1436 quae
1210 1400 1291 1424 non
1310 1398 1457 1425 tantum
1482 1390 1522 1424 in
1549 1387 1586 1424 se
1600 1400 1658 1425 va-

60 1441 144 1478 lent
168 1449 351 1489 quantum
379 1443 419 1477 in
439 1441 525 1487 hoe,
554 1441 657 1489 quod
691 1443 861 1478 animum
887 1443 928 1477 in
957 1438 1087 1478 officio
1115 1443 1152 1478 ὅ(
1172 1442 1388 1479 obedientia
1412 1443 1546 1491 jugiter
1569 1454 1659 1479 con-

60 1496 217 1533 tineam.
273 1495 465 1533 Malorum
502 1505 720 1544 tempotum
762 1496 980 1533 obliteratio
1006 1497 1147 1546 duplici
1189 1497 1322 1534 itidem
1359 1499 1505 1534 ratione
1532 1496 1659 1548 perfici

60 1550 202 1600 potest:
242 1549 503 1602 redemptione
532 1549 662 1598 aliqua,
691 1551 750 1588 vel
785 1552 997 1603 expiatione
1030 1552 1332 1600 praeteritorum,
1363 1554 1399 1588 &
1430 1563 1535 1589 novo
1561 1553 1659 1589 vitae

60 1603 242 1652 instituto,
269 1606 386 1644 veluti
414 1605 460 1642 de
485 1607 648 1654 integro.
704 1607 850 1643 Verum
884 1606 974 1642 haec
1001 1618 1085 1658 pars
1112 1606 1157 1643 ad
1186 1606 1410 1655 religionem
1436 1608 1546 1658 plane
1584 1605 1660 1657 spe-

59 1660 158 1698 &are
183 1660 331 1699 videtur
347 1676 361 1703 5
391 1673 461 1697 nec
483 1662 648 1701 mirum3
677 1662 765 1697 c‘um
792 1659 944 1697 moralis
965 1660 1200 1710 philosophia
1230 1674 1316 1699 vera
1342 1664 1378 1698 ὅ(
1401 1663 1564 1710 genuina
1589 1659 1663 1707 (sic-

61 1714 212 1753 Ut³ante
238 1715 379 1753 dietum
409 1715 470 1763 est)
501 1716 656 1752 ancillae
685 1724 834 1752 tantum
857 1716 955 1754 vices
982 1728 1069 1766 erga
1095 1717 1330 1766 theologiam
1359 1716 1538 1768 suppleat.

107 1771 454 1822 ‘QUAMOBREM,
485 1771 753 1807 concludemus
780 1770 876 1807 hanc
904 1781 1048 1820 partem
1064 1771 1110 1808 de
1133 1773 1276 1808 cultura
1300 1773 1417 1808 animi
1436 1783 1524 1808 cum
1539 1782 1587 1807 eo
1609 1782 1664 1807 re—

63 1825 206 1872 medio,
233 1825 337 1876 quod
358 1827 534 1862 omnium
556 1825 605 1862 est
632 1822 791 1861 maxime
815 1826 1130 1877 compendiosum
1146 1829 1182 1863 ὃ(
1199 1825 1452 1873 summarium,
1482 1828 1518 1862 ὃς
1540 1824 1662 1862 rursus

63 1881 227 1917 maxime
253 1880 384 1917 nobile
413 1882 448 1917 ὅ(
476 1876 614 1926 efficax,
645 1892 723 1928 quo
757 1881 903 1917 animus
931 1881 976 1917 ad
996 1883 1174 1918 virtutem
1199 1880 1431 1927 efformetur,
1462 1883 1498 1917 ὅ(
1519 1882 1558 1916 in
1573 1878 1665 1916 statu

61 1935 274 1972 collocetur
302 1933 522 1986 perfeffloni
539 1933 723 1983 proximo.
778 1936 863 1971 Hoc
878 1945 1002 1972 autem
1019 1934 1079 1982 cst,
1109 1946 1149 1972 ut
1172 1935 1263 1972 fines
1284 1934 1378 1972 vitae
1399 1933 1663 1982 aCtionumque

63 1988 284 2039 deligamur,
313 1992 351 2027 ὃ(
365 1989 474 2026 nobis
488 1987 567 2040 ipsis
581 2001 839 2039 proponamus
867 1990 986 2027 rectos
1007 1993 1042 2027 ὃ(
1063 1989 1191 2028 virtuti
1210 2001 1422 2039 congruos3
1453 1991 1517 2038 qui
1537 1998 1666 2025 tamen

64 2045 156 2083 tales
184 2042 265 2091 sint,
296 2053 335 2081 ut
364 2057 427 2081 eos
463 2044 674 2093 assequendi
702 2045 813 2081 nobis
838 2042 1067 2092 aliquatenus
1093 2044 1256 2096 suppetat
1280 2045 1441 2082 facultas.
1500 2045 1538 2081 Si
1560 2045 1666 2080 enim

68 2098 159 2136 haec
186 2100 265 2136 duo
289 2099 569 2151 supponantur:
599 2108 640 2136 ut
665 2101 701 2136 ὅ(
726 2099 817 2136 fines
842 2098 1033 2136 affionum
1049 2098 1118 2136 sint
1134 2098 1276 2136 honesti
1300 2102 1336 2136 &
1355 2100 1460 2145 boni,
1491 2101 1526 2134 δ(
1541 2098 1666 2134 decre-

66 2164 151 2191 tum
175 2154 293 2190 animi
317 2154 363 2191 de
386 2153 428 2190 iis
457 2154 685 2202 assequendis
714 2156 750 2190 &
765 2154 992 2200 obtinendis,
1021 2154 1136 2191 fixum
1156 2152 1199 2192 fit
1221 2156 1256 2191 &
1273 2154 1466 2194 constans;
1496 2152 1666 2200 sequetur

66 2218 110 2246 ut
134 2210 324 2246 continuo
344 2219 460 2245 vertat
475 2211 511 2246 &
532 2208 708 2245 efformet
724 2208 759 2244 se
774 2210 931 2256 animus,
960 2221 1033 2246 una
1048 2221 1172 2260 opera,
1201 2211 1240 2245 in
1255 2210 1409 2246 virtutes
1423 2219 1567 2245 omnes.
1597 2207 1667 2243 At-

70 2275 143 2312 que
166 2263 255 2300 haec
283 2273 381 2300 certe
407 2264 469 2300 illa
495 2263 543 2300 est
563 2264 747 2312 operatio,
777 2275 870 2311 quae
893 2273 1045 2300 naturae
1073 2261 1179 2313 ipsius
1199 2274 1291 2312 opus
1314 2263 1457 2309 referat,
1478 2273 1565 2299 cum
1583 2263 1666 2298 reli·

66 2330 174 2370 quae,
203 2330 297 2366 quae
319 2318 490 2364 diximus,
520 2318 714 2355 videantur
739 2317 807 2354 ess‘e
838 2317 1084 2354 solummodo
1103 2316 1191 2355 sicut
1220 2329 1332 2366 opera
1348 2329 1488 2354 manus.
1527 2318 1668 2367 Qem-

69 2373 277 2410 admodum
296 2374 399 2409 enim
437 2372 635 2418 statuarius,
667 2372 819 2421 quando
846 2370 1110 2410 simulachrum
1135 2372 1288 2420 aliquod
1318 2371 1449 2422 sculpit
1492 2382 1554 2408 aut
1578 2372 1668 2407 inci-

71 2427 140 2475 dit,
169 2429 268 2464 illius
292 2427 537 2464 solummodo
557 2429 668 2476 partis
700 2426 857 2476 figuram
886 2423 1045 2476 effingit,
1073 2429 1170 2463 circa
1193 2438 1306 2475 quam
1331 2437 1464 2463 manus
1492 2435 1670 2476 occupata

71 2483 131 2529 est,
160 2494 240 2519 non
265 2492 390 2519 autem
418 2492 644 2519 caeterarum
667 2495 673 2517 :
707 2480 839 2531 (veluti
872 2479 898 2518 si
936 2481 1070 2518 faciem
1099 2481 1288 2525 efformet,
1317 2492 1451 2530 corpus
1480 2482 1668 2528 reliquum

71 2538 163 2575 rude
182 2547 377 2587 permanet
394 2539 429 2574 ὃς
449 2536 616 2573 informe
633 2535 768 2582 saxum,
797 2536 920 2573 donec
939 2537 982 2572 ad
1000 2536 1091 2573 illud
1113 2548 1263 2584 quoque
1279 2537 1486 2584 pervenerit
1503 2537 1524 2582 t)
1546 2547 1566 2570 e
1582 2546 1672 2571 con-

71 2603 127 2630 tra
144 2604 234 2630 vero
263 2602 406 2637 natura,
422 2591 575 2640 quando
590 2591 724 2628 florem
740 2589 906 2637 molitur,
934 2601 996 2628 aut
1015 2592 1165 2636 animal,
1188 2589 1398 2627 rudimenta
1412 2590 1573 2639 partium
1586 2600 1669 2625 om-

74 2648 182 2684 nium
211 2644 318 2683 simul
342 2648 436 2698 parit
462 2648 496 2682 &
521 2646 720 2695 producit:
750 2646 897 2682 Eodem
917 2646 1037 2682 modo
1065 2646 1218 2693 quando
1233 2646 1387 2682 virtutes
1405 2644 1535 2681 habitu
1550 2645 1673 2691 acqui-

62 2712 218 2750 ¹runtur,
249 2702 340 2739 dum
361 2702 628 2752 temperantiae
658 2701 925 2747 incumbimus,
954 2700 999 2737 ad
1015 2700 1279 2737 fortitudinem
1301 2709 1362 2736 aut
1378 2698 1528 2747 reliquis
1543 2709 1674 2750 parum

62 2751 291 2806 ”proficimus
308 2774 320 2798 ‚-
350 2756 501 2803 quando
527 2765 652 2792 autem
676 2754 778 2791 rectis
803 2753 1016 2792 &honestis
1038 2754 1173 2791 finibus
1202 2766 1271 2791 nos
1298 2753 1587 2790 dedicaverimus
1614 2764 1674 2802 pe-

77 2812 177 2848 nitus
203 2814 239 2848 &
268 2812 539 2855 devoverimus,
570 2821 812 2857 quaecunque
840 2809 950 2846 fuerit
964 2811 1092 2855 virtus,
1121 2819 1235 2857 quam
1263 2810 1394 2846 animo
1416 2808 1545 2845 nostro
1571 2818 1674 2844 com-

78 2866 336 2903 mendaverint
368 2865 683 2914 &imperaverint
712 2864 803 2900 fines
833 2865 899 2910 illi,
930 2865 1155 2915 reperiemus
1173 2876 1244 2901 nos
1260 2863 1481 2909 jamdudum
1498 2863 1676 2907 imbutos,

81 2922 117 2957 &
150 2917 427 2972 praedispositos
458 2917 645 2957 habilitate
682 2921 717 2955 δε
743 2917 990 2970 propensione
1019 2919 1216 2966 nonnulla,
1246 2919 1291 2955 ad
1309 2929 1392 2954 eam
1415 2917 1675 2966 assequendam

83 2977 119 3012 &
151 2975 441 3025 exprimendam.
500 2973 628 3021 Atque
658 2972 716 3010 hic
745 2969 857 3022 pollit
886 2972 955 3010 esse
984 2971 1093 3011 status
1117 2974 1182 3010 ille
1218 2971 1346 3020 animi,
1375 2975 1441 3021 qui
1467 2973 1612 3022 egregie
1633 2970 1679 3006 ab

82 3029 280 3066 Aristotele
312 3029 554 3069 describitur3
584 3031 619 3065 δε
651 3029 694 3065 ab
727 3040 786 3075 eo,
830 3040 911 3066 non
939 3028 1097 3076 virtutis,
1142 3027 1201 3066 sed
1245 3028 1452 3067 divinitatis
1490 3023 1679 3068 cujusdam

138 3085 251 3123 Vot..
283 3085 307 3121 I.
904 3083 981 3120 Dd
1015 3093 1033 3119 2
1481 3079 1682 3118 charae'tete
