2040 3439
71 180 185 240 Cap.
217 177 271 222 ΙΙ.
367 178 460 224 DE
495 176 932 224 AUGMENTIS
966 176 1497 225 SCIENTIARUM.

23 316 34 327 ,
74 277 241 314 senarum
258 286 314 312 res
333 286 353 311 a
369 274 599 312 Germanico
614 277 650 313 ὃς
670 286 690 312 a
710 274 835 312 Druso
849 275 981 325 gestas;
1005 276 1052 313 de
1066 274 1234 313 laudibus
1249 275 1461 314 Germanici
1477 275 1546 319 sic3
1575 276 1664 317 Ma-

68 332 136 383 gis
156 328 367 382 inspeciem
390 327 594 367 adornatis
618 327 762 377 verbis,
790 341 904 382 quam
921 336 966 368 ut
980 330 1141 382 penitus
1148 329 1300 381 sentire
1332 327 1544 370 videretur.
1602 335 1662 373 De

69 386 241 425 ,laudibus
257 383 365 422 Drusi
380 382 426 422 sic
443 399 451 421 :
481 382 750 429 Paucioribus,
761 383 839 436 [ἑά
853 385 1040 423 intentior
1056 381 1104 428 ό»
1107 383 1195 437 fida
1209 386 1389 423 oratione.
1437 388 1578 426 Iterum
1593 391 1663 426 Ta-

71 443 165 478 citus
181 439 342 477 eundem
364 438 574 485 Tiberium,
604 438 688 476 alias
713 441 824 476 etiam
846 450 886 477 ut
903 439 1077 478 nonnihil
1100 441 1329 492 pellucidum
1355 451 1511 479 notens:
1531 440 1580 480 In
1593 443 1664 482 ali-

69 494 107 539 is
137 494 289 543 (inquit)
318 500 404 531 erat
432 491 560 531 veluti
588 492 838 531 eluctantium
871 492 1098 532 verborum:
1117 492 1288 546 solutius
1315 507 1407 533 vero
1439 495 1662 549 loquebatur

69 546 468 602 quando-subveniret.
525 550 619 586 Sane
640 546 788 585 difficile
812 551 1011 599 reperiatur
1025 548 1270 588 simulationis
1291 551 1421 588 artifex
1441 551 1569 601 aliquis
1584 564 1663 591 tam

69 606 205 654 peritus
229 606 266 640 ὅ(
289 603 454 653 egregius
470 618 483 646 ‚-
513 613 576 641 aut
597 604 720 641 vultus
738 602 864 654 aliquis
887 606 938 641 ita
955 605 1113 651 coadius,
1143 607 1180 641 ὅ(
1204 615 1245 642 ut
1260 606 1323 642 ille
1350 606 1518 654 loquitur
1532 608 1663 653 juffu55

67 657 131 710 qui
153 671 172 696 a
199 658 370 696 sermone
399 657 600 695 artificioso
637 661 673 696 ὅς
702 656 933 696 simulatorio
960 656 1073 709 possit
1104 658 1180 696 istas
1208 670 1316 697 notas
1340 660 1544 711 sejungere,
1571 662 1663 711 quin

68 724 130 751 aut
158 713 282 750 sermo
306 711 347 750 sit
377 712 490 750 solito
518 712 689 761 solutior,
717 724 780 751 aut
808 712 1008 765 comptior,
1035 724 1098 752 aut
1122 716 1240 764 magis
1261 726 1372 765 vagus
1404 717 1442 753 ὅ(
1474 717 1664 765 oberrans,

64 778 127 806 aut
145 769 264 817 magis
291 768 411 806 aridus
437 767 476 804 &2
501 766 600 817 quasi
637 769 810 805 eluctans.

117 823 191 860 AD
211 822 322 860 verba
344 823 548 860 hominum
571 823 675 872 quod
691 821 835 869 attinet,
852 822 935 860 sunt
958 821 1112 872 quidem
1137 823 1200 860 illa
1218 821 1277 874 (ut
1295 823 1343 861 de
1362 823 1479 862 urinis
1495 826 1660 875 loquun-

50 888 124 916 vtur
158 876 310 926 medici)
341 876 559 915 meretricia.
618 878 689 915 Sed
718 877 772 914 isti
803 878 1006 914 meretricii
1034 878 1110 915 fuci
1141 880 1286 929 optime
1328 878 1659 930 deprehenduntur

65 933 212 971 duobus
236 933 358 969 modis
375 946 383 970 :
414 933 517 969 Cum
534 931 670 969 scilicet
686 931 928 984 proferuntur
942 932 1051 970 verba
1069 942 1132 970 aut
1151 945 1193 970 ex
1215 932 1422 982 improviso
1441 945 1503 971 aut
1523 936 1563 972 in
1578 947 1656 984 per-

64 986 289 1025 turbatione.
345 988 406 1025 Sic
426 986 609 1034 Tiberius,
638 999 726 1024 cum
749 999 792 1023 ex
818 985 1046 1036 Agrippinae
1068 987 1188 1025 verbis
1214 986 1385 1025 aculeatis
1399 987 1524 1026 subito
1551 1002 1656 1027 com-

63 1052 190 1080 motus
211 1042 297 1079 ess'et
319 1044 355 1080 δε
377 1041 551 1079 nonnihil
581 1042 764 1093 abreptus,
793 1051 894 1078 extra
921 1043 1069 1079 innatae
1096 1040 1341 1080 simulationis
1379 1044 1562 1081 terminos
1595 1056 1657 1094 pe·

66 1096 154 1135 dem
166 1096 322 1147 protulit
336 1112 350 1140 ,-
382 1094 538 1134 Audita
556 1094 651 1134 haec
680 1097 816 1145 (inquit
839 1098 1003 1144 Tacitus)
1034 1108 1163 1134 raram
1183 1095 1326 1134 occulti
1328 1095 1500 1149 pesteris
1519 1110 1652 1137 vocem

62 1149 224 1190 elicuere
241 1169 255 1194 ,-
285 1158 568 1204 correptamque
597 1151 743 1189 Graeco
774 1148 899 1202 versic,
929 1149 1139 1198 admonuit,
1187 1148 1270 1189 ideo
1311 1149 1426 1199 laedi,
1456 1153 1548 1205 quia
1579 1165 1655 1192 non

15 1223 17 1226 ·
59 1212 250 1259 regnaret.
305 1208 429 1259 Quare
454 1210 563 1256 pot-'ta
588 1204 884 1258 perturbationes
912 1205 1125 1251 hujusmodi
1154 1218 1235 1243 non
1260 1206 1390 1244 inscite
1405 1208 1563 1259 appellat
1578 1219 1654 1246 tor-

59 1270 171 1310 turaS,
199 1261 303 1313 quod
325 1263 371 1299 ab
401 1260 444 1298 iis
463 1262 597 1299 secreta
617 1261 678 1299 sua
706 1261 862 1311 prodere
884 1260 1061 1298 homines
1086 1262 1360 1313 compellantur
1375 1277 1390 1303 ς

564 1343 664 1385 Vino
692 1351 820 1383 tortus
841 1339 888 1387 &
913 1343 986 1381 ira.

59 1418 137 1468 Ipsa
166 1418 250 1457 sane
270 1419 420 1457 testatur
453 1418 687 1468 experientia,
715 1431 851 1469 paucos
886 1418 1094 1456 admodum
1124 1417 1287 1469 reperiri,
1314 1418 1378 1472 qui
1404 1431 1489 1471 erga
1525 1433 1655 1461 arcana

66 1473 128 1511 sua
148 1483 225 1511 tam
239 1473 304 1511 fidi
332 1473 414 1520 sint,
442 1473 687 1522 animumque
714 1484 844 1523 gerant
868 1474 962 1512 adeo
985 1474 1243 1522 obfirmatum,
1273 1474 1364 1526 quin
1391 1476 1583 1514 interdum
1612 1487 1656 1514 ex

63 1529 276 1570 iracundia;
304 1528 494 1567 interdum
515 1541 558 1566 ex
579 1529 750 1574 jactantia
765 1544 779 1570 ‚·
809 1527 996 1566 interdum
1020 1541 1062 1566 ex
1090 1528 1222 1566 intima
1250 1541 1337 1579 erga
1363 1532 1529 1568 amicum
1548 1532 1656 1569 bene-

58 1581 223 1622 volentia
237 1601 252 1626 ,·
283 1585 474 1622 interdum
493 1595 536 1620 ex
561 1585 679 1620 animi
709 1582 977 1629 imbecillitate,
1007 1582 1121 1632 quise
1145 1585 1250 1621 mole
1273 1583 1549 1634 cogitationum
1568 1598 1659 1624 one-

59 1639 132 1677 rari
144 1640 302 1690 amplius
329 1652 411 1677 non
440 1636 608 1676 sustineat
624 1655 638 1681 ,·
669 1638 862 1675 interdum
877 1639 1041 1688 denique
1056 1651 1098 1676 ex
1118 1640 1194 1677 alio
1209 1638 1386 1688 quopiam
1400 1639 1546 1686 affeitu,
1572 1639 1658 1678 inti·

59 1705 138 1731 mas
167 1694 283 1732 animi
306 1692 552 1745 cogitationes
575 1694 739 1731 revelent
759 1697 795 1732 δε
809 1695 1108 1731 communicent.
1165 1693 1225 1731 Ac
1245 1704 1330 1731 ante
1350 1694 1479 1732 omnia
1508 1693 1604 1733 sinus
1624 1708 1658 1732 a-

59 1748 156 1794 nimi
190 1748 339 1796 excutit,
381 1748 406 1786 si
442 1747 629 1786 simulatio
657 1746 934 1786 simulationem
969 1747 1160 1800 impulerit
1180 1767 1195 1794 ,-
1230 1749 1330 1795 juxta
1362 1749 1533 1800 adagium
1561 1750 1658 1788 illud

64 1802 331 1852 Hispanorum,
359 1805 420 1841 dic
434 1801 670 1841 mendacium
687 1805 723 1839 ὅ(
741 1815 846 1840 erues
878 1805 1087 1841 veritatem.

113 1859 250 1910 QUIN
279 1860 317 1895 ὃ(
349 1859 452 1896 fastis
480 1856 570 1909 ipsis,
599 1858 687 1894 licet
716 1858 871 1894 humani
895 1860 1012 1896 animi
1040 1860 1200 1909 pignora
1233 1856 1303 1895 sint
1325 1855 1536 1906 certissima,
1573 1871 1656 1897 non

61 1912 212 1963 prorsus
239 1923 366 1950 tamen
395 1913 599 1959 fidendum,
627 1910 695 1949 nisi
712 1911 908 1962 diligenter
925 1925 966 1950 ac
983 1922 1124 1950 attente
1138 1910 1323 1965 pensitatis
1337 1915 1437 1964 prius
1452 1913 1604 1951 illorum
1620 1916 1659 1952 ὃς

61 1965 324 2018 magnitudine
353 1970 389 2005 ὅ(
412 1966 646 2017 proprietate.
702 1967 799 2004 Illud
822 1969 925 2005 enim
955 1964 1186 2005 veriffimum
1203 1984 1217 2010 ‚-
1251 1967 1346 2004 fraus
1369 1966 1433 2005 sibi
1466 1970 1506 2005 in
1537 1969 1658 2020 parvis

61 2021 176 2059 fidem
203 2022 403 2074 praestruit,
423 2033 465 2060 ut
486 2023 629 2067 majore
657 2023 923 2059 emolumento
943 2021 1056 2059 fallat.
1114 2023 1224 2060 Italus
1244 2034 1335 2060 vero
1360 2022 1394 2059 se
1410 2021 1527 2072 ipsum
1545 2023 1583 2059 in
1605 2022 1657 2072 ip-

61 2077 104 2114 so
131 2076 218 2115 stare
232 2077 350 2126 lapide
365 2087 470 2129 putat
491 2078 555 2115 ubi
583 2089 718 2128 praeco
736 2075 933 2128 praedicat,
962 2075 986 2113 si
1011 2075 1144 2114 melius
1167 2075 1278 2114 solito
1301 2078 1486 2124 ttaffi‘tetur,
1521 2077 1656 2128 absque

63 2132 168 2169 causa
188 2132 387 2170 manifesta.
444 2134 596 2170 Etenim
619 2128 743 2169 officia
771 2132 832 2169 ista
854 2131 1000 2169 minora
1016 2130 1188 2169 homines
1209 2131 1370 2169 reddunt
1391 2131 1601 2178 oscitantes,
1618 2133 1656 2169 &

62 2184 161 2237 quasi
178 2186 393 2237 consopitos
414 2197 489 2224 tam
505 2187 549 2224 ad
564 2188 792 2233 cautionem,
822 2199 934 2235 quam
962 2187 1007 2224 ad
1032 2186 1265 2224 industriam:
1290 2186 1419 2238 Atque
1434 2188 1528 2224 rec‘te
1543 2199 1562 2223 a
1582 2188 1658 2223 De-

63 2240 257 2279 mosthene
286 2243 518 2294 appellantur
546 2242 722 2278 alimenta
744 2241 946 2279 socordiae.
1001 2242 1123 2278 Porro
1144 2243 1409 2290 proprietatem
1430 2244 1465 2279 &
1486 2252 1657 2278 naturam

64 2298 344 2334 nonnullorum
365 2297 558 2342 fastorum,
589 2297 701 2332 etiam
724 2308 817 2347 quae
842 2295 1112 2333 beneficiorum
1135 2297 1223 2333 loco
1239 2295 1433 2343 habentur,
1455 2296 1656 2333 subdolam

65 2353 102 2387 ὅ(
130 2348 353 2399 ambiguam,
382 2352 590 2388 luculenter
624 2362 776 2387 cernere
801 2351 887 2387 licet
918 2363 960 2387 ex
988 2361 1036 2387 eo
1063 2351 1167 2398 quod
1187 2350 1368 2387 Antonio
1388 2352 1515 2401 primo
1535 2352 1657 2402 impo-

64 2403 133 2444 suit
151 2404 365 2443 Mutianus:
395 2407 471 2457 Qi
499 2405 578 2455 post
606 2405 769 2442 reditum
797 2417 885 2441 curn
905 2417 953 2442 eo
978 2406 1017 2441 in
1038 2407 1207 2454 gratiam,
1236 2404 1297 2441 sed
1317 2404 1388 2441 fide
1403 2401 1556 2454 peffima
1578 2406 1658 2454 plu·

65 2461 184 2498 rimos
206 2473 249 2497 ex
272 2461 437 2497 Antonii
458 2461 585 2496 amicis
609 2460 654 2497 ad
682 2460 881 2509 dignitates
901 2461 1019 2497 evexit
1041 2473 1048 2495 :
1079 2456 1205 2497 Simul
1228 2459 1365 2496 amicis
1392 2457 1657 2512 ejuspraefi’c-

66 2521 178 2552 turas
206 2510 253 2557 ὅγ’
281 2513 503 2552 tribunatus
530 2513 708 2566 largitur.
738 2516 821 2552 Hoc
837 2524 961 2551 autem
977 2512 1050 2550 astu
1066 2512 1283 2550 Antonium
1305 2525 1385 2550 non
1407 2513 1578 2562 munivit,
1595 2513 1659 2552 sed

66 2572 266 2607 exarmavit
288 2569 433 2621 penitus
460 2572 497 2607 ὅ(
523 2568 715 2616 desolavit,
743 2570 922 2606 amicitias
944 2569 1021 2613 ejus
1040 2568 1085 2605 ad
1116 2568 1151 2605 se
1178 2568 1447 2606 transferendo.

122 2625 253 2662 CERT
264 2636 429 2662 ISSIMA
447 2634 573 2662 autem
587 2623 706 2671 clavis,
722 2624 766 2660 ad
782 2625 930 2661 animos
944 2624 1147 2661 hominum
1164 2623 1387 2669 reserandos,
1420 2625 1587 2671 vertitur,
1616 2625 1657 2662 in

67 2679 245 2716 rimandis
268 2682 304 2717 ὅ(
325 2679 597 2729 pernoscendis,
627 2680 685 2716 vel
706 2678 864 2728 ingeniis
884 2681 920 2716 ὃ(
935 2676 1069 2715 naturis
1082 2676 1259 2727 ipsorum,
1276 2679 1333 2715 vel
1344 2677 1522 2716 finibus&
1536 2678 1657 2716 inten-

67 2734 246 2771 tionibus.
290 2734 420 2782 Atque
435 2732 698 2770 imbecilliores
716 2743 815 2771 ccrtc
830 2736 866 2770 ὅ(
881 2731 1118 2784 simpliciores
1137 2744 1178 2768 ex
1195 2730 1352 2781 ingeniis
1363 2749 1376 2775 ‚·
1399 2733 1658 2782 prudentiores

69 2798 193 2825 autem
209 2791 244 2826 δε
259 2789 443 2835 testiores,
459 2801 500 2825 cx
511 2788 645 2825 finibus
658 2787 728 2824 suis
743 2789 886 2837 optime
903 2787 1119 2832 judicantur.
1140 2787 1253 2824 Certe
1267 2788 1466 2838 prudenter
1481 2791 1517 2826 ὅ(
1531 2788 1662 2835 facete,

73 2843 173 2888 (licet
188 2855 277 2880 meo
293 2843 431 2889 judicio
443 2845 566 2879 minus
581 2844 679 2889 vere)
698 2842 841 2878 diffitum
856 2841 925 2879 fuit
941 2854 959 2878 a
976 2843 1116 2878 nuntio
1131 2843 1309 2891 quopiam
1321 2841 1522 2889 Pontificis,
1540 2843 1605 2880 sub
1614 2856 1666 2880 re-

71 2897 152 2934 ditu
167 2899 271 2942 ejusa
282 2899 469 2948 legatione
486 2898 583 2947 apud
599 2896 793 2933 nationem
808 2897 1011 2947 quandam,
1031 2897 1094 2933 ubi
1109 2906 1290 2944 tanquam
1304 2895 1510 2935 ordinarius
1530 2898 1667 2935 resede-

72 2961 137 2988 rat.
159 2953 410 3003 Interrogatus
420 2953 465 2990 dc
476 2953 619 2989 delectu
631 2950 834 2989 successoris
847 2949 909 2996 sui,
922 2948 1119 2988 confilium
1132 2951 1257 2992 dedit3
1275 2961 1316 2988 ut
1329 2953 1437 2988 nullo
1448 2953 1569 2989 modo
1587 2953 1670 2989 mit·

71 3015 210 3045 teretur
219 3006 360 3060 aliquis,
371 3006 434 3056 qui
443 3009 575 3046 eximie
587 3006 746 3057 prudens
756 3005 916 3053 ess‘et,sed
929 3006 1054 3056 potius
1061 3005 1303 3045 mediocriter
1313 3016 1462 3045 tantum
1473 3005 1670 3055 3quoniam

1512 3057 1670 3110 (inquit)

1743 193 1833 242 231
