2040 3439
779 120 1306 173 INDE-X.

197 217 333 262 AEsopi
354 214 502 258 fabulae,
531 217 587 251 80.
640 211 719 247 Vide
737 210 878 247 Fabula.
942 210 1026 256 Pag.

199 269 404 303 AEffinmtio
418 265 544 300 virium
559 264 601 299 ad
617 263 743 297 bellum
762 259 952 301 necessaria,
981 260 1026 293 88

198 317 350 352 AEtatis
376 327 479 363 opera
500 313 570 349 sunt
595 313 696 358 longe
721 309 897 344 subtiliora
922 319 1028 356 quam

249 366 349 412 ignis,
958 359 1029 403 389

197 417 323 452 AEtna
341 425 451 455 mons,
956 407 1029 452 326

198 466 417 503 Alica-nitas,
444 472 510 495 non
541 458 687 507 cogitari
720 458 829 506 potest
853 456 1030 505 quomodo

247 511 438 553 defluxerit,
957 516 1028 552 279

198 563 427 610 Affi’c‘tationes
439 571 557 600 vanae,
579 560 633 604 38.
686 557 861 604 Affellatio
872 556 1029 602 ingenui-

249 612 324 646 tatis
342 609 488 657 putredo
504 607 631 649 lucens,
961 617 974 639 1
985 607 1026 640 88

197 661 339 702 Affl‘iffus
358 659 551 694 animorum
577 669 677 692 nemo
704 655 825 691 melius
841 654 1029 702 descripfit,

222 700 350 757 *quam
370 709 488 756 poetae
508 708 544 742 δε
562 706 728 747 historici,
758 707 840 741 208.
869 704 1030 753 Qomo-

247 761 294 795 do
312 757 561 806 compescendi,
580 755 650 792 &c.
668 754 747 791 ibid.
786 755 906 791 Etiam
925 753 1030 802 sepul-

248 810 274 845 ti
292 808 484 855 resurgunt,
899 815 959 851 90,
985 815 1027 850 91

198 880 247 887 -—
265 870 437 905 nunquam
462 854 686 904 acquiescunt,
953 852 1028 889 ibid.

199 931 244 939 -—
263 907 420 943 indomiti
440 906 513 941 sunt
531 904 633 940 instar
650 903 853 952 Tigridurn,
951 902 1030 939 ibid.

199 981 248 986 —-
264 956 436 992 deformes
454 956 492 990 ὅτ
510 954 688 997 inconditi,
953 951 1031 988 ibid.

198 1029 248 1036 —
265 1007 360 1055 quod
388 1003 594 1052 experientia
621 1003 827 1052 repudiavit,
861 1001 1031 1086 ambiubncti,

951 1065 962 1087 1
985 1063 997 1085 ι
1023 1079 1030 1086 .

199 1129 249 1135 -
265 1107 340 1142 sunt
359 1104 498 1141 hederae
515 1101 653 1145 similes,
985 1112 1028 1146 91

198 1177 246 1186 --—
263 1157 296 1191 in
315 1154 538 1201 religionibus
553 1152 778 1196 luxuriantur,
949 1149 1032 1186 ibid.

198 1228 249 1234 —
265 1206 338 1241 sunt
356 1203 469 1239 brevis
488 1200 597 1244 furor,
983 1211 1029 1246 92

198 1276 248 1284 --
265 1253 444 1303 quomodo
457 1252 476 1287 a
489 1251 616 1286 ratione
632 1249 807 1293 differunt,
839 1260 918 1297 170.
969 1249 1032 1284 Ad

248 1306 379 1340 bonum
401 1313 569 1350 apparens
585 1299 752 1343 feruntur,
949 1298 1030 1335 ibid.

199 1375 249 1383 -—
265 1351 540 1389 vehementiores
574 1350 718 1398 Affeiins
758 1348 917 1397 ambigui
957 1347 1033 1383 sunt

250 1405 358 1446 sexus,
897 1447 905 1453 ⁶
925 1446 932 1453 .
984 1410 1027 1446 91

199 1455 321 1502 Africa
338 1451 487 1499 antiquis
510 1463 578 1487 non
605 1450 744 1496 cognita
770 1448 858 1484 ultra
875 1457 1031 1483 citimam

248 1502 475 1549 AEthiopiae
487 1511 638 1550 partem,
657 1502 738 1536 288.
775 1499 893 1546 Africa
906 1497 1034 1532 similes

248 1553 349 1588 habet
364 1551 516 1593 isthmos,
543 1550 614 1588 &a
860 1559 943 1593 344,
963 1558 1031 1592 352

199 1602 308 1649 Agens
326 1602 468 1648 patiens,
855 1608 941 1639 200,
961 1608 1028 1632 201

199 1652 338 1699 Agefilai
348 1651 391 1686 de
405 1650 630 1686 Pharnabazo
640 1647 785 1691 dictum,
807 1659 823 1693 3
830 1659 861 1692 5.
906 1647 1031 1681 Incho-

248 1701 322 1737 avit
341 1699 588 1736 subversionem
603 1699 747 1742 Perfiae,
773 1709 827 1743 55.
878 1696 1033 1743 Compa-

249 1761 341 1786 ratur
360 1749 591 1788 Timoleonti,
966 1747 1032 1793 178

200 1801 348 1848 Agilitas
364 1797 658 1843 funambulorum,
965 1806 1034 1840 130

201 1849 431 1898 Agricultura,
450 1847 559 1895 qualis
574 1848 734 1883 tractatus
749 1844 799 1881 isti
815 1844 878 1880 arti
894 1843 1032 1879 inservi-

249 1910 313 1941 ret,
333 1900 415 1933 208.
465 1898 681 1944 Agricultura
697 1895 883 1931 exercenda
899 1907 919 1929 a
935 1893 1033 1929 fundi

249 1948 415 1990 dominis,
961 1954 1034 1987 244

201 1998 404 2046 Agrippina,
434 1999 493 2042 58.
543 1995 727 2032 Tiberium
745 1994 858 2031 verbis
873 1993 1034 2030 aculeatis

248 2057 464 2088 commovet,
962 2054 980 2076 2
987 2055 1005 2089 3
1016 2055 1028 2078 1

201 2097 374 2133 Alacritas
391 2096 496 2131 nimia
514 2094 715 2139 cohibenda,
963 2103 981 2126 2
988 2104 1006 2138 3
1013 2105 1031 2139 3

201 2147 371 2182 Albedinis
388 2145 485 2181 causa
503 2145 537 2180 in
556 2145 645 2187 nive,
966 2145 1030 2177 108

201 2196 354 2232 Albertus
371 2206 518 2237 notatur,
985 2203 1031 2236 42

200 2246 316 2282 Album
333 2245 502 2281 Praetoris
518 2244 606 2292 apud
622 2245 815 2285 Romanos,
963 2251 1033 2287 253

201 2295 384 2330 Alchermes
401 2293 582 2337 confectio,
629 2303 631 2306 “
966 2304 979 2326 1
988 2302 1005 2325 2
1013 2292 1034 2326 6

201 2345 368 2389 Alchymia
384 2344 533 2379 multum
547 2344 651 2379 habet
661 2342 871 2383 Phantafiae,
984 2352 1030 2386 42

203 2394 413 2439 Alchymislae
430 2394 467 2428 &
485 2393 674 2429 Paracelsus
691 2392 889 2434 refutantur,
966 2402 1006 2425 12
1017 2403 1029 2425 1

202 2463 252 2469 —
268 2455 385 2479 eorum
405 2455 521 2491 opera,
964 2451 1036 2488 294

202 2512 252 2519 ·—
263 2505 357 2528 error
369 2493 405 2526 &
416 2493 554 2534 inscitia,
567 2494 648 2538 389.
663 2491 806 2527 Inventa
816 2502 951 2534 eorum,
964 2503 1030 2537 391

204 2541 387 2578 Alexandri
405 2542 550 2589 Borgiae
568 2542 713 2584 dictum,
967 2552 979 2574 1
993 2553 1004 2575 1
1014 2551 1035 2585 5

204 2590 387 2626 Alexandri
411 2591 466 2626 M.
490 2604 540 2626 res
557 2591 669 2638 gestae
694 2591 740 2626 ab
760 2589 945 2626 AEschine
971 2602 1038 2638 pro

251 2640 381 2674 miculo
400 2640 546 2683 habitae,
575 2652 657 2687 300.
710 2641 765 2676 De
792 2652 834 2676 eo
858 2639 956 2675 aliter
984 2639 1035 2674 lo-

253 2698 348 2724 cutus
366 2689 412 2723 T.
433 2689 568 2728 Livius,
956 2687 1036 2725 ibid.

205 2737 390 2774 Alexander
406 2738 571 2784 Magnus,
601 2750 653 2785 31.
704 2739 788 2786 Ejus
806 2738 983 2787 expeditio
1002 2738 1036 2773 in

255 2788 392 2829 Asiam,
420 2799 490 2833 quo
509 2788 614 2823 modo
627 2783 743 2836 primo
759 2798 916 2837 excepta,
991 2799 1036 2834 43

206 2836 396 2872 —Achilli
413 2848 615 2882 praeconem
630 2838 828 2875 Homerum
842 2838 976 2881 invidit,
993 2849 1035 2883 51

205 2906 254 2914 —
271 2887 315 2922 ab
329 2884 528 2928 Aristotele,
542 2885 762 2931 Callisthene,
781 2888 922 2936 aliisque
935 2888 1040 2923 edoc-

206 2946 396 3020 —tbialuit
411 2982 565 3019 doc'trina
589 2995 694 3030 quam
715 2984 862 3032 imperio
878 2936 1040 3021 omnibtis

257 3034 473 3081 praecellere,
961 3035 1040 3071 ibid.

208 3103 257 3110 -—
273 3083 496 3118 Cassandrum
531 3080 748 3128 perstrinxit,
799 3082 1041 3120 Callisthenem

255 3133 344 3168 clam
370 3132 453 3169 odio
476 3131 608 3174 habuit,

993 3144 1037 3177 52

1081 230 1132 236 —-
1149 210 1380 246 Assentatores
1401 207 1515 252 irrisit,
1747 212 1912 260 ⁴Pags52

1081 278 1131 288 --
1142 259 1367 308 Antipatrum
1379 258 1624 308 perstrinxit&
1636 259 1914 308 Parmenionem,

1609 327 1612 332 '
1833 312 1914 350 ἰτὼ-ΔΑ

1081 378 1132 384 --
1149 358 1259 393 noluit
1275 357 1429 394 suffurari
1447 358 1642 403 vffioriam,

1082 427 1132 434 ——-
1148 407 1300 443 summus
1317 408 1484 455 Logicus‚

1082 470 1133 483 -—·-
1150 457 1184 492 in
1204 458 1396 493 Rhetoricis
1412 457 1686 505 elegantissimus,

1082 527 1132 533 ——-
1150 506 1183 541 in
1204 506 1358 542 Politicis
1373 506 1619 549 verstuiffimus,
1669 535 1671 538 ⁴

1082 570 1137 583 —<
1149 554 1218 601 ejus
1243 556 1286 591 de
1305 556 1404 592 Darii
1430 556 1544 592 arcula
1565 557 1752 604 judicium,
1775 562 1852 595 viz.
1879 569 1918 597 ut

1133 605 1284 641 Homeri
1302 618 1407 653 opera
1435 606 1470 641 in
1500 619 1539 642 ea
1557 607 1820 652 asservarentur,
1843 609 1914 647 sen-

1132 654 1272 690 tentiam
1291 655 1383 697 tulit,
1805 685 1807 687 .
1857 670 1911 704 ²51

1083 724 1133 731 —
1148 703 1294 751 epistola
1331 703 1566 752 objurgatoria
1606 704 1652 743 ad
1689 705 1917 756 Aristotelem

1132 754 1243 797 missa,
1655 774 1659 779 -
1804 760 1815 780 ι’
1828 756 1928 799 ibid„

1082 822 1133 831 —
1149 803 1430 852 Apophthegma
1447 803 1482 839 in
1497 803 1710 852 -Diogenem,

1762 369 1823 408 52,
1844 372 1914 408 243

1868 424 1913 457 52

1833 460 1914 498 ibid.

1788 521 1849 556 5²⁹
1869 522 1914 557 53

1870 818 1914 852 51

1083 873 1132 880 —-
1149 865 1314 900 magnam
1325 853 1397 889 vim
1412 854 1573 901 pecuniae
1586 853 1809 904 suppeditavit
1818 856 1939 892 Aris-⁴

1134 903 1246 946 toteli,
1569 927 1575 930 «
1856 926 1862 931 -
1895 916 1914 942 2

1082 971 1131 979 —--
1148 964 1216 987 non
1236 953 1270 987 in
1284 951 1439 988 finitimis
1457 952 1554 988 bellis
1571 965 1769 1002 occupatuS,
1871 956 1916 992 88

1085 1022 1132 1028 —
1148 1002 1281 1038 dffium
1299 1000 1368 1050 ejus
1385 1003 1427 1037 de
1445 1002 1566 1039 somno
1585 1003 1622 1039 δε
1639 1015 1784 1046 venere,
1809 1015 1813 1031 i
1840 1006 1921 1048 484

1083 1051 1266 1087 Alexandri
1281 1052 1396 1087 Severi
1413 1051 1612 1100 imperium,

1083 1101 1227 1148 Algebra
1245 1113 1312 1136 non
1332 1101 1416 1137 bene
1434 1101 1681 1142 consummata,

1083 1150 1299 1186 Alimentatio
1310 1161 1457 1198 quatuor
1470 1151 1580 1186 modis
1592 1160 1832 1199 promovetur,
1850 1163 1863 1186 1
1871 1164 1919 1200 29

1845 1201 1915 1239 162

1760 1271 1770 1285 κ
1787 1275 1795 1284 ·>
1820 1260 1918 1299 >'‘2294

1810 1319 1829 1347 ἴε
1867 1311 1918 1346 40

1872 1064 1916 1099 32

1083 1199 1295 1247 Alphabetum
1311 1201 1454 1248 vulgare
1471 1199 1509 1235 &
1528 1201 1715 1244 occultum,

1082 1270 1133 1276 —
1150 1249 1283 1285 nullum
1303 1249 1335 1284 in
1353 1262 1462 1298 regno
1477 1250 1647 1293 Sinarum,

1083 1299 1322 1335 Altercationes
1339 1313 1447 1335 vanae
1465 1299 1758 1343 scholasticorum,

1083 1349 1274 1384 Amadicius
1292 1349 1334 1384 de
1353 1348 1483 1392 Gallia,
1779 1370 1791 1394 1
1846 1360 1918 1398 295

1083 1399 1326 1443 Amanuenfium
1340 1399 1467 1434 inscitia
1480 1399 1513 1434 in
1526 1398 1610 1434 aulis
1620 1398 1832 1447 principum,
1847 1400 1920 1445 164

1083 1450 1206 1484 Amare
1223 1449 1260 1484 δε
1276 1449 1389 1497 sapere
1418 1461 1486 1484 non
1504 1448 1635 1496 semper
1652 1448 1776 1496 cuique
1793 1459 1919 1486 conce-

1131 1497 1239 1541 ditur,
1871 1499 1894 1534 6

1082 1546 1245 1595 Ambigua
1261 1548 1442 1596 quomodo
1457 1547 1620 1590 tollenda,
1742 1547 1824 1593 256,
1845 1559 1864 1582 2
1871 1511 1920 1595 53

1083 1597 1229 1633 Ambitio
1255 1596 1303 1634 est
1331 1598 1436 1645 pestis
1463 1597 1663 1641 hominum,
1697 1608 1780 1634 201.
1820 1633 1828 1639 ,
1859 1597 1919 1645 jus

1133 1659 1274 1694 genera,
1843 1658 1864 1693 3
1873 1659 1885 1682 1
1894 1658 1915 1682 2

1082 1695 1278 1741 Ambrosius,
1870 1707 1920 1744 70

1083 1745 1193 1781 Amici
1202 1746 1339 1788 cadant,
1353 1746 1458 1782 modo
1468 1746 1598 1783 inimici
1612 1746 1832 1791 intercidant,
1844 1754 1919 1790 240

1082 1816 1132 1823 —-
1149 1795 1223 1831 sunt
1240 1795 1328 1831 fures
1344 1796 1527 1844 temporis,
1839 1795 1919 1834 '216

1082 1865 1132 1872 —-
1150 1853 1314 1880 moveant
1330 1844 1363 1881 se
1381 1845 1547 1889 invicem,
1629 1890 1633 1891 ⁷

1083 1895 1244 1930 Amicitia
1258 1894 1376 1930 eidem
1392 1894 1488 1938 facit,
1514 1907 1600 1943 quae
1612 1892 1795 1937 fortitudo,
1848 1896 1914 1930 188

1082 1946 1243 1980 Amicitia
1260 1956 1339 1979 cum
1359 1944 1480 1992 quibus
1496 1944 1727 1980 contrahenda
1743 1945 1788 1981 ad
1805 1943 1917 1992 inqui-

1133 1993 1286 2029 {itionem
1305 1993 1514 2037 animorum,
1843 2004 1914 2040 232

1082 2045 1265 2079 Amicorum
1283 2043 1432 2078 delectus
1456 2043 1494 2079 sit
1510 2043 1669 2092 prudens,
1809 2056 1812 2062 ’
1844 2054 1916 2090 225

1080 2115 1130 2121 -
1146 2105 1265 2129 eorum
1297 2093 1461 2128 mollities
1491 2094 1525 2128 in
1551 2091 1774 2129 admonendo
1801 2104 1916 2141 repre-

1133 2143 1306 2185 henditur,
1845 2142 1918 2178 226

1082 2193 1257 2238 Amnestia,
1845 2203 1889 2226 22
1894 2191 1921 2238 5

1082 2243 1183 2278 Amor
1199 2254 1314 2278 rerum
1343 2241 1541 2284 concordia,
1571 2241 1628 2278 86.
1678 2241 1780 2278 Varii
1794 2242 1917 2283 nomi·

1132 2292 1196 2335 nis,
1227 2293 1303 2328 188.
1356 2291 1475 2327 Mores
1503 2291 1634 2339 optime
1659 2289 1798 2333 format,
1833 2301 1917 2328 212.

1134 2341 1218 2387 Ejus
1248 2342 1455 2378 charaaeres
1483 2354 1502 2377 a
1521 2339 1716 2378 Menandro
1739 2341 1777 2376 &
1795 2340 1918 2378 Xeno-

1135 2392 1278 2439 phonte,
1835 2389 1920 2428 ibid.

1083 2440 1372 2487 Anabaptssarum
1389 2440 1562 2481 Haerefis,
1833 2463 1838 2467 <
1850 2449 1920 2487 199

1083 2489 1272 2536 Analytica,
1851 2499 1916 2534 152

1083 2539 1296 2575 Anatomicae
1316 2538 1563 2587 disquisitiones
1589 2536 1648 2574 ubi
1674 2537 1919 2580 desiderantur,

1084 2638 1260 2676 Anatomia
1273 2638 1419 2686 simplex
1433 2639 1471 2674 δε
1485 2644 1696 2687 comparata,
1720 2647 1798 2679 ¹²4·
1835 2598 1921 2672 131²:
1965 2671 1969 2674 .

1135 2690 1242 2726 rimae
1257 2687 1478 2724 diffeffiones.
1489 2689 1534 2725 ad
1553 2696 1790 2735 comparatam
1809 2685 1921 2722 neces·

1135 2739 1253 2781 sariae,
1748 2745 1829 2779 124,
1853 2745 1920 2782 ¹²5

1086 2787 1263 2824 Anatomia
1283 2786 1442 2822 vivorum
1461 2786 1682 2826 defideratur‚
1852 2794 1920 2831 125

1085 2849 1312 2886 ---corporum
1321 2836 1560 2883 organicorum
1569 2833 1845 2876 commendatur,
1851 2845 1869 2880 3
1878 2844 1889 2868 ι
1897 2832 1922 2869 6

1087 2887 1305 2935 Anaxagorae
1323 2886 1487 2927 inventio,
1517 2887 1572 2921 82.
1599 2896 1634 2920 v.
1659 2894 1740 2930 107,
1761 2886 1843 2932 287.
1868 2896 1872 2899 ’

1086 2957 1136 2963 --
1152 2936 1221 2985 ejus
1239 2934 1452 2984 philosophia
1468 2935 1512 2970 de
1527 2934 1767 2976 omoiomeris,
1850 2932 1920 2978 283

1087 2986 1283 3021 Anaxarchi
1311 2984 1485 3032 patientia,
1525 2995 1603 3018 cum
1633 2982 1790 3030 linguam
1822 2982 1855 3017 in
1881 2993 1921 3016 os

1136 3035 1271 3083 tyranni
1289 3043 1465 3080 expueret,
1854 3041 1867 3066 ι
1877 3043 1890 3066 1
1900 3031 1922 3066 8

1087 3084 1301 3120 Anaximenes
1329 3081 1441 3119 aerem
1471 3092 1582 3118 rerum
1614 3080 1826 3131 principium
1853 3080 1919 3116 sta-

1136 3132 1212 3175 tuit,
1876 3131 1919 3164 82

1817 3177 1923 3216 Audis

1845 1844 1918 1880 226
1940 1862 1947 1867 ·

1701 905 1893 950 ⁶³6

1788 1112 1985 1147 ,1140

1831 1597 1866 1633 E

2023 1949 2040 2536 q

1983 2607 2005 2625 Φ
