2040 3439
339 407 1236 501 GUILIELMUS
1340 407 1882 505 RAWLEK

529 585 686 630 Sacrae
717 576 1000 641 Theologiae
1034 577 1070 624 P
1079 595 1106 625 R
1115 595 1143 624 o
1155 596 1177 625 F
1189 596 1210 626 Ε
1221 595 1240 625 s
1254 596 1271 625 s
1280 592 1363 637 oa,
1401 572 1688 624 Illustriffimi

979 662 1026 707 D
1039 678 1068 708 0
1083 678 1117 708 M
1136 678 1150 708 1
1171 675 1203 709 Ν
1220 679 1234 708 1

361 797 1893 916 DFRANCJSC‘J

611 1002 796 1051 Batonis
831 1000 890 1049 de
923 1002 966 1047 V
975 1017 999 1048 E
1011 1019 1038 1048 R
1047 1018 1076 1048 U
1086 1018 1110 1047 L
1120 1018 1146 1049 A
1157 1018 1191 1047 M
1201 1016 1266 1058 10,
1305 995 1634 1046 Vice-Comitis

734 1085 942 1132 SANc‘rt
977 1085 1166 1130 ALBAN
1179 1098 1208 1139 1,
1245 1079 1512 1128 Sacellanus.

811 1264 1288 1322 LECTORI
1377 1262 1431 1319 S.

509 1405 607 1448 UM
634 1405 813 1444 Domino
835 1416 927 1443 meo
948 1403 1140 1454 placuerit,
1169 1415 1217 1439 eo
1239 1414 1301 1439 me
1317 1402 1463 1451 dignari
1478 1401 1639 1450 honore,
1669 1403 1765 1441 utin
1779 1401 1935 1440 edendis

532 1461 708 1511 operibus
735 1459 808 1497 suis
835 1471 949 1510 opera
970 1471 1054 1496 mea
1082 1457 1166 1496 usus
1188 1456 1256 1498 sit5
1294 1470 1374 1495 non
1406 1457 1468 1493 abs
1493 1470 1533 1494 re
1558 1458 1641 1495 fore
1668 1456 1880 1504 existimavi,
1908 1455 1936 1495 fi

533 1517 715 1554 lectorem
738 1515 785 1552 de
815 1515 1010 1566 aliquibu8‚
1039 1525 1132 1561 quae
1157 1513 1203 1550 ad
1227 1513 1329 1551 hunc
1356 1513 1524 1564 primum
1546 1523 1700 1550 tomum
1729 1514 1935 1564 pertinent,

534 1573 696 1609 breviter
719 1581 909 1607 moneam.
964 1568 1181 1606 Tractatum
1212 1568 1332 1614 istum,
1361 1568 1409 1604 de
1437 1568 1633 1616 Dignitate
1657 1567 1937 1618 &Augmentis

332 1629 596 1674 Scientiarum,
622 1636 710 1663 ante
730 1637 850 1662 annos
866 1623 1091 1669 ostodecim,
1122 1623 1239 1660 edidit
1262 1623 1478 1660 dominatio
1495 1621 1566 1670 sua,
1597 1624 1725 1672 lingua
1739 1624 1868 1675 patria,
1899 1624 1939 1659 in

331 1686 428 1722 duos
446 1681 718 1721 tantummodo
741 1680 858 1717 libros
872 1678 1106 1716 distributum
1124 1693 1134 1720 3
1164 1680 1201 1715 ὅ(
1225 1679 1346 1728 regiae
1363 1677 1446 1715 suae
1460 1677 1634 1723 majestati
1656 1679 1805 1725 dicavit,
1834 1677 1939 1727 quod

333 1743 371 1778 δε
400 1750 503 1776 nunc
524 1737 622 1774 facit.
679 1738 776 1773 Non
801 1737 851 1773 ita
884 1734 1030 1785 pridem
1055 1735 1225 1771 animum
1256 1733 1401 1780 adjecit,
1431 1743 1471 1769 ut
1500 1731 1539 1769 in
1567 1731 1739 1770 Latinam
1769 1734 1939 1783 linguam

334 1803 540 1833 verteretur
560 1806 567 1828 :
597 1791 830 1829 Inaudiverat
850 1788 1030 1839 siquidem
1051 1789 1144 1826 illud
1159 1789 1256 1840 apud
1276 1795 1422 1825 exteros
1441 1789 1581 1837 expeti:
1613 1789 1835 1840 Qinetiam
1850 1787 1942 1825 sole-

335 1850 399 1887 bat
421 1847 576 1886 subinde
598 1847 734 1892 dicere,
764 1846 881 1883 ]ibros
905 1844 1098 1882 modernis
1114 1846 1252 1894 linguis
1274 1842 1519 1893 conscriptos,
1549 1845 1696 1881 nonita
1712 1845 1840 1881 multo
1863 1842 1944 1895 post

335 1904 570 1941 demetur-os.
625 1902 714 1946 Ejus
746 1902 860 1950 igitur
893 1898 1191 1946 transsationem,
1228 1898 1273 1936 ab
1308 1896 1576 1947 insignioribus
1612 1899 1837 1946 quibusdam
1865 1899 1944 1935 elo-

334 1959 490 2008 quentia
511 1958 598 1995 viris
621 1956 860 2003 elaboratam,
890 1956 1040 2006 propria
1065 1966 1219 2003 quoque
1247 1952 1462 1991 recensione
1491 1953 1712 2003 castigatam,
1741 1955 1816 1999 jam
1837 1952 1942 1991 emit-

336 2016 396 2052 tit.
453 2012 513 2049 Ae
530 2011 622 2049 liber
645 2013 789 2062 primus
813 2021 925 2058 certe,
953 2006 1052 2059 quasi
1074 2021 1178 2047 mera
1202 2008 1397 2047 transsatio
1420 2008 1479 2055 est,
1510 2010 1552 2045 in
1581 2011 1706 2057 paucis
1735 2009 1944 2046 admodum

336 2078 526 2107 mutatus:
555 2066 611 2103 At
632 2065 765 2114 reliqui
785 2066 884 2113 osto,
913 2067 978 2114 qui
999 2063 1222 2102 Partitiones
1237 2062 1476 2101 scientiarum
1500 2064 1664 2110 tradunt,
1693 2074 1804 2112 atque
1828 2064 1947 2101 unico

339 2133 427 2160 ante
457 2123 558 2159 libro
572 2121 876 2167 continebantur,
905 2130 946 2158 ut
961 2131 1106 2157 novum
1121 2131 1227 2169 opus,
1259 2121 1296 2156 &
1311 2131 1415 2156 nune
1431 2120 1597 2168 primum
1617 2121 1774 2166 editum,
1804 2119 1944 2169 prodit.

344 2176 465 2215 Causa
486 2186 610 2214 autem
633 2177 839 2227 praecipua,
867 2187 962 2224 quae
983 2175 1292 2213 dominationem
1315 2174 1418 2212 suam
1438 2176 1571 2226 movit,
1600 2185 1641 2212 ut
1666 2186 1761 2226 opus
1789 2174 1865 2212 hoc
1892 2185 1947 2211 re-

342 2232 527 2278 tradar-et,
559 2233 595 2268 ὃς
619 2232 659 2266 in
680 2230 849 2280 plurimis
874 2229 1129 2280 amplificaret,
1156 2242 1198 2267 ca
1218 2229 1309 2270 fuit3
1338 2230 1442 2277 quod
1464 2230 1505 2266 in
1525 2228 1791 2266 instauratione
1807 2229 1949 2279 Magna

347 2287 480 2337 (quam
507 2287 572 2323 diu
601 2285 723 2335 postea
749 2286 880 2333 edidit)
903 2284 1126 2322 Partitiones
1152 2284 1402 2331 scientiarum,
1436 2296 1509 2336 pro
1528 2286 1648 2333 prima
1674 2284 1951 2322 Instaurationis

346 2353 450 2393 parte
467 2341 676 2381 constituit3
692 2352 807 2389 quam
824 2341 1037 2389 sequeretur
1048 2341 1207 2378 Novum
1224 2341 1444 2389 Organum3
1466 2339 1554 2376 dein
1569 2339 1728 2377 Historia
1744 2340 1919 2377 naturalis
1935 2354 1950 2381 ς

349 2399 387 2434 &
407 2395 454 2434 fic
477 2397 662 2446 deinceps.
721 2396 823 2433 Cum
840 2395 953 2446 igitur
973 2397 1151 2444 reperiret
1166 2405 1310 2447 partem
1331 2407 1414 2432 eam
1437 2395 1483 2431 de
1498 2395 1767 2432 Partitionibus
1788 2394 1954 2431 seientia-

352 2463 438 2488 rum
462 2452 535 2497 jam
556 2450 702 2500 pridem
733 2451 973 2497 elaboratam,
1006 2449 1244 2497 (licetminus
1268 2449 1386 2487 solide
1409 2462 1522 2498 quam
1550 2451 1761 2498 argumenti
1791 2450 1953 2499 dignitas

352 2505 565 2557 postularet)
596 2507 786 2555 optimum
817 2506 901 2543 fore
932 2506 1086 2556 putavit,
1124 2503 1149 2541 si
1177 2505 1447 2551 retraftaretur,
1477 2507 1514 2541 &
1542 2502 1768 2553 redigeretur
1796 2506 1835 2541 in
1862 2516 1962 2556 opus

353 2558 486 2606 justum
512 2562 549 2596 ὅ(
573 2562 817 2610 completum.
872 2560 1003 2608 Atque
1021 2560 1095 2597 hoc
1120 2560 1241 2609 pac'to,
1270 2559 1383 2596 fidem
1408 2559 1509 2596 suam
1526 2559 1673 2595 liberari
1690 2560 1880 2608 intelligit,
1910 2560 1958 2596 de

356 2616 478 2664 prima
504 2624 607 2662 parte
635 2614 913 2653 instaurationis
937 2614 1157 2664 praestitam.
1211 2616 1410 2665 Quantum
1439 2614 1483 2651 ad
1512 2625 1605 2663 opus
1629 2613 1763 2665 ipsum,
1801 2626 1882 2651 non
1908 2614 1956 2652 cst

357 2669 548 2706 tenuitatis
576 2680 691 2716 meae,
719 2671 765 2707 de
790 2683 838 2708 eo
866 2670 1005 2718 aliquid
1022 2669 1190 2718 praefari.
1247 2670 1495 2706 Praeconium
1516 2670 1562 2714 ei,
1592 2669 1693 2716 quod
1712 2668 1854 2718 optimc
1869 2681 1958 2706 con-

357 2725 494 2770 veniat,
524 2722 690 2760 existimo
705 2725 873 2763 futurum
897 2725 1002 2771 illud,
1031 2723 1133 2772 quod
1158 2722 1430 2760 Demosthenes
1457 2723 1647 2760 interdum
1670 2724 1794 2760 dicere
1818 2724 1959 2761 solebat

359 2778 530 2815 derebus
544 2777 647 2826 gestis
666 2778 948 2817 Atheniensium
965 2790 1155 2818 veterum3
1187 2775 1450 2815 Laudatorem
1473 2779 1525 2815 iis
1547 2776 1704 2830 dignum
1729 2775 1800 2828 (ffb
1815 2776 1956 2829 solum-

359 2829 465 2870 modo
488 2838 646 2883 tempus.
701 2832 836 2871 Deum
863 2834 956 2886 Opt.
970 2831 1086 2873 Max.
1115 2834 1252 2870 obnixe
1273 2845 1417 2883 precor,
1447 2845 1499 2879 ut,
1529 2845 1599 2882 pro
1627 2834 1807 2883 dignitate
1825 2835 1958 2885 operis,

361 2887 499 2926 fructus
518 2887 646 2926 uberes
662 2887 906 2939 diuturnique
922 2892 957 2928 ὅ(
973 2889 1114 2929 :tutiori
1132 2890 1166 2925 3<
1183 2888 1313 2925 leston
1332 2890 1539 2939 contingat.

1632 3052 1960 3109 FRAN..
