2040 3439
87 182 294 247 Cap.IlI.
355 183 447 228 DE
495 179 922 226 AUGMENTIS
958 178 1481 226 SCIENTIARUM.

83 274 204 314 tiones
227 272 264 309 &
284 271 620 309 demonstrationes
644 270 867 317 dialecticae,
897 269 1072 308 universis
1101 268 1317 307 hominibus
1338 270 1422 307 sunt
1447 280 1691 312 communes

83 342 120 368 at
134 329 376 381 probationes
401 329 437 363 &
454 324 634 363 suasiones
650 325 869 372 rhetoricae,
897 337 968 375 pro
989 327 1134 377 ratione
1150 324 1364 363 auditorum
1380 324 1508 362 variari
1530 326 1690 368 debent5

85 396 127 424 ut
142 385 225 432 quis
256 392 434 433 tanquam
450 379 620 426 muficu8,
650 381 799 418 auribus
818 379 963 417 diversis
980 380 1014 418 se
1030 381 1336 427 accommodans,
1367 378 1407 418 lit
1423 380 1579 417 demum

427 458 604 513 Orpheus
622 460 664 499 in
677 457 823 511 Jy'lvis,
853 460 958 498 inter
979 457 1182 513 deminus
1206 461 1345 500 Arion.

85 537 192 586 Qae
213 531 364 582 quidem
393 530 592 583 applicatio
612 533 649 568 ὅ(
678 529 832 569 variatio
864 530 1043 570 orationis
1074 532 1115 582 (fi
1136 533 1217 582 quis
1245 536 1322 579 ejus
1349 537 1620 585 pet-sefflionem
1650 542 1686 576 ὃς

86 591 238 628 culmen
266 586 457 634 desideret)
488 598 547 632 eo,
565 585 677 638 usque
697 587 845 623 extendi
875 587 1004 630 debet3
1034 598 1074 624 ut
1100 586 1123 624 si
1148 590 1277 626 eadem
1309 590 1383 639 ipsa
1406 593 1500 641 apud
1526 593 1688 631 diversos

86 640 260 682 homines
288 641 357 679 sint
379 641 548 686 dicenda,
576 641 672 690 apud
699 637 862 690 singulos
886 653 1012 679 tamen
1038 642 1114 678 aliis
1144 655 1254 692 atque
1283 646 1362 681 aliis
1384 648 1502 684 verbis
1517 646 1556 684 si't
1584 658 1688 686 uten-

87 701 190 736 dum.
247 699 472 751 Qianquam
500 696 567 732 hac
587 707 689 746 parte
718 696 956 744 'eloquentiae
988 696 1151 749 (politica
1182 698 1320 737 scilicet
1350 703 1385 737 ὃ(
1410 702 1617 751 negotiosa,
1647 704 1688 742 in

85 755 232 805 privatis
255 751 501 798 sermonibus)
532 750 714 787 maximos
746 762 914 788 oratores
942 753 1148 801 plerunque
1172 753 1315 790 destitui
1345 767 1490 793 certum
1506 755 1564 798 fit3
1593 755 1688 796 durh

86 818 263 847 ornatum
287 809 324 844 ὅ(
346 807 528 844 formulas
540 807 726 855 elegantes
749 805 930 843 orationis
945 817 1144 856 captantes,
1174 810 1332 845 volubili
1351 811 1412 846 illa
1429 810 1688 862 applicatione,

87 860 126 900 δε
144 860 411 900 characteribus
438 860 669 907 sermonum,
699 859 831 908 quibus
851 860 973 898 versus
997 859 1159 909 fingulos
1186 865 1240 899 uti
1262 864 1467 902 consultius
1489 866 1600 914 foret,
1631 881 1689 906 ex-

86 917 225 956 cidunt.
285 917 400 953 Certe
416 928 496 952 non
511 916 574 959 abs
591 928 628 952 re
643 914 769 962 fuerit,
796 917 891 959 eirca
906 912 979 952 hoc
991 915 1123 965 ipsum,
1154 917 1200 954 de
1217 929 1294 966 quo
1305 930 1407 955 nunc
1421 919 1592 969 dicimus,
1622 936 1690 960 no-

85 984 169 1011 vam
197 970 384 1010 instituere
413 968 709 1018 inquisitionem,
738 977 896 1019 eamque
924 972 1085 1007 nomine
1105 971 1324 1020 prudentiae
1354 973 1534 1012 sermonis
1557 977 1690 1027 privati

85 1027 295 1079 indigitare,
322 1037 433 1074 atque
463 1027 564 1062 inter
587 1023 786 1071 desiderata
809 1037 1008 1074 reponere:
1037 1028 1136 1064 Rem
1170 1037 1282 1074 certe,
1311 1040 1423 1077 quam
1448 1042 1527 1078 quo
1543 1030 1689 1070 attenti-

85 1079 127 1121 us
142 1084 228 1133 ¹'quis
241 1083 439 1131 recogitet,
468 1079 516 1116 eo
530 1078 644 1130 pluris
660 1078 781 1118 faciet.
838 1081 987 1120 Utrum
1002 1093 1092 1120 vcro
1109 1080 1197 1118 haec
1213 1081 1312 1119 inter
1332 1083 1529 1132 rhetorica,
1559 1098 1605 1124 an
1624 1099 1688 1137 po-

86 1135 186 1176 litica
205 1137 426 1183 collocetur,
454 1134 552 1172 haud
574 1133 700 1185 magni
722 1135 845 1172 refert.

140 1193 517 1231 DEscENDAMUs
546 1191 667 1228 modo
690 1190 733 1227 ad
750 1187 948 1227 desiderata
964 1191 1002 1227 in
1021 1189 1087 1227 hae
1097 1190 1187 1238 arte,
1215 1204 1309 1241 quae
1339 1191 1397 1242 (ut
1412 1204 1498 1231 ante
1515 1195 1688 1245 diximus)

87 1248 164 1292 ejus
187 1246 272 1284 sunt
298 1244 456 1296 generis,
484 1256 526 1282 ut
554 1255 624 1297 pro
647 1243 911 1295 appendicibus
938 1244 1062 1294 potius
1090 1245 1226 1283 censeri
1261 1247 1432 1295 debeant,
1473 1261 1587 1298 quam
1616 1264 1688 1302 pro

85 1297 327 1352 portionibus
340 1301 426 1338 artis
440 1298 557 1349 ipsius,
587 1303 623 1337 ὅ(
637 1302 828 1350 pertinent
847 1300 976 1337 omnia
1000 1300 1044 1337 ad
1061 1303 1369 1350 promptuariam.
1427 1303 1557 1342 Primo
1573 1308 1686 1356 igitur

86 1369 168 1395 non
184 1355 408 1401 invenimus,
437 1357 500 1404 qui
527 1355 764 1405 prudentiam
794 1355 910 1400 illam,
939 1353 1045 1391 simul
1070 1358 1106 1393 ὅ(
1130 1357 1363 1404 diligentiam
1379 1358 1600 1406 Aristotelis,
1631 1363 1690 1399 be-

87 1424 138 1450 ne
165 1410 375 1462 persecutus
393 1407 434 1447 fit
462 1420 524 1447 aut
549 1408 780 1461 suppleverit.
836 1409 907 1446 Hic
932 1407 1113 1446 nimirum
1138 1409 1259 1460 coepit
1287 1413 1477 1462 colligere,
1506 1412 1604 1464 signa
1624 1429 1690 1466 po-

86 1468 240 1517 pularia,
268 1463 338 1502 five
353 1466 500 1501 colores
523 1464 670 1502 boniac
692 1464 782 1501 mali
801 1465 1022 1514 apparenti5‚
1053 1475 1130 1501 tam
1150 1463 1321 1515 simplicis
1345 1479 1457 1515 quam
1470 1464 1689 1521 comparati,

87 1521 152 1571 qui
166 1519 252 1558 sunt
274 1531 358 1558 vere
374 1519 597 1569 sophismata
619 1518 816 1556 rhetorica.
874 1517 968 1556 Sunt
993 1529 1119 1556 autem
1144 1522 1271 1557 eximii
1293 1520 1387 1568 usus,
1416 1523 1629 1571 praesertim
1645 1528 1692 1563 ad

88 1574 251 1626 negotia,
293 1576 331 1610 &
358 1574 595 1625 prudentiam
620 1572 804 1610 sermonis
831 1573 973 1622 privati.
1045 1575 1205 1611 Labores
1238 1587 1328 1612 vero
1357 1576 1568 1616 Aristotelis
1597 1582 1692 1618 eirca

87 1633 234 1668 colores
246 1629 332 1666 istos
350 1627 389 1666 in
404 1629 521 1666 tribus
548 1628 770 1666 claudicant„
826 1627 970 1675 Primo,
995 1628 1099 1677 quod
1124 1642 1210 1666 cum
1241 1630 1354 1668 multi
1373 1628 1453 1678 sint,
1483 1645 1617 1682 paucos
1633 1631 1693 1672 ad-

89 1685 252 1723 modum
279 1683 478 1721 recenseat.
536 1683 722 1729 Secundo,
752 1682 856 1732 quod
883 1683 1059 1721 elenchos
1081 1684 1165 1721 suos
1191 1685 1272 1722 non
1302 1685 1461 1724 habeant
1488 1689 1689 1734 adjunelos.

89 1742 239 1786 Tertio,
267 1739 371 1787 quod
396 1738 540 1776 videtur
562 1739 626 1775 illc
650 1738 759 1775 usum
781 1750 913 1775 eorum
939 1751 980 1775 ex
1006 1749 1107 1787 parte
1133 1739 1325 1788 ignorasse.
1386 1741 1487 1782 Usus
1512 1746 1614 1782 enim
1632 1758 1693 1783 eo-

89 1808 188 1841 rum,
217 1806 299 1831 non
322 1795 441 1843 magis
469 1794 513 1830 ad
534 1792 783 1842 probandum,
813 1805 925 1840 quam
955 1794 999 1829 ad
1030 1791 1271 1831 afficiendum
1301 1798 1339 1833 &c
1368 1800 1692 1838 commovendum

91 1850 278 1888 subservit.
336 1843 565 1900 Complures
579 1844 762 1896 siquidem
790 1847 970 1895 lbquendi
1000 1848 1197 1895 formulae,
1227 1861 1318 1899 quae
1343 1852 1442 1888 idem
1473 1851 1691 1902 significant,

89 1904 187 1943 varie
205 1915 333 1941 tamen
346 1899 526 1940 afficiunt.
584 1904 687 1940 Nam
708 1905 823 1951 longe
853 1903 985 1939 fortius
1008 1915 1189 1954 penetrat,
1218 1906 1321 1951 quod
1342 1908 1600 1945 acuminatum
1630 1909 1691 1956 est,

89 1972 205 2009 quam
231 1958 336 2007 quod
351 1958 546 1998 obtusum3
577 1958 663 1994 lieet
687 1959 727 1994 in
743 1956 814 2006 ipsa
841 1954 1075 2008 perculsione
1095 1961 1189 1996 vires
1213 1962 1413 2007 aequaliter
1435 1963 1689 2001 intendantur.

90 2016 223 2054 Nemo
242 2013 293 2050 est
306 2023 420 2059 certe,
449 2012 514 2062 qui
535 2024 617 2050 non
644 2013 761 2062 magis
777 2008 957 2050 afficiatur
987 2013 1150 2059 audiens,
1180 2014 1323 2051 inimici
1340 2018 1393 2051 tui
1416 2016 1551 2054 dehoc
1574 2020 1694 2056 miros

93 2067 304 2119 triumphos
316 2078 428 2117 agent
439 2081 448 2104 :

346 2149 436 2189 Hoc
455 2150 622 2190 Ithacus
647 2148 750 2188 velit
780 2145 827 2192 ὠν
851 2161 986 2202 magno
1006 2158 1223 2188 mcrcentur
1248 2147 1420 2189 Atridae
1427 2170 1441 2195 ,-

79 2223 220 2274 ‘Qum
247 2220 273 2259 fi
305 2219 516 2272 {impliciter
538 2221 690 2268 dicatur,
720 2222 794 2259 hoc
821 2221 928 2258 rebus
944 2223 1016 2258 tuis
1038 2224 1351 2262 incommodabit.
1407 2228 1531 2278 Itaque
1547 2239 1692 2266 mucro-

92 2288 160 2313 nes
182 2275 235 2314 isti
249 2279 288 2314 &
301 2278 419 2314 aculei
436 2277 666 2323 sermonum,
696 2277 855 2312 minime
873 2276 955 2313 sunt
977 2279 1203 2326 negligendi.
1264 2280 1366 2316 Cum
1382 2292 1473 2318 vero
1488 2282 1582 2319 hanc
1600 2290 1691 2330 rem,

89 2341 133 2368 ut
154 2330 395 2370 desideratam
415 2343 683 2383 proponamuS,
713 2342 755 2367 ex
783 2330 1054 2368 consuetudine
1083 2333 1217 2379 nostra,
1248 2334 1351 2371 illam
1378 2336 1552 2388 exemplis
1568 2337 1692 2376 fulcie-

90 2390 208 2427 mus3'
223 2396 416 2438 praecepta
436 2386 538 2423 enim
563 2384 687 2422 minus
717 2397 797 2422 rem
826 2384 1090 2423 illustraverint.

216 2464 393 2512 Exempla
408 2464 581 2500 colorum
603 2461 694 2500 boni
717 2465 753 2500 δε
779 2463 879 2511 mali,
909 2474 986 2501 tam
1010 2462 1182 2517 simplicis
1207 2480 1321 2516 quam
1349 2471 1564 2520 comparati.

148 2528 346 2584 Sophisma
370 2543 403 2569 1.
432 2533 509 2584 Qu
520 2543 579 2569 OD
606 2532 757 2570 laudant
786 2533 959 2571 homines
989 2535 1024 2571 ὃς
1053 2537 1252 2584 celebrant,
1282 2539 1440 2587 bonum,
1468 2543 1572 2592 quod
1599 2546 1693 2582 vitu-

93 2596 226 2640 perant
251 2589 288 2624 &
315 2587 608 2639 reprehendunt,
638 2588 793 2625 malum.

147 2638 358 2679 Elenchus.
388 2643 582 2679 FALL1T
615 2641 809 2693 Sophisma
832 2654 996 2692 quatuor
1019 2646 1162 2682 modisz
1193 2647 1343 2693 seilicet,
1372 2660 1433 2686 aut
1464 2661 1615 2701 propter
1644 2655 1694 2703 ig-

95 2694 327 2736 norantiam3
355 2707 417 2733 aut
444 2707 598 2748 propter
613 2698 750 2734 malam
776 2697 908 2739 fidem3
937 2709 998 2736 aut
1022 2712 1174 2750 propter
1200 2702 1314 2740 studia
1343 2706 1378 2741 &
1406 2704 1603 2747 factionem
1632 2719 1693 2745 aut

93 2761 247 2802 propter
270 2751 418 2800 ingenia
445 2752 681 2788 laudatorum
704 2754 740 2789 ὅ(
764 2753 1070 2804 vituperatorum.
1130 2757 1284 2807 Propter
1305 2760 1574 2808 ignorantiam3
1603 2764 1694 2813 quid

95 2807 196 2854 ‘vulgi
213 2806 395 2850 judicium
410 2806 455 2842 ad
482 2818 636 2843 examen
660 2805 751 2843 boni
770 2810 805 2844 ὅ(
822 2807 909 2844 mali
931 2812 942 2843 ?
984 2808 1120 2846 Melius
1141 2811 1324 2859 Phocion,
1354 2814 1517 2862 quicum
1536 2820 1695 2868 populus

96 2860 132 2897 ei
163 2870 307 2910 praeter
340 2860 493 2897 solitum
522 2861 770 2912 applauderet,
799 2861 985 2912 quaesivit,
1028 2876 1121 2901 num
1154 2865 1251 2903 forte
1283 2867 1505 2916 deliquiss'et?
1544 2872 1698 2921 Propter

96 2917 234 2951 malam
252 2914 380 2961 fidem,
408 2915 598 2953 laudantes
618 2917 722 2952 enim
751 2919 786 2954 ἃ
803 2918 1050 2966 vituperantes
1079 2919 1178 2956 luam
1209 2933 1289 2958 rem
1314 2923 1449 2973 saepius
1477 2936 1604 2973 agunt,
1635 2940 1696 2963 ne-

96 2981 170 3018 que
191 2969 399 3017 loquuntur
427 2979 469 3007 ut
490 2969 666 3008 sentiunt.
1497 2966 1514 2975 ⁹

148 3024 256 3062 VOL.
273 3025 300 3062 1.
866 3026 897 3062 Y
915 3036 936 3062 2
1534 3033 1696 3074 Laudat

1779 191 1871 235 171
