2040 3439
661 146 1186 201 INDEX.

105 247 280 287 memoria
298 244 472 288 servanda,
503 246 560 291 78.
610 246 808 284 Notionurn
831 249 892 284 tes*-

91 330 95 345 ,
112 299 198 339 serae
212 296 298 338 sunt,
327 307 402 338 ¹41·
454 296 513 329 Ad
526 307 644 343 paucas
657 296 765 332 literas
775 298 891 346 alpha-

90 342 183 387 2‘beti
200 345 405 386 reducenda,
438 355 514 379 122.
567 345 739 380 Verborum
759 347 889 382 subtili-

86 394 197 433 [tates
230 395 354 430 cedunt
386 394 641 439 operationibus
673 396 889 439 naturalibus,

85 470 90 479 .
117 457 194 488 141.
247 442 459 489 Redargutio
477 443 514 479 &
531 444 644 478 cautio
674 444 765 480 circa
793 445 887 481 usum

113 493 294 535 verborum,
325 503 402 538 153.
455 491 722 540 Verba-vestigia
751 494 889 530 rationis

111 544 196 584 sunt,
228 542 306 577 160.
358 540 551 589 Plerumque
581 553 624 577 ex
650 542 744 591 vulgi
772 554 887 591 captu,

58 599 78 638 ᾗ
103 602 192 637 2155-
244 590 499 638 Cogitationum
518 590 668 634 tefferae,
699 604 778 639 159,
807 604 888 640 275.

80 641 217 683 ...Verba
235 640 334 687 legis,
364 651 441 686 190.
494 640 596 675 Verba
613 652 679 675 non
705 643 798 677 vultu
829 644 887 678 de-

84 685 277 731 Jstr'uenda,
307 701 387 735 215.
439 688 539 725 Verbo
554 689 622 726 Dei
642 690 746 727 fidem
766 692 888 728 habere

79 738 85 776 J
111 736 279 781 tenemur,
305 739 410 775 etiam
428 738 608 774 relu&ante
633 739 774 783 ratione,
803 741 887 787 263.

86 782 217 831 22Verba
232 801 274 824 ex
291 798 391 836 captu
419 787 514 834 vulgi
543 789 777 836 imponuntur,
805 801 887 837 277,

90 840 195 879 ἶ281.
246 838 296 874 Et
324 838 395 874 vim
425 836 553 873 faciunt
579 837 778 882 intelletum,
806 842 888 887 278.

78 876 217 931 J'fffi'rba
233 886 418 923 meretricia
435 885 612 934 quomodo
633 887 887 935 deprehendan-

77 931 182 980 2'2tur,
210 948 227 971 2
234 948 289 982 31.
341 935 512 972 Verborum
530 935 732 983 significatio
750 938 784 972 in
799 938 888 986 lege,

607 985 691 1033 Pug.
708 997 792 1033 257,
821 989 889 1033 258

822 1049 891 1083 255

821 1089 888 1122 208

80 1010 91 1024 2
107 1012 114 1022 ,.

67 1028 215 1084 Verbosae
234 1034 334 1082 leges,

69 1085 263 1131 Verecundia
282 1083 423 1128 inutilis,

68 1135 152 1170 Vera
169 1133 401 1181 philosophiae
418 1134 555 1177 divisio,
820 1148 859 1182 31
870 1148 888 1183 7

69 1184 146 1219 Veri
162 1184 198 1218 δε
217 1183 298 1218 boni
318 1183 521 1230 sympathia,
822 1198 834 1220 1
846 1197 889 1232 37

65 1234 142 1268 Veri
157 1231 389 1268 observantiae
408 1233 544 1275 limites,
844 1246 889 1282 37

63 1283 194 1318 Veritas
211 1282 248 1317 ὅτ
267 1281 398 1317 bonitas
424 1282 505 1318 ficut
520 1282 670 1330 sigillum
691 1284 728 1319 δε
746 1282 888 1331 impres-

111 1331 174 1374 fio,
193 1331 250 1376 56.
278 1332 439 1367 Veritatis
461 1332 658 1368 vehiculum
674 1333 768 1381 saepe
780 1332 888 1380 jocus,

169 1404 172 1405 ν
825 1396 837 1418 1
847 1385 863 1417 8
870 1386 888 1418 8

64 1430 222 1467 Veritatis
236 1429 458 1466 inveniendae
469 1429 553 1466 duae
566 1431 654 1474 viae,
669 1443 750 1480 275.
786 1432 891 1468 Unde

116 1479 276 1527 petenda,
821 1484 891 1518 280

66 1529 206 1570 Vermes,
238 1539 315 1573 125.
367 1530 487 1564 Vermis
505 1529 745 1577 bombycinus,
819 1543 888 1577 303

69 1579 244 1613 Verticitczs
263 1590 352 1618 acus,
709 1592 790 1626 355,
821 1583 884 1626 381

65 1628 268 1664 Verulamius
280 1627 523 1674 amplissimum
540 1628 773 1675 magistratum
791 1630 888 1676 regni

79 1679 97 1689 ”
112 1676 374 1718 administravit,
394 1687 476 1720 242.
520 1678 650 1713 Multos
662 1679 798 1714 honoris
810 1689 888 1724 gra..

107 1726 170 1761 dus
182 1724 425 1772 sustinuitjhid.
438 1726 554 1773 Regiis
564 1727 721 1774 alloquiis
731 1728 789 1763 diu
800 1728 888 1770 usuS‚

111 1774 190 1810 ibid.
243 1774 394 1815 Artibus,
422 1774 564 1810 historiis
583 1775 619 1810 &
639 1777 770 1824 legibus
799 1778 890 1812 incu-

65 1826 67 1829 ’
113 1824 203 1865 buit,
231 1823 306 1858 ibid.
359 1822 436 1858 Vide
455 1824 614 1860 Baconus.

63 1872 262 1921 Vespasianus
281 1881 426 1908 mutatus
443 1873 477 1908 in
499 1873 617 1909 melius
634 1874 786 1922 suscepto
812 1886 887 1921 reg-

64 1935 315 2019 Vesilviitiltones,
343 1982 400 2018 95.
451 1972 542 2008 Inter
554 1984 633 2008 aves
647 1972 683 2007 &
700 1927 890 2057 (Ῑυαάῑιῗξεὲ

66 2022 331 2115 ἵᾷῗιῗέςώἐῦαρ
350 2068 541 2112 versicolor,
819 2034 888 2117 {25

65 2121 191 2156 Veteres
208 2120 322 2155 amicis
336 2121 370 2154 &
385 2119 578 2166 aequalibus
594 2120 717 2167 scripta
731 2119 785 2156 sua
799 2121 887 2156 dica-

115 2169 209 2211 bant,
845 2172 887 2215 38

67 2219 127 2252 Via
146 2217 361 2266 perveniendi
381 2217 423 2252 ad
441 2215 673 2265 astrologiam,
700 2230 776 2262 104.
828 2221 889 2253 Via

111 2268 247 2302 brevior
276 2266 490 2314 prospicienti
520 2267 652 2302 videtur
684 2267 718 2302 in
747 2267 889 2315 planitie

84 2357 87 2362 ,
106 2329 209 2364 quam
222 2317 245 2352 si
259 2316 388 2363 aliquid
403 2315 606 2363 interjaceat,
626 2318 701 2364 178.
714 2317 775 2352 Ad
787 2315 888 2353 scien-

110 2367 209 2408 tiam,
816 2379 835 2412 3
844 2379 856 2401 1
863 2379 886 2411 4

66 2414 234 2450 Vibulenus
253 2414 379 2456 histrio,
820 2429 833 2450 1
841 2430 862 2463 9
868 2429 886 2462 3

64 2465 97 2500 S.
112 2465 249 2499 Vitioris
267 2464 488 2507 bibliotheca,
821 2468 886 2511 158

64 2515 208 2548 Vittoria
225 2513 368 2556 navalis,
817 2525 887 2562 ²47

65 2559 204 2610 Vigiliae
218 2562 392 2604 festorum,
820 2576 833 2598 1
842 2576 861 2611 7
867 2576 886 2610 3

64 2613 228 2648 Vinculum
245 2613 378 2649 animae
392 2612 428 2647 δε
442 2610 605 2658 corporis,
630 2624 642 2646 1
654 2622 706 2660 17.
752 2611 790 2646 In
807 2613 888 2649 duas

83 2668 216 2710 gpartes
231 2673 324 2697 more
337 2661 510 2696 foederum
522 2660 804 2704 distribuendum,
820 2675 832 2698 1
846 2665 884 2698 18

65 2711 225 2746 Vinculum
244 2710 458 2758 perfeffionis
476 2709 639 2751 charitas,
817 2722 884 2747 212

62 2754 228 2794 'Vindiii‘ue
246 2761 392 2802 divinae,
422 2761 476 2807 78.
529 2759 680 2794 Vindicta
698 2758 800 2807 justa,
830 2763 884 2797 88.

93 2852 95 2854 Ι
111 2809 165 2844 De
183 2822 221 2844 ea
237 2809 347 2857 plura,
701 2857 708 2863 ι
817 2814 883 2858 189

63 2858 138 2892 Vini
153 2858 285 2906 spiritus
299 2872 359 2906 per
376 2857 636 2893 destillationem
653 2869 801 2901 unicam,
821 2872 884 2906 143

65 2907 177 2943 Vinius
194 2907 286 2943 Titus
302 2918 439 2956 accepta
452 2908 592 2957 pecunia
611 2916 789 2955 patronum
804 2911 885 2956 egit,

823 2970 886 3004 192

65 3005 176 3040 Vinum
189 3006 380 3054 cupiditatis
396 3019 473 3042 com
480 3006 586 3042 munis
599 3005 718 3048 fomes,
733 3018 790 3053 90.
812 3009 889 3042 Vini

111 3055 289 3097 confeftio,
317 3056 395 3091 ibid.
449 3056 563 3091 Etiam
582 3056 761 3091 conficitur
774 3069 815 3091 ex
827 3069 887 3104 po-

110 3104 187 3146 mis,
208 3116 284 3147 144.
337 3106 420 3140 Vina
433 3105 489 3140 sub
504 3106 651 3153 primam
668 3105 886 3141 calcationem

112 3152 274 3196 suaviora,
288 3154 368 3189 266,
397 3156 472 3189 Vim·
487 3155 522 3189 δε
537 3167 642 3200 aquae
656 3165 806 3201 potores,
820 3167 886 3202 309

996 249 1141 298 Spiritus
1157 254 1232 288 vini
1249 251 1346 290 fortis
1367 256 1544 303 exequitur
1562 268 1664 305 opera
1680 255 1772 296 calo·-

962 324 967 328 .
997 299 1053 341 ris,
1080 311 1162 348 3¹9·
1211 304 1289 338 Vini
1306 303 1409 340 faeces
1429 306 1464 340 δι
1478 306 1539 341 flos
1554 306 1661 350 laetis,
1690 309 1769 356 376.

997 347 1079 396 Ejus
1095 349 1295 388 clarificatio
1314 366 1373 401 per
1393 354 1521 401 ignem,
1599 357 1685 404 Pag.
1701 361 1772 406 389

948 397 1042 432 Vires
1055 407 1209 436 externae
1223 402 1304 437 nihil
1319 404 1499 450 praestant,
1526 404 1585 440 nifi
1604 418 1687 453 gens
1700 407 1770 444 for-

995 445 1036 481 tis
1054 447 1106 490 fit,

947 496 1118 542 Virgilius,
1549 515 1566 548 3
1577 515 1607 545 ι,
1637 466 1769 552 34²2}

947 544 1221 637 Ηνξέξέἶέὶυᾶίει
1232 546 1250 582 s
1248 560 1286 583 ua
1296 548 1423 595 patriae
1432 550 1670 589 existimationi
1680 556 1770 650 pogtl-

945 643 1106 689 Virgilius
1125 645 1296 681 causarum
1316 647 1544 694 cognitionem
1563 663 1640 686 cum
1661 662 1770 688 metus

992 693 1230 740 profligatione
1246 696 1396 742 copulat,
1425 706 1483 742 55.
1534 700 1695 745 Augusto
1720 703 1768 738 as-

991 740 1101 788 signat
1116 742 1218 789 longe
1235 744 1383 788 optimos
1397 746 1552 787 honores,
1581 749 1636 794 56.
1686 751 1767 787 Dic-

993 799 1067 826 tum
1077 789 1160 837 ejuS‚
1182 792 1314 839 poffunt
1327 795 1406 840 quia
1415 796 1507 842 posse
1519 797 1688 842 videntur,
1707 800 1767 845 64.

991 839 1046 874 De
1063 852 1173 875 rerum
1193 841 1398 884 inventione,
1430 856 1508 887 140.
1558 847 1641 881 Non
1660 848 1769 885 mino-

993 900 1065 923 rem
1094 890 1283 925 consecutus
1300 891 1346 926 est
1365 892 1512 938 gloriam
1542 893 1575 929 in
1593 895 1771 944 Georgicis

993 949 1096 983 quam
1114 938 1147 974 in
1167 939 1315 975 AEneae
1327 941 1441 987 gestis,
1465 942 1541 989 196.
1569 945 1646 979 Vide
1658 959 1692 994 p.
1708 948 1767 984 60.

995 987 1079 1035 Qo
1105 987 1295 1025 charaetere
1329 990 1503 1038 insignivit
1519 992 1653 1029 Italiam
1680 998 1769 1032 anti-

994 1048 1112 1083 quam,
1697 1056 1768 1090 244

945 1086 1095 1120 Virorum
1125 1086 1302 1123 illustrium
1331 1088 1475 1125 minima
1501 1100 1651 1139 quaeque
1681 1094 1768 1130 vitia

994 1134 1104 1170 statim
1121 1135 1155 1170 in
1168 1137 1280 1172 oculos
1295 1137 1473 1174 hominum
1492 1139 1675 1184 incurrunt,
1696 1154 1768 1179 220

945 1185 1095 1231 Virgulta
1113 1197 1286 1232 nunquam
1306 1187 1390 1223 laeta
1408 1188 1442 1223 in
1456 1190 1650 1238 propinquo
1666 1204 1767 1238 gran-

992 1234 1086 1269 dium
1106 1234 1280 1277 arborum,
1697 1253 1764 1289 172

944 1283 1058 1317 Virtus
1077 1283 1197 1319 bellica
1224 1283 1338 1320 floruit
1357 1298 1421 1321 una
1438 1299 1516 1323 cum
1536 1288 1766 1338 philosophia,

994 1344 1052 1377 31.
1103 1334 1246 1367 Virtutis
1263 1344 1369 1370 mater
1388 1335 1514 1371 bonum
1533 1338 1687 1382 existens,
1717 1352 1767 1387 90

944 1382 1055 1416 Virtus
1073 1393 1091 1416 a
1110 1381 1233 1417 latente
1249 1382 1370 1419 affeetu
1388 1384 1449 1420 vix
1464 1386 1573 1433 potest
1588 1387 1767 1436 distingui,

991 1441 1050 1477 92.
1077 1432 1204 1466 Virtute
1213 1440 1308 1478 parta
1321 1432 1394 1468 sunt
1405 1433 1766 1485 praestantiora,quam

990 1492 1076 1526 quae
1084 1479 1314 1517 beneficioaut
1325 1481 1461 1518 fortuna
1471 1483 1677 1529 deferuntur,
1686 1499 1698 1521 1
1707 1498 1765 1534 77.

992 1531 1135 1564 Virtutis
1167 1530 1260 1565 locus
1292 1531 1411 1573 honos,
1443 1534 1520 1569 181.
1571 1534 1766 1573 Aristotelis

990 1581 1101 1613 virtus
1118 1579 1247 1621 divina,
1270 1591 1350 1617 212.
1402 1581 1485 1617 Non
1498 1583 1644 1620 curanda
1655 1584 1766 1620 secun·

990 1627 1072 1662 dum
1093 1627 1378 1671 Machiavellurn,
1407 1641 1488 1674 240.
1540 1633 1637 1681 Qae
1655 1645 1674 1668 a
1690 1637 1765 1670 vir—

988 1683 1059 1711 tute
1070 1677 1243 1723 profluunt
1256 1677 1329 1713 sunt
1341 1678 1530 1723 imitabilia,
1555 1692 1633 1729 177.
1651 1683 1762 1732 Prop-

989 1735 1038 1760 ter
1054 1725 1193 1773 seipsam
1211 1725 1358 1774 eligitur,
1387 1741 1452 1764 non
1481 1741 1620 1777 propter
1647 1744 1763 1769 auram

989 1775 1204 1822 popularem,
1246 1776 1323 1822 176.
1373 1777 1545 1813 Nonnihil
1580 1779 1766 1818 intenditur

989 1835 1051 1870 per
1064 1823 1190 1867 laudes,
1203 1833 1240 1859 ut
1253 1825 1346 1860 calor
1359 1838 1421 1873 per
1436 1828 1662 1871 reflexionem,
1681 1831 1763 1877 176,

991 1883 1070 1919 177.
1120 1873 1153 1907 Si
1169 1873 1425 1922 conspiceretur,
1447 1876 1598 1921 ingentes
1608 1877 1654 1913 sui
1668 1892 1763 1915 amo-

989 1934 1039 1957 res
1057 1922 1251 1965 concitaret,
1284 1934 1362 1970 170.
1413 1924 1452 1959 In
1463 1925 1581 1972 quibus
1593 1926 1652 1962 slta
1662 1928 1709 1964 est
1720 1942 1763 1965 ex

990 1981 1104 2006 mente
1134 1972 1425 2020 philosophorum,
1457 1986 1534 2021 190.
1586 1976 1675 2012 Usus
1692 1977 1764 2025 ejus

985 2020 1020 2055 in
1035 2022 1342 2067 perturbationibus
1359 2022 1522 2066 sedandis,
1551 2036 1633 2061 202.
1685 2029 1763 2061 Vir-

986 2073 1069 2104 tutis
1086 2071 1306 2117 acquirendae
1319 2072 1427 2114 modi,
1456 2073 1539 2108 206.
1585 2074 1624 2109 111
1634 2077 1762 2111 virtute

987 2119 1086 2154 claris
1103 2132 1230 2155 errores
1248 2120 1381 2156 minimi
1399 2121 1664 2170 conspiciuntur,
1679 2136 1765 2163 2200

988 2168 1173 2203 Virtutibus
1203 2169 1336 2215 magnis
1379 2171 1584 2218 quandoque
1622 2174 1762 2210 exitium

987 2227 1131 2260 certum,
1161 2218 1242 2254 226.
1291 2220 1435 2254 Virtutes
1453 2220 1489 2255 &
1508 2220 1678 2258 facultates
1696 2224 1761 2258 ali-

985 2274 1084 2302 orum
1100 2268 1143 2302 ab
1156 2267 1275 2303 amicis
1285 2268 1472 2311 discendae,
1494 2280 1572 2316 232.
1623 2273 1766 2308 Virtutis

986 2315 1356 2364 diminutioquomodo
1368 2318 1557 2365 contingat,
1578 2331 1659 2366 235.
1687 2323 1763 2356 Vir-

987 2366 1068 2400 tutis
1081 2365 1170 2401 fama
1185 2366 1246 2413 ipsi
1260 2366 1375 2402 virtuti
1390 2367 1478 2414 apud
1491 2368 1719 2405 Machiavellu
1726 2384 1760 2407 m

987 2414 1143 2461 praestat,
1173 2426 1252 2459 240.
1303 2417 1443 2450 Virtutis
1456 2418 1644 2464 praemium
1656 2419 1762 2456 virtus

989 2464 1073 2512 ipsa,
1094 2475 1173 2507 241.
1208 2465 1252 2499 Ei
1272 2464 1361 2499 nulla
1378 2465 1435 2500 via
1452 2465 1498 2501 est
1518 2466 1624 2511 invia,
1689 2479 1761 2517 229

941 2515 1085 2548 Virtutes
1103 2513 1352 2554 intelleetuales‚
1381 2524 1437 2561 27.
1490 2515 1625 2552 Cedunt
1649 2528 1762 2554 mora-

987 2563 1087 2604 libus,
1120 2574 1131 2596 1
1144 2566 1196 2599 18.
1245 2562 1397 2598 Morales
1413 2564 1530 2600 animo
1544 2565 1654 2603 insunt
1667 2567 1763 2603 habi-

988 2611 1122 2648 tualiter
1141 2625 1209 2647 non
1229 2612 1435 2656 naturaliter,
1695 2627 1761 2662 195

940 2662 997 2696 Vis
1016 2673 1120 2704 mera,
1693 2667 1761 2710 248

940 2710 1050 2757 Vzsccfi
1060 2710 1096 2745 δε
1106 2710 1224 2746 nodosi
1238 2708 1282 2746 ad
1297 2709 1565 2748 conversandum
1583 2711 1687 2762 inepti
1701 2715 1762 2750 ho-

988 2772 1108 2802 mines,
1691 2775 1708 2797 2
1715 2775 1732 2809 3
1739 2774 1759 2811 7

939 2809 1105 2855 Viscofitczs
1133 2809 1242 2862 animi
1271 2810 1367 2847 rebus
1383 2810 1540 2857 gerendis
1554 2811 1760 2847 (12111110ῆῶ-

987 2871 1041 2893 ma
1689 2872 1706 2894 2

938 2906 1019 2950 Visio
1036 2884 1102 2942 tion
1120 2908 1204 2943 bene
1221 2906 1415 2954 transigitur
1432 2909 1474 2943 ad
1489 2909 1627 2951 metum,
1688 2872 1758 2957 335

988 2957 1170 2993 Momenta
1186 2956 1349 3005 temporis
1377 2957 1419 2992 ad
1442 2970 1516 2993 eam
1533 2960 1761 3005 requiruntur,

1689 3019 1760 3054 370

939 3057 1034 3090 Vitae
1052 3063 1201 3103 patrum,
1713 3069 1758 3104 77

939 3107 1017 3139 Vita
1035 3105 1070 3139 &
1091 3117 1193 3146 mors,
1227 3104 1305 3144 182,
1338 3106 1414 3148 183.
1467 3104 1559 3137 Vitae
1589 3102 1664 3138 suae
1681 3118 1761 3153 pro-

987 3153 1084 3200 digus
1100 3153 1226 3189 alienae
1241 3152 1454 3200 periculosus,
1478 3154 1554 3196 185.
1592 3154 1760 3236 Vitiaetde-

1618 3214 1641 3236 it
1654 3215 1761 3240 etium
