2040 3439
62 225 215 274 L'ib.I.
281 223 383 273 DE
434 225 935 275 AUGMENTIS
986 225 1594 274 SCIENTIARUM.

62 326 160 363 nino
172 321 461 363 inconstantiam
483 323 522 360 &
535 323 678 360 crebras
697 321 938 362 consiliorum
954 325 1182 362 mutationes
1196 322 1351 362 vitabit:
1379 323 1551 376 Inspiciat
1571 336 1673 366 ,erro-

61 391 118 418 res
131 378 355 420 Phocionis
383 377 625 427 pervicaciam
642 378 873 417 exhorre-bit:
903 378 1068 417 fabulam
1082 380 1221 416 Ixionis
1235 380 1356 428 legat;
1383 380 1572 418 &nimias
1585 380 1666 431 spes
1687 423 1695 429 Π

62 437 99 473 δε
113 432 328 479 huiusmodi
342 432 472 470 fumos
485 444 527 469 ac
542 432 695 470 nebulas
709 432 900 483 dispellet:
928 435 1122 472 Intueatur
1139 434 1334 472 Catonem
1349 433 1577 477 secundum
1606 447 1670 474 ne-

61 501 134 538 que
161 499 330 538 unquam
356 487 534 537 migrabit
558 487 604 524 ad
628 489 835 539 antipodas,
871 491 910 528 &
935 489 1124 527 contraria
1149 488 1333 541 praesenti
1353 489 1501 528 saeculo
1523 489 1672 541 vestigia

63 543 89 583 fi
114 553 163 581 et.

89 554 211 655 ΞΙΛΜ
233 598 298 646 qui
317 607 449 647 putant
475 597 600 635 literas
621 595 778 635 desidiae
801 599 936 636 amicas
958 594 1041 646 else,
1071 597 1216 648 otiique
1236 600 1274 638 &
1293 598 1444 638 secefl'us
1465 585 1666 638 dulcedine

58 652 283 706 perfundere
297 653 467 690 animum
479 657 491 693 ';
521 650 661 690 mirum
676 650 919 704 praestabunt,
949 651 975 690 fi
994 665 1088 703 quae
1102 654 1341 692 affuefaciunt
1356 665 1525 693 mentem
1540 667 1667 706 perpe-

56 718 145 747 tuae·
155 706 362 757 agitationi,
393 707 586 744 socordiae
599 718 774 759 patronas
789 707 986 746 ostendant
1001 722 1008 745 :
1037 721 1126 747 cum
1141 719 1276 747 contra
1290 721 1376 746 vere
1392 706 1568 747 affirmari
1583 710 1666 762 pos-

57 761 112 810 fit,
149 763 250 800 inter
269 764 398 799 omnia
420 761 623 799 hominum
648 774 797 812 genera,
833 764 985 801 nullum
1004 765 1158 813 negotia
1180 775 1306 802 amare
1329 775 1482 814 propter
1501 764 1575 816 ipsa
1602 778 1666 803 ne-

57 818 172 868 gotia,
207 827 353 870 practer
378 818 579 854 literatum.
636 818 718 854 Alii
743 819 849 854 enim
878 830 934 856 res
956 820 993 856 ὃ(
1020 819 1174 868 negotia
1201 818 1368 868 diligunt
1390 818 1556 868 quaestus
1583 832 1665 869 gra-

55 874 118 918 tia,
138 882 192 910 sut
209 873 431 909 condustitii
448 884 541 923 opus
560 882 713 924 propter
732 873 966 910 mercedem:
996 871 1079 910 Alii
1093 872 1252 910 honoris
1266 885 1377 922 ergos
1406 874 1550 911 etenim
1571 875 1665 912 dum

56 939 112 966 res
134 938 282 978 gerunt,
312 928 441 964 vivunt
464 926 502 964 in
524 927 642 964 oculis
666 926 881 974 hominum,
910 925 1249 976 existimationique
1272 928 1355 965 suae
1378 927 1593 976 inserviunt,
1631 941 1666 967 a-

56 981 176 1032 lioqui
198 983 431 1019 evaniturae:
468 982 550 1018 Alii
574 992 727 1033 propter
751 983 975 1033 potentiam,
1013 984 1051 1020 &
1076 982 1252 1021 fortunae
1278 984 1585 1033 praerogativam,
1623 995 1665 1022 ut

57 1039 200 1075 amicos
219 1048 469 1083 remunerare,
497 1035 672 1073 inimicos
695 1036 818 1074 ulcisci
839 1033 998 1086 poffint:
1027 1037 1109 1075 Alii
1129 1049 1169 1075 ut
1186 1037 1401 1076 facultatem
1422 1037 1584 1087 aliquam
1607 1038 1664 1077 su-

57 1103 132 1140 am,
160 1103 273 1141 quam
297 1092 481 1138 adamant,
510 1100 718 1138 exerceant,
746 1103 788 1129 ac
811 1089 875 1129 sibi
896 1090 975 1142 ipsis
996 1091 1072 1130 hoc
1090 1094 1250 1130 nomine
1276 1091 1413 1142 saepius
1428 1094 1663 1142 gratulentur

59 1149 95 1185 δί
123 1147 335 1186 arrideant:
385 1145 465 1183 Alii
492 1146 656 1195 denique
687 1157 727 1183 ut
757 1148 851 1184 alios
881 1146 964 1185 suos
992 1147 1085 1185 fines
1112 1147 1403 1196 consequantur.
1464 1147 1580 1186 Adeo
1608 1160 1663 1196 ut,

56 1201 160 1252 quod
182 1201 230 1240 de
251 1200 418 1251 gloriolis
444 1201 517 1239 dici
536 1200 641 1248 solet,
671 1213 803 1239 eorum
828 1202 1095 1240 fortitudinem
1120 1201 1225 1240 fitam
1252 1203 1322 1240 ess'e
1350 1204 1389 1240 in
1416 1202 1663 1254 spectantium

56 1257 204 1298 oculis}
232 1255 278 1294 fic
303 1256 517 1300 hujusmodi
542 1257 745 1293 hominum
773 1256 970 1306 diligentia
992 1260 1030 1295 ὃς
1053 1258 1246 1294 strenuitas
1267 1259 1342 1295 hoc
1366 1258 1513 1296 videtur
1538 1270 1662 1307 agere,

56 1323 120 1351 aut
147 1321 189 1351 ut
208 1312 270 1349 alii
299 1311 487 1360 plaudant,
525 1321 587 1348 aut
616 1322 656 1348 ut
685 1309 747 1361 ipsi
777 1313 872 1349 intra
893 1311 928 1349 se
947 1312 1112 1362 gestiant.
1171 1313 1251 1349 Soli
1271 1314 1409 1350 literati
1438 1312 1599 1362 negotiis
1623 1316 1662 1351 ὅ(

55 1364 364 1419 occupationibus
378 1366 620 1412 delcetantur,
649 1377 829 1415 tanquam
842 1367 1052 1405 actionibus
1067 1376 1217 1404 naturae
1232 1367 1505 1415 consentaneis,
1527 1370 1564 1405 ὃ(
1579 1380 1663 1407 non

56 1423 187 1460 minus>>
204 1420 403 1459 salubribus
422 1421 565 1467 animo,
595 1433 706 1469 quam
731 1418 947 1458 exercitatio
962 1422 1010 1458 est
1030 1423 1192 1471 corpori,
1222 1419 1338 1471 ipsam
1357 1433 1438 1460 rem
1454 1434 1536 1459 non
1558 1435 1662 1460 emo-

58 1478 274 1516 lumentum
293 1474 503 1513 intuentes:
530 1477 580 1512 ita
598 1484 639 1513 ut
660 1474 835 1513 omnium
851 1474 1009 1513 minime
1030 1474 1100 1513 sint
1119 1476 1388 1526 defatigabiles,
1417 1474 1444 1513 fi
1463 1477 1585 1514 modo
1604 1490 1663 1515 res

56 1529 100 1570 fit
123 1530 348 1576 hujusmodi,
377 1540 418 1567 ut
438 1530 607 1568 animum
628 1542 699 1582 pro
721 1529 903 1579 dignitate
925 1531 1001 1576 ejus
1025 1531 1179 1582 impleat
1203 1532 1241 1568 ὃ(
1262 1530 1438 1570 detineat.
1496 1531 1614 1585 Quod
1636 1531 1664 1570 fi

55 1588 289 1636 reperiantur
312 1584 502 1623 interdum
529 1584 719 1632 nonnulli,
761 1585 801 1623 in
828 1585 991 1635 legendo
1025 1585 1175 1633 strenui,
1203 1587 1246 1623 in
1272 1585 1421 1636 agendo
1442 1587 1661 1628 ccffatores;

56 1652 139 1680 non
163 1641 270 1679 hoca
292 1641 407 1677 literis
421 1650 551 1677 ortum
572 1640 693 1688 habet,
725 1639 786 1678 sed
810 1640 855 1678 ab
878 1641 1137 1679 imbecillitate
1153 1643 1190 1678 &
1212 1642 1377 1679 mollitie
1395 1641 1558 1690 quadam
1579 1654 1663 1680 cor·

57 1695 172 1750 poris·,
208 1697 394 1735 animive5
422 1696 548 1747 quales
567 1705 675 1734 notat
699 1697 860 1734 Seneca:
890 1692 1082 1749 Qidam,
1120 1697 1257 1745 inquit,
1295 1702 1379 1734 tam
1386 1694 1488 1748 fimt
1512 1694 1659 1735 umbra-

61 1749 164 1797 tiles,
202 1756 248 1788 πῖ
268 1756 410 1801 putent
427 1750 468 1787 in
493 1748 645 1788 turbido
671 1747 753 1801 effe,
782 1748 971 1803 quicquid
988 1750 1030 1789 in
1055 1748 1139 1790 luce
1162 1748 1224 1800 est.
1280 1751 1497 1792 Usuvenire
1519 1755 1660 1802 poterit

58 1805 217 1852 fomffe,
246 1816 286 1842 ut
310 1805 525 1849 hujusmodi
544 1808 686 1855 ingenii
710 1804 774 1843 fibi
797 1804 949 1852 conscii,
979 1805 1016 1844 se
1046 1806 1138 1844 dent
1168 1807 1286 1844 literis
1308 1820 1318 1847 ς
1347 1805 1511 1844 eruditio
1535 1817 1663 1845 autem

58 1861 132 1913 ipsa
160 1858 373 1906 hujusmodi
404 1859 553 1909 ingenia
582 1861 741 1898 minime
771 1862 868 1898 indit
904 1871 967 1898 aut
994 1860 1196 1913 progignit.
1253 1861 1371 1912 Qiod
1400 1860 1426 1898 fi
1453 1862 1537 1910 quis
1566 1863 1662 1900 illud

59 1915 307 1954 nihilominus
330 1913 519 1952 mordicus
533 1926 670 1964 tenear,
699 1914 821 1953 literas
843 1914 1006 1954 nimium
1022 1916 1214 1953 absumere
1230 1918 1424 1966 temporis,
1453 1917 1556 1965 quod
1575 1917 1663 1954 alias

59 1970 186 2009 festius
209 1971 378 2021 impendi
410 1966 546 2020 poffir3
573 1972 647 2018 aio,
675 1972 872 2008 neminem
904 1971 1000 2009 adeo
1022 1971 1189 2020 distringi
1212 1970 1386 2020 negotiis,
1413 1973 1507 2020 quin
1530 1971 1661 2009 habeat

59 2025 121 2064 sua
143 2026 213 2062 otii
235 2026 438 2071 intervalla,
475 2026 599 2063 donec
622 2024 755 2076 agendi
776 2027 875 2064 vices
893 2036 1006 2075 atque
1029 2026 1142 2064 aestus
1161 2025 1331 2072 refluant,
1360 2023 1425 2063 nisi
1446 2036 1509 2063 aut
1532 2027 1662 2065 admo-

59 2082 149 2118 dum
176 2080 286 2117 hebes
309 2078 349 2118 fit
370 2082 408 2117 in
429 2081 666 2132 expediendis
689 2079 864 2131 negotiis,
890 2091 954 2119 aut
974 2093 1106 2131 parum
1129 2093 1216 2118 cum
1239 2080 1421 2130 dignitate
1442 2081 1663 2120 ambitiosus

56 2135 96 2174 in
121 2136 283 2185 negotiis
309 2134 556 2187 cujuscunque
575 2137 723 2186 generis
742 2136 942 2186 captandis.
997 2135 1120 2176 Restat
1146 2135 1258 2186 igitur
1285 2136 1554 2185 quaerendum,
1589 2149 1663 2186 qua

57 2190 98 2228 in
122 2203 163 2228 re
180 2193 218 2228 &
243 2190 458 2238 quomodo,
496 2190 559 2228 has
585 2190 785 2229 subsecivas
803 2191 914 2229 horas
937 2192 1125 2229 collocare
1148 2201 1341 2240 oporteat3
1379 2189 1505 2229 studiis
1526 2203 1574 2229 an
1596 2203 1662 2230 vo·

58 2245 274 2295 luptatibus,
310 2246 425 2293 genio
446 2257 493 2282 an
520 2244 673 2295 ingenio
698 2245 1000 2294 indulgendum?
1036 2244 1136 2283 Sicut
1158 2246 1255 2282 reete
1279 2244 1470 2296 respondit
1488 2246 1659 2284 Demost-

56 2301 170 2339 henes
184 2299 385 2343 AEschini‚
416 2299 563 2337 homini
578 2300 829 2352 voluptatibus
842 2300 974 2337 dedito
989 2313 998 2336 :
1027 2300 1206 2351 Quicum
1221 2310 1286 2351 per
1299 2301 1573 2338 contumeliam
1591 2301 1660 2340 ob·

58 2352 206 2402 jecisset,
245 2353 452 2392 Orationes
473 2352 556 2407 (jus
579 2352 772 2392 lucernam
794 2352 913 2392 olere:
943 2352 1035 2400 Pol,
1072 2353 1208 2403 inquit,
1244 2351 1408 2392 multum
1428 2352 1585 2404 interest
1604 2355 1663 2394 in-

59 2417 121 2448 ter
143 2421 200 2456 ea,
237 2421 333 2461 quae
352 2421 417 2461 ego
442 2421 489 2446 ac
513 2416 557 2446 tu
576 2406 632 2447 ad
649 2407 843 2447 lucernam
854 2406 1042 2462 facimus.
1097 2410 1223 2461 Quare
1247 2410 1468 2460 neutiquam
1488 2420 1659 2449 metuen-

58 2466 163 2511 dum,
193 2477 241 2502 ne
264 2465 389 2502 literae
403 2464 600 2501 eliminent
624 2463 794 2514 negotia3
823 2463 915 2514 quin
930 2463 1054 2516 potius
1076 2463 1267 2502 vindicant
1282 2461 1452 2502 animum
1465 2464 1512 2502 ab
1524 2466 1609 2503 otio
1622 2468 1662 2505 ὅ(

58 2521 260 2572 voluptate,
288 2531 381 2568 quae
397 2520 484 2557 alias
499 2517 629 2557 senfin]
644 2521 689 2556 ad
705 2518 892 2570 utriusque
906 2520 1090 2559 damnum
1105 2520 1142 2558 ὃς
1157 2517 1401 2568 negotiorum
1416 2520 1453 2556 ὅ(
1466 2518 1661 2560 literarum

59 2573 261 2613 subintrare
277 2573 410 2611 solent.

111 2631 255 2675 Dant,
285 2630 387 2678 quod
412 2639 612 2679 oggerunt,
645 2630 768 2667 literas
791 2628 1035 2668 reverentiam
1058 2631 1186 2680 legum
1211 2638 1324 2678 atque
1346 2627 1492 2682 imperii
1508 2632 1659 2668 convel-

59 2685 149 2730 lere,
185 2685 372 2721 calumn‘ra
388 2696 488 2721 mera
513 2685 574 2731 est,
603 2697 673 2722 nec
698 2685 942 2737 probabiliter
963 2685 1011 2722 ad
1038 2683 1319 2722 criminandum
1339 2682 1499 2723 inducta.
1555 2686 1661 2724 Nam

58 2741 125 2788 qui
146 2750 292 2777 caecam
314 2739 569 2776 obedientiam
592 2739 726 2777 fortius
740 2739 908 2790 obligare
928 2740 1181 2786 contenderit,
1210 2749 1323 2788 quam
1342 2735 1513 2778 officium
1535 2741 1660 2785 ocula÷

60 2804 165 2835 tum3
192 2806 265 2831 una
289 2806 402 2844 opera
421 2794 559 2841 asserat,
595 2806 746 2832 caecum
768 2808 883 2833 manu
907 2795 1061 2833 dustum
1083 2794 1220 2832 certius
1241 2793 1427 2842 incedere,
1454 2806 1568 2844 quam
1594 2797 1662 2844 qui

59 2850 142 2886 luce
157 2852 192 2886 ὅ(
208 2850 327 2886 oculis
341 2850 471 2886 utitur.
528 2850 613 2885 Imo
633 2850 725 2887 citra
739 2861 898 2888 omnem
913 2847 1218 2897 controversiam,
1245 2859 1342 2886 artes
1356 2850 1561 2888 emolliunt
1576 2861 1659 2888 mo-

60 2915 129 2949 res,
159 2914 309 2941 teneros
329 2904 502 2950 reddunt,
533 2903 714 2952 sequaces,
752 2917 893 2952 cereOS,
920 2904 1017 2942 &ad
1037 2904 1211 2942 mandata
1229 2904 1380 2954 imperii
1401 2904 1578 2943 ductilem
1606 2906 1660 2954 ig-

59 2959 232 2995 norantia
254 2969 397 3005 contra,
426 2969 678 3007 contumaceS,
707 2960 948 3007 refractarios,
977 2959 1190 2998 seditiosos:
1217 2959 1334 3012 Quod
1353 2971 1396 2998 ex
1416 2959 1567 2998 historia
1589 2961 1660 2998 cla-

61 3009 201 3050 riflime
229 3024 341 3064 patet,
378 3014 686 3062 quandoquidem
715 3025 888 3064 tempora
915 3015 1078 3052 maxime
1104 3013 1267 3061 indo&a‚
1304 3014 1457 3061 inculta,
1496 3013 1660 3062 barbara,

62 3067 296 3163 tunNiIultibpS,
326 3067 582 3117 [editionibus
611 3068 958 3121 mutationibusque
973 3071 1134 3110 maxime
1155 3069 1320 3110 obnoxia
1338 3069 1490 3110 fuerint.
1596 3121 1634 3164 D

94 3142 105 3156 ·.
156 3134 224 3162 οι.
260 3150 269 3161 .
839 3126 871 3165 E
1639 3133 1662 3161 ε

1751 244 1812 293 33
