2040 3439
158 223 250 255 222
493 205 596 250 DE-
625 196 1068 248 Ar-UGMENTIS
1103 195 1644 244 SCIENTIAR-UM.
1716 193 1954 243 [ἰὴν-ΗΕ

334 305 411 350 illa,
439 314 532 350 quae
553 300 720 338 nobilior
739 299 787 335 cst
808 295 937 349 portio
965 292 1137 339 universi,
1169 306 1212 331 cx
1234 295 1511 331 communione
1534 289 1704 335 afficitur.
1761 296 1886 346 (Quare
1902 294 1954 332 vi-

337 360 483 401 demus,
513 356 578 393 sub
610 352 726 391 veteri
760 355 845 400 lege
866 351 963 387 haud
995 361 1110 401 pauca
1142 349 1246 386 fuiss'e
1272 359 1477 397 praccepta,
1508 360 1588 384 uon
1613 348 1689 385 tam
1720 360 1824 385 mere
1858 361 1955 387 cere-

339 409 534 458 monialia,
553 422 668 460 quam
690 405 944 444 misericordia
962 403 1160 441 institutiva
1179 417 1186 440 :
1215 405 1337 456 Quale
1358 403 1428 440 fuit
1449 403 1557 447 illud,
1591 403 1638 439 de
1660 416 1740 440 non
1757 405 1955 442 comeden-

342 469 396 506 do
425 476 575 504 carnem
599 475 688 500 cum
712 460 892 510 sanguine
916 461 1015 502 eius;
1047 461 1083 495 ὃ(
1122 456 1263 495 similia.
1319 459 1444 495 Etiam
1473 456 1511 494 in
1545 457 1647 494 sectis
1671 458 1894 496 Essssiieorum
1915 461 1954 497 ἀ

340 522 681 571 Pythagoreorum,
710 517 756 553 ab
785 516 847 553 esu
875 515 1099 565 animalium
1127 516 1293 550 omnino
1319 513 1560 550 abstinebant.
1618 514 1734 564 Qiod
1756 515 1869 550 etiam
1889 513 1956 552 ho·

342 577 401 614 die
424 563 571 613 osstinct
593 570 867 623 (superstitione
892 568 1085 616 inviolata)
1114 569 1211 618 apud
1236 568 1375 605 incolas
1396 569 1606 604 nonnullos
1631 567 1775 619 imperii
1802 569 1956 617 Moget-

344 628 463 670 lcnfis.
520 629 626 679 Qun
648 629 684 663 δε
705 628 853 663 Turcae
875 625 979 674 (gens
1004 622 1088 660 licet
1119 626 1155 660 δε
1170 622 1279 674 stirpe
1295 625 1331 660 δε
1347 622 1556 672 disciplina,
1587 623 1749 660 crudelis
1766 626 1799 660 ὃ(
1820 621 1959 672 langui·

344 687 461 732 naria)
493 681 607 721 brutis
627 691 755 719 tamen
784 679 1041 728 eleemosynas
1063 679 1190 728 largiri
1212 678 1359 719 solent;
1388 690 1511 725 neque
1546 676 1767 715 animalium
1796 680 1957 717 vexatio-

342 753 409 778 nes
430 742 468 776 ὃ(
493 748 657 776 torturas
685 736 766 772 fieri
790 734 977 773 sustinent.
1035 734 1195 779 Verum,
1226 745 1272 770 ne
1294 733 1393 770 forte
1409 732 1499 769 haec
1527 744 1622 780 quae
1641 732 1815 779 diximus,
1827 734 1959 771 omnis

342 793 486 846 generis
503 791 782 830 misericordiae
796 787 1024 841 patrocinari
1039 788 1250 834 videantur,
1267 786 1460 825 salubriter
1476 787 1666 836 subjungit
1685 789 1876 825 Solonion
1888 789 1961 826 im—

343 849 494 902 piorum
522 846 797 885 misericordias
831 845 902 883 effe
925 844 1104 882 crudeles.
1162 845 1235 881 Eae
1256 842 1353 889 sunt,
1382 843 1538 891 quando
1564 841 1782 880 hominibus
1812 842 1959 881 scelera·-

342 905 389 943 tis
410 908 447 942 δε
466 900 685 941 facinorosis
700 902 877 953 parcitur,
909 897 1062 946 justitiae
1083 897 1210 949 gladio
1230 898 1407 935 feriendis
1425 910 1432 934 2
1465 897 1668 935 Crudelior
1699 899 1806 935 enim
1839 897 1962 938 huiuss

342 959 451 998 modi
467 955 731 1003 misericordia,
761 967 876 1004 quam
903 955 1101 992 crudelitas
1124 953 1210 1004 ipsa.
1270 956 1374 991 Nam
1395 953 1594 1000 crudelitas
1613 963 1802 990 exercetur
1822 954 1864 990 in
1891 951 1959 992 fin*

340 1016 471 1066 gulos:
501 1023 537 1051 at
552 1010 806 1050 misericordia
821 1011 885 1047 illa
902 1008 1115 1048 universum
1130 1008 1435 1046 facinorosorum
1451 1009 1669 1056 exercitum,
1699 1007 1867 1046 conccli‘a
1889 1009 1959 1048 im·

340 1072 522 1121 punitate,
550 1067 591 1105 in
617 1067 793 1105 homines
820 1067 1045 1103 innocentes
1065 1074 1183 1101 armat
1199 1067 1236 1102 &
1257 1064 1445 1101 immittit.

399 1120 547 1163 Parab.
585 1131 647 1172 15.
677 1124 862 1159 TOTUM
886 1119 1055 1170 spiritum
1078 1119 1186 1157 suurn
1217 1119 1362 1169 profert
1390 1119 1544 1160 stultuss
1573 1128 1609 1156 at
1628 1118 1770 1169 sapiens
1803 1119 1960 1158 reservat

342 1180 486 1229 aliquid
504 1181 545 1217 in
572 1176 773 1230 posterum.
1896 1194 1897 1197 ,

397 1233 504 1286 Exp.
537 1234 799 1271 CORRIGIT
834 1229 1011 1282 parabola
1039 1231 1237 1282 praecipue
1269 1229 1323 1277 (ut
1355 1230 1515 1278 videtur>
1550 1241 1631 1268 non
1661 1228 1870 1267 hominum
1897 1242 1957 1268 va-

342 1301 484 1328 norum
504 1288 737 1334 futilitatem,
766 1285 830 1335 qui
861 1280 1018 1323 dicenda
1049 1286 1204 1323 tacenda
1238 1284 1346 1323 facile
1375 1284 1601 1334 proferunt:
1630 1297 1712 1322 non
1740 1283 1959 1334 parrhefiam

342 1343 461 1392 illam,
492 1356 565 1392 qua
584 1342 721 1391 absque
743 1339 957 1379 discrimine
977 1343 1013 1378 &
1034 1339 1173 1387 judicio
1203 1342 1243 1377 in
1267 1352 1403 1378 omncs
1427 1344 1464 1379 ὅ(
1484 1342 1618 1377 onmia
1648 1341 1847 1378 involant:
1876 1353 1959 1379 uon

343 1397 614 1450 garrulitatem,
645 1410 718 1446 qua
745 1397 792 1434 ad
817 1395 993 1433 nauseam
1013 1394 1130 1444 usque
1147 1396 1228 1432 aliis
1256 1394 1500 1445 obstrepunt:
1533 1395 1592 1432 sed
1616 1397 1753 1432 vitium
1768 1396 1868 1433 aliud
1884 1409 1960 1434 ma·

341 1457 400 1505 g‘is
420 1455 643 1494 occultum3
673 1463 814 1504 nempe
833 1449 1017 1488 sermonis
1042 1449 1211 1500 regimen
1236 1450 1396 1488 minime
1411 1452 1589 1487 omnium
1606 1450 1767 1502 prudens
1783 1453 1819 1488 ὃ(
1834 1450 1961 1500 politi-

346 1522 460 1551 cum3
492 1509 565 1546 hoc
587 1506 646 1554 est,
677 1519 766 1544 cum
787 1505 868 1556 quis
891 1507 944 1543 ita
968 1506 1185 1543 sermonem
1216 1505 1274 1556 (in
1302 1505 1505 1554 colloquiis
1529 1506 1693 1555 privatis)
1717 1505 1886 1551 instituit,
1915 1517 1958 1544 ut

344 1576 589 1617 quaeeunque
605 1564 646 1600 in
665 1561 796 1600 animo
808 1561 954 1608 habeat,
969 1573 1064 1609 quae
1080 1561 1125 1597 ad
1144 1573 1223 1597 rem
1247 1562 1433 1612 pertinere
1449 1570 1567 1610 putet,
1595 1558 1703 1597 simul
1724 1563 1760 1598 <St
1780 1570 1959 1612 tanquam

343 1632 424 1657 uno
444 1619 585 1672 spiritu,
619 1620 656 1656 ὃ(
671 1619 845 1655 oratione
859 1618 1080 1653 continuata
1095 1616 1270 1667 proferat.
1326 1617 1413 1653 Hoc
1430 1614 1533 1653 enim
1562 1617 1770 1667 plurimum
1798 1618 1962 1666 negotiis

343 1671 477 1712 officit.
535 1668 728 1723 Siquidem
748 1674 887 1722 primo,
917 1670 1039 1709 oratio
1066 1670 1237 1708 intercisa
1256 1673 1292 1707 &
1320 1683 1387 1723 per
1409 1681 1530 1723 partes
1555 1669 1686 1717 infusa,
1715 1672 1831 1720 longe
1847 1671 1962 1720 magis

341 1739 526 1781 penetrat,
556 1741 669 1778 quam
692 1729 935 1767 continuata3
965 1727 1149 1774 quoniam
1179 1724 1218 1763 in
1247 1728 1467 1763 continuata
1488 1727 1637 1777 pondus
1652 1737 1778 1762 rerum
1803 1738 1884 1764 non
1905 1727 1961 1763 di·

342 1784 469 1822 stindte
498 1787 535 1822 ὃς
563 1782 749 1834 sigillatim
774 1781 966 1832 excipitur,
996 1793 1066 1818 nec
1086 1793 1151 1830 per
1175 1793 1324 1818 moram
1354 1782 1581 1818 nonnullam
1607 1778 1751 1827 insidet,
1781 1780 1842 1818 sed
1865 1784 1962 1819 ratio

341 1841 545 1886 rationem,
574 1849 777 1887 antequam
810 1836 957 1888 penitus
989 1835 1173 1882 insederit,
1203 1837 1365 1888 expellit.
1424 1836 1612 1883 Secundo,
1641 1847 1760 1873 nemo
1789 1847 1867 1873 tam
1895 1849 1962 1886 po-

343 1896 440 1932 tenti
467 1893 619 1932 &felici
634 1895 850 1944 eloquentia
873 1892 982 1938 valet,
1012 1901 1053 1928 ut
1074 1892 1200 1942 primo
1231 1891 1413 1928 sermonis
1437 1890 1580 1942 impetu
1604 1902 1705 1938 eum,
1735 1903 1851 1939 quem
1871 1893 1963 1929 allo-

342 1951 484 1997 quitur,
514 1959 666 1986 mutum
689 1951 727 1985 ὃς
748 1949 940 1997 elinguem
964 1947 1074 1996 plane
1106 1946 1255 1983 reddat:
1285 1948 1378 1997 quin
1401 1947 1437 1983 &
1456 1947 1549 1982 alter
1568 1947 1708 1996 aliquid
1733 1943 1891 1984 viciflim
1908 1959 1962 1984 re-

342 2004 555 2053 spondebit,
586 2002 786 2041 &fortasse
801 2000 964 2048 objiciet.
1020 2003 1126 2038 Tum
1146 2013 1235 2038 vero
1262 2002 1409 2047 accidit,
1440 2012 1479 2038 ut
1500 2013 1594 2048 quae
1622 2000 1661 2038 in
1690 2001 1961 2040 refutationem

342 2069 407 2096 aut
428 2057 714 2109 replicationem
746 2057 965 2095 reservanda
990 2056 1153 2103 fuissent,
1182 2055 1370 2108 praemissa
1398 2057 1472 2102 jam
1501 2059 1539 2093 ὅ(
1566 2066 1674 2093 antea
1707 2056 1882 2104 delibata,
1911 2059 1964 2095 vi-

342 2126 400 2151 res
421 2113 497 2152 suas
526 2116 563 2152 ὅ(
583 2112 740 2164 gratiam
768 2111 966 2150 amiserint.
1023 2110 1158 2148 Tertio
1193 2109 1216 2148 fi
1245 2113 1327 2163 quis
1356 2123 1410 2158 ea,
1441 2123 1535 2159 quae
1565 2110 1721 2148 dicenda
1754 2111 1852 2160 sunt,
1881 2125 1964 2151 non

342 2167 452 2206 simul
469 2167 650 2217 effundat,
681 2168 743 2205 sed
765 2180 830 2218 per
853 2177 973 2219 partes
992 2167 1201 2217 eloquatur,
1229 2167 1332 2204 aliud
1365 2168 1504 2217 primo,
1533 2167 1634 2204 aliud
1664 2164 1818 2204 subinde
1845 2167 1962 2213 injici-

343 2236 438 2265 ens;
469 2223 602 2261 sentiet
633 2236 675 2261 ex
697 2225 786 2270 ejus,
817 2234 931 2272 quem
955 2219 1171 2270 alloquitur,
1201 2223 1308 2259 vultu
1328 2224 1364 2259 ὅ(
1384 2220 1574 2271 responso,
1603 2221 1805 2269 quomodo
1823 2221 1963 2272 fingula

346 2280 457 2316 illum
486 2278 693 2327 affecerint,
722 2289 836 2328 quam
866 2279 907 2314 in
933 2287 1079 2328 partem
1107 2288 1256 2328 accepta
1284 2277 1426 2315 fuerint
1438 2295 1452 2320 ,-
1484 2286 1524 2313 ut
1554 2289 1648 2326 quae
1677 2277 1799 2314 adhuc
1831 2279 1964 2317 restant

350 2334 522 2382 dicenda,
551 2333 691 2372 cautius
710 2344 773 2372 aut
797 2333 998 2383 supprimat
1025 2341 1088 2369 aut
1117 2342 1295 2382 excerpat.

407 2386 555 2427 Parab.
580 2390 642 2427 16.
675 2390 725 2426 81
761 2387 905 2438 spiritus
930 2386 1150 2438 potestatem
1169 2387 1338 2425 habentis
1359 2385 1588 2425 adscenderit
1615 2386 1721 2437 super
1753 2397 1802 2435 tc,
1833 2388 1962 2426 locum

353 2454 463 2482 tuum
489 2457 537 2482 ne
562 2443 768 2485 dimiseris;
798 2444 885 2495 quia
908 2443 1054 2480 curatio
1078 2440 1186 2480 faciet
1217 2443 1349 2481 cessare
1374 2454 1510 2493 magna
1530 2453 1688 2493 peccata.

404 2496 510 2551 Exp.
539 2497 815 2537 PRAECIPIT
838 2499 1027 2551 parabola,
1056 2498 1258 2546 quomodo
1283 2498 1319 2535 se
1339 2500 1420 2550 quis
1433 2510 1560 2547 gerere
1574 2497 1719 2544 debeat,
1749 2509 1837 2535 cum
1866 2500 1962 2536 iram

353 2563 464 2602 atque
488 2555 793 2604 indignationem
822 2551 996 2603 principis
1021 2552 1230 2590 incurrerit.
1286 2554 1529 2604 Praeceptum
1562 2552 1720 2604 duplex:
1751 2552 1892 2601 Primo,
1921 2561 1963 2593 ut

354 2620 437 2644 non
457 2608 622 2648 dimittat
637 2611 768 2648 locum
784 2608 892 2646 suum
908 2622 916 2646 ε
948 2607 1136 2654 Secundo,
1157 2618 1198 2645 ut
1212 2607 1407 2655 curationi,
1422 2618 1602 2656 tanquam
1624 2610 1663 2644 in
1678 2608 1819 2645 morbo
1838 2608 1965 2661 aliquo

353 2664 468 2712 gravi,
485 2662 682 2713 diligenter
698 2667 735 2702 ὃ(
750 2674 858 2702 caute
876 2663 1057 2702 attendat.
1117 2662 1407 2701 Consueverunt
1423 2664 1526 2699 enim
1547 2663 1733 2710 homines,
1767 2663 1963 2713 postquam

353 2728 575 2755 commotos
603 2730 734 2757 contra
756 2719 793 2757 se
812 2717 996 2770 principes
1020 2717 1104 2755 suos
1118 2716 1309 2765 senserint,
1329 2717 1464 2770 partim
1486 2730 1529 2755 ex
1553 2717 1746 2756 dedecoris
1767 2717 1963 2769 impatien-

353 2773 417 2818 tia,
448 2773 583 2824 partim
606 2786 653 2812 ne
680 2776 815 2812 vulnus
845 2773 1079 2812 observando
1094 2771 1282 2821 refricem,
1311 2774 1446 2824 partim
1476 2783 1517 2810 ut
1541 2771 1723 2811 tristitiam
1752 2776 1788 2810 ὃ(
1814 2773 1963 2811 humili-

354 2836 471 2863 tatem
492 2839 625 2865 eorum
655 2830 841 2879 principes
866 2828 920 2867 sui
945 2826 1178 2881 perspiciant,
1207 2828 1242 2865 se
1258 2841 1277 2865 a
1303 2829 1521 2866 muneribus
1551 2831 1587 2866 ὃ(
1608 2827 1863 2866 funffionibus
1893 2828 1962 2868 suis

354 2879 558 2919 subduccre
579 2896 588 2922 ς
617 2882 822 2931 quinetiam
844 2884 1034 2923 interdum
1054 2883 1152 2936 ipsos
1166 2883 1395 2933 magistratus
1418 2886 1454 2921 ὅ(
1469 2882 1679 2932 dignitates,
1709 2895 1797 2931 quas
1811 2895 1961 2933 gerunt,

355 2934 393 2972 in
410 2935 621 2987 principum
640 2949 769 2976 manus
788 2939 985 2977 restituere.
1043 2939 1098 2976 At
1116 2939 1304 2976 Solomon
1322 2939 1418 2976 hanc
1439 2937 1614 2976 medendi
1634 2937 1730 2975 viam
1746 2939 1862 2976 veluti
1872 2951 1962 2977 nox-

334 2991 444 3038 iam,
473 2990 687 3043 improbats
715 2991 826 3042 idque
850 2994 995 3032 summa
1017 2994 1190 3046 prochto
1218 2995 1375 3032 ratione.
1434 2995 1566 3031 Primo
1586 2995 1702 3039 enim,
1728 2992 1888 3031 dedecus
1910 2993 1961 3044 ip-

355 3044 438 3083 *sum
463 3047 578 3083 nimis
598 3047 663 3084 illa
684 3047 871 3098 publicat3
901 3049 1001 3086 unde
1020 3060 1104 3086 tum
1120 3047 1277 3096 inimici,
1305 3059 1416 3097 atque
1431 3048 1549 3087 invidi
1567 3048 1781 3085 audaciores
1804 3048 1900 3086 fiunt
1914 3049 1961 3086 ad

355 3101 581 3141 laedendum
593 3113 612 3144 ⁴,-
642 3111 725 3141 turn
745 3101 852 3139 amici
874 3102 1083 3141 timidiores
1103 3103 1147 3140 ad
1167 3102 1470 3142 iiibvcniendum.
1529 3103 1717 3149 Secundo,
1754 3103 1826 3140 hoc
1854 3105 1963 3153 pasto

381 3157 384 3160 ³
982 3169 1000 3194 2
1906 3158 1960 3206 fit,
