2040 3439
126 191 220 239 192
484 176 577 222 DE
614 167 1059 221 AUGMENTIS
1095 167 1633 218 SCIENTIARUM.
1730 168 1920 219 Lib.VL

308 275 353 312 lit
380 273 623 321 quorundam
644 273 849 310 hominum
869 268 1060 319 diligentia
1091 268 1295 307 temeraria.
1353 269 1503 308 Criticis
1530 269 1635 308 enim
1673 269 1770 308 haud
1801 267 1926 322 paucis

311 340 398 366 mos
414 327 474 375 est,
502 329 569 364 ubi
590 327 762 364 incidunt
784 328 823 363 in
855 325 1062 375 quidpiam,
1091 325 1196 372 quod
1216 337 1296 361 non
1313 324 1542 375 intelligunt,
1571 324 1704 363 vitium
1732 324 1851 363 statim
1883 327 1925 362 in

312 383 515 431 exemplari
545 382 763 433 supponere.
821 378 951 418 Veluti
982 377 1020 415 in
1049 377 1118 416 illo
1147 380 1236 416 loco
1259 379 1402 417 Taciti:
1432 392 1521 417 cum
1554 380 1737 428 quaedam
1770 382 1926 418 colonia

314 438 370 484 jus
397 437 485 487 asyli
509 437 605 486 apud
635 435 805 472 senatum
838 434 1017 480 ass'ercret,
1048 444 1170 471 narrat
1181 433 1344 482 Tacitus,
1374 447 1456 472 non
1477 437 1603 484 aequis
1631 435 1841 472 admodum
1865 447 1925 473 au-

313 492 425 539 ribus,
453 503 547 539 quae
561 492 607 527 ab
625 489 667 527 iis
689 490 988 542 proferebantur,
1020 488 1124 526 fuiffe
1152 489 1198 540 ab
1221 491 1448 539 imperatore
1472 492 1509 527 ὅ(
1529 490 1657 527 senatu
1683 489 1828 527 audita:
1858 491 1926 528 Ita-

313 559 387 598 que
415 547 538 595 legati,
568 544 672 582 causa
696 541 816 591 diffisi,
847 544 990 581 bonam
1005 542 1181 593 pecuniae
1209 543 1396 582 summam
1412 546 1507 582 Tito
1522 543 1639 583 Vinio
1654 545 1852 590 dederunt,
1881 553 1923 583 ut

313 601 362 638 eis
389 598 695 653 patrocinaretur.
752 601 836 637 Hoc
865 601 990 647 itaque
1018 599 1126 650 patio
1153 611 1219 636 res·
1234 598 1421 637 obtinuit:
1451 601 1555 637 Tum
1586 599 1729 650 (inquit
1753 597 1924 649 Tacitus)

314 653 475 705 dignitas
491 657 526 691 δε
547 655 748 703 antiquitas
763 655 937 692 coloniae
962 655 1097 691 valuit:
1126 643 1226 705 quasi
1253 665 1485 703 argumenta,
1513 667 1606 706 quae
1626 665 1735 692 antea
1761 656 1856 692 levia
1875 657 1928 692 vi-

314 711 513 756 debantur,
541 710 741 747 accedente
764 710 887 759 pretio
903 720 1046 746 novum
1068 720 1151 746 tum
1167 709 1315 760 pondus
1330 709 1559 759 accepissent.
1615 711 1670 747 At
1683 708 1833 748 criticus
1847 708 1927 758 qui-

313 765 414 812 dam,
443 777 524 801 non
541 777 582 802 ex
599 764 750 812 intimis,
779 765 936 801 verbum
953 770 1035 801 tum
1050 765 1238 813 expunxit,
1269 767 1306 801 ὅ(
1323 771 1477 802 tantum
1489 764 1665 814 reposuit.
1715 766 1846 814 Atque
1858 765 1927 802 hac

314 831 424 870 prava
451 821 672 857 criticorum
701 817 973 857 consuetudine
1001 819 1141 856 factum
1165 819 1224 865 est,
1255 830 1296 856 ut
1332 819 1449 871 (quod
1479 832 1560 857 non
1582 832 1700 856 nemo
1721 821 1925 870 prudenter

313 872 480 922 notavit)
505 877 728 925 exemplaria
743 874 903 911 maxime
918 874 1086 924 castigata
1100 872 1170 911 sint
1198 874 1466 924 saepenumero
1494 874 1654 913 minime
1677 876 1855 912 omnium
1871 886 1927 912 ca-

313 930 373 967 sta.
432 928 630 982 Qinimo,
645 941 686 967 ut
702 942 832 967 verum
848 930 1026 977 dicamus,
1054 928 1121 966 nisi
1138 929 1253 966 critici
1278 928 1415 967 fuerint
1436 932 1573 968 eruditi
1603 928 1641 966 in
1667 928 1827 967 scientiis
1840 930 1927 977 illis,

311 985 359 1022 de
375 983 601 1033 quibuslibri
613 986 657 1022 ab
667 983 745 1034 ipsis
755 984 845 1022 editi
861 985 1031 1031 traCtant,
1047 986 1216 1033 periculo
1231 983 1422 1035 diligentia
1438 997 1572 1022 eorum
1588 997 1669 1022 non
1685 995 1799 1023 vacat.
1908 1020 1910 1022 ,

369 1042 600 1078 SECUNDO
633 1041 677 1077 ad
706 1041 875 1077 criticam
905 1039 1079 1089 spediant,
1116 1040 1322 1077 authorum
1352 1040 1610 1092 interpretatio
1649 1042 1686 1078 ὅ(
1719 1038 1929 1090 explicatio,

312 1094 589 1142 commentarii,
618 1094 769 1142 scholia,
798 1105 923 1141 notae,
943 1093 1138 1144 spicilegia,
1154 1097 1190 1132 ὃς
1206 1093 1347 1132 similia.
1404 1094 1664 1133 Inissiusmodi
1680 1106 1807 1133 autem
1823 1095 1927 1133 labo-

314 1150 429 1197 ribus,
458 1146 636 1201 pessimus
664 1151 727 1186 ille
743 1149 962 1187 criticorum
983 1151 1193 1187 nonnullos
1221 1148 1320 1198 quasi
1343 1151 1498 1188 morbus
1514 1149 1654 1198 invasit,
1684 1160 1727 1187 ut
1741 1152 1861 1188 multa
1883 1162 1931 1187 ex-

313 1203 590 1242 obscurioribus
613 1203 825 1252 transiliant,
854 1203 990 1242 inlatis
1018 1217 1111 1242 vero
1132 1204 1328 1256 perspicuis
1356 1206 1401 1243 ad
1428 1205 1612 1243 fastidium
1642 1205 1756 1254 usque
1787 1207 1928 1243 immo-

317 1269 448 1297 rentur
477 1261 513 1296 &
531 1258 773 1311 expatientur.
833 1260 996 1305 Scilicet,
1025 1272 1107 1296 non
1137 1270 1215 1297 tam
1248 1258 1341 1296 illud
1368 1259 1497 1309 agitur,
1527 1271 1568 1298 ut
1587 1261 1722 1298 author
1747 1260 1824 1313 ipse
1846 1260 1928 1298 illu-

313 1313 459 1361 stretur,
488 1326 601 1363 quam
615 1325 656 1351 ut
672 1313 817 1352 criticus
829 1314 893 1352 ille
912 1313 1161 1363 multiplicem
1178 1314 1280 1351 suam
1302 1316 1569 1362 eruditionem,
1600 1318 1636 1354 &
1651 1315 1788 1355 variam
1800 1313 1927 1353 1εᾶἰο-

313 1382 417 1417 nem,
446 1369 588 1417 ubique
607 1381 751 1418 arrepta
771 1368 976 1417 occasione,
1005 1369 1176 1406 ostentet.
1235 1370 1458 1421 Optandum
1484 1369 1654 1420 inprimis
1682 1370 1794 1417 foret,
1821 1370 1927 1420 (licet

313 1425 404 1462 haec
422 1436 478 1461 res
493 1425 538 1461 ad
557 1425 771 1463 traditivam
791 1426 1050 1477 principalem,
1080 1437 1162 1461 non
1178 1424 1222 1461 ad
1238 1426 1460 1476 appendices
1475 1427 1672 1475 pertineat)
1708 1437 1750 1463 ut
1779 1426 1843 1475 qui
1875 1437 1927 1463 ar-

315 1489 497 1529 gumenta
523 1479 735 1517 obscuriora
757 1482 792 1516 ὅ(
813 1481 1004 1517 nobiliora
1028 1481 1222 1531 pertraCtet
1246 1479 1412 1532 scriptor,
1451 1481 1528 1518 suas
1557 1479 1630 1530 Ipse
1663 1479 1932 1532 explicationes*

314 1534 537 1583 subjungam
566 1544 608 1570 ut
629 1539 664 1571 ὅ(
683 1545 803 1572 textus
833 1534 907 1584 ipse
930 1531 1221 1584 digressionibus
1249 1544 1313 1571 aut
1337 1537 1645 1585 explicationibus
1668 1547 1750 1572 non
1779 1537 1926 1574 abrum—

315 1600 445 1642 patur;
480 1591 516 1626 δε
537 1600 650 1626 notae
665 1602 685 1627 a
700 1589 885 1640 scriptoris
901 1601 1030 1628 mente
1045 1602 1127 1627 non
1146 1590 1332 1627 recedant.
1392 1590 1618 1638 Cujusmodi
1634 1589 1826 1642 quidpiam
1855 1590 1926 1628 sus-

316 1644 484 1695 picamur
498 1644 544 1681 dc
561 1645 722 1682 Thcone
732 1644 904 1683 Euclidis.

368 1702 576 1746 TERTIO,
599 1700 644 1736 ad
665 1699 831 1738 criticam
847 1700 995 1753 spectat,
1023 1701 1139 1750 (quod
1165 1700 1277 1738 etiam
1297 1714 1442 1739 nomen
1471 1702 1594 1740 eidem
1619 1701 1769 1750 indidit)
1799 1701 1846 1739 de
1866 1713 1927 1739 au-

309 1755 494 1801 thoribus,
520 1767 614 1803 quos
636 1755 765 1801 edunt,
796 1757 905 1794 breve
921 1755 1065 1806 aliquot
1081 1755 1261 1802 judicium
1287 1755 1554 1809 interponere3
1585 1759 1725 1795 &illos
1745 1768 1833 1794 cum
1848 1769 1925 1794 cae-

309 1810 398 1848 teris
423 1810 674 1862 scriptoribuS,
707 1813 773 1859 qui
802 1811 929 1848 eadem
959 1813 1130 1858 tractant,
1159 1824 1401 1861 comparares
1433 1823 1472 1849 ut
1501 1824 1565 1862 pei·
1593 1812 1811 1858 hujusmodi
1843 1823 1930 1850 cen-

312 1866 437 1905 suram
452 1863 597 1903 studiosi
614 1867 650 1902 &
665 1866 711 1902 de
727 1864 909 1903 librorum
924 1867 1069 1903 delectu
1091 1878 1331 1913 moneantur,
1369 1870 1403 1903 δε
1420 1867 1464 1904 ad
1497 1867 1613 1917 ipsam
1641 1865 1843 1904 leffionem
1864 1871 1934 1904 eo-'

314 1933 400 1957 rum
410 1920 658 1957 instructiores
678 1923 864 1958 accedant.
923 1922 1052 1973 Atque
1068 1922 1142 1959 hoc
1153 1923 1345 1969 ultimum,
1375 1922 1422 1959 est
1441 1921 1659 1960 criticorum
1675 1933 1856 1971 tanquam
1871 1934 1927 1960 ca-

313 1976 458 2022 thedra,
498 1987 611 2024 quam
635 1986 735 2013 certe
755 1976 876 2013 nostra
907 1988 1025 2014 aetate
1047 1978 1300 2014 nobilitarunt
1329 1976 1398 2015 viri
1426 1979 1606 2016 nonnulli
1634 1978 1774 2027 magni,
1811 1979 1929 2026 majo-

314 2043 370 2068 res
386 2041 495 2077 certe,
525 2029 652 2067 nostro
674 2030 826 2078 judicio,
850 2044 963 2080 quam
980 2045 1051 2084 pro
1066 2032 1230 2069 modulo
1250 2034 1484 2070 criticorum.

363 2086 439 2123 AD
459 2086 750 2136 paedagogicam
765 2088 868 2135 quod
881 2089 1028 2134 attinet,
1055 2083 1311 2124 breviss'iinum
1332 2088 1431 2124 foret
1447 2088 1572 2129 dium
1607 2087 1760 2126 consule
1785 2086 1928 2125 scholas

305 2140 552 2194 Jesuitarum:
587 2140 679 2177 nihil
705 2140 821 2188 enim,
849 2143 953 2194 quod
974 2144 1012 2179 in
1027 2142 1134 2179 usum
1148 2141 1261 2189 venit,
1283 2141 1336 2180 bis
1352 2145 1495 2180 meiius.
1553 2145 1639 2182 Nos
1659 2154 1788 2180 tamen
1813 2154 1928 2192 pauca

312 2208 421 2233 more
442 2194 571 2233 nostro
587 2195 840 2243 monebimus,
870 2207 1049 2246 tanquam
1079 2197 1191 2246 spicas
1214 2199 1390 2247 legentes.
1455 2197 1633 2236 Omnino
1655 2197 1934 2236 institutionem·

313 2250 494 2301 pueritiae
509 2253 545 2288 δ’(
568 2252 770 2297 juventutis
785 2251 1024 2302 collegiatam
1047 2253 1247 2302 probamus
1258 2271 1271 2295 ‚-
1301 2265 1384 2290 non
1406 2252 1445 2290 in
1475 2252 1624 2291 aedibus
1649 2252 1820 2304 privatis;
1844 2265 1928 2292 non

318 2306 384 2343 sub
400 2306 659 2356 ludimagistris
674 2317 834 2344 tantum.
893 2308 1009 2344 Adest
1033 2306 1317 2345 adolescentulis
1338 2311 1378 2345 in
1401 2308 1567 2358 collegiis
1581 2307 1784 2346 aemulatio
1805 2309 1927 2354 major

320 2373 406 2410 erga
421 2363 587 2412 aequales
603 2375 613 2402 3
645 2361 740 2398 adest
756 2375 908 2411 quoque
928 2363 1000 2413 ipse
1019 2365 1142 2400 vultus
1158 2366 1195 2400 ὃς
1220 2363 1382 2415 aspectus
1400 2363 1571 2401 virorum
1601 2365 1789 2414 gravium3
1820 2364 1926 2412 quod

321 2417 407 2453 facit
426 2417 470 2453 ad
490 2417 767 2463 verecundiam,
797 2421 833 2455 &
862 2429 1009 2455 teneros
1036 2421 1184 2456 animos
1199 2420 1311 2455 etiam
1327 2431 1347 2455 a
1368 2418 1551 2471 principio
1571 2419 1788 2456 conformat
1802 2419 1848 2455 ad
1868 2431 1929 2455 ex-

322 2473 486 2521 emplar:
515 2472 677 2520 denique
711 2472 795 2510 sunt
824 2473 974 2521 quidem
1003 2472 1163 2523 plurima
1198 2474 1433 2511 educationis
1461 2475 1679 2523 collegiatae
1706 2474 1924 2511 commoda.

322 2525 364 2561 Id
379 2526 511 2562 ordine
525 2537 650 2564 autem
667 2529 701 2564 ὃς
717 2529 840 2565 modo
866 2527 1090 2578 disciplinae,
1118 2528 1211 2566 illud
1234 2527 1419 2579 imprimis
1442 2528 1718 2570 consuluerim3
1748 2538 1788 2566 ut
1805 2541 1927 2566 cavea-

323 2590 384 2616 tur
407 2591 426 2615 a
445 2581 702 2631 compendiis5
733 2585 769 2619 ὅ(
794 2595 813 2620 a
842 2585 1088 2632 praecocitate
1103 2584 1265 2632 quadam
1288 2583 1490 2630 doetrinae,
1523 2596 1616 2635 quae
1633 2582 1781 2633 ingenia
1798 2584 1927 2622 reddat

322 2634 510 2681 audacula,
541 2637 575 2672 ὅ(
600 2648 756 2687 magnos
784 2638 970 2688 profestus
998 2640 1124 2689 potius
1152 2637 1324 2684 ostentet,
1353 2649 1465 2688 quam
1501 2638 1618 2676 faci-at.
1675 2640 1781 2691 Quin
1811 2641 1848 2676 ὅ(
1875 2638 1927 2677 fa-

323 2689 489 2725 vendum
506 2689 678 2728 nonnihil
694 2692 937 2741 ingeniorum
951 2693 1126 2740 libertati,
1161 2703 1202 2731 ut
1229 2690 1255 2729 si
1279 2694 1371 2743 quis,
1401 2705 1494 2742 quae
1519 2706 1561 2731 ex
1585 2705 1694 2732 more
1709 2694 1926 2744 disciplinae

322 2743 419 2790 sunt,
447 2743 567 2789 faciat,
598 2747 633 2781 &
657 2744 763 2784 simul
786 2760 934 2801 tempus
954 2749 999 2785 acl
1022 2747 1101 2796 alia,
1130 2747 1168 2784 in
1196 2760 1290 2800 quac
1310 2749 1513 2800 propensus
1541 2747 1601 2796 est,
1635 2747 1848 2797 suffurctur,
1876 2761 1927 2787 ne

323 2798 451 2846 utique
466 2798 690 2837 cohibeatur.
746 2804 868 2840 Porro
897 2815 1029 2853 operae
1062 2802 1224 2854 pretium
1254 2802 1378 2844 fuerit,
1402 2803 1598 2854 diligenter
1615 2803 1926 2851 animadvertere,

327 2853 443 2904 (qued
470 2853 617 2891 fortass'e
641 2854 760 2892 adhuc
789 2871 869 2895 non
902 2858 1013 2896 fuerit
1041 2860 1231 2906 notatum)
1264 2857 1333 2895 effe
1362 2859 1457 2897 duos
1480 2857 1732 2897 ass'uefaeiendi
1763 2862 1799 2896 ἃ
1827 2871 1926 2896 exer-

324 2907 431 2945 cendi
459 2910 494 2944 &
518 2910 753 2959 praeparandi
778 2913 928 2962 ingenia
956 2915 1105 2962 modos,
1130 2913 1264 2966 eosque
1294 2923 1472 2963 tanquam
1502 2914 1757 2964 antistroplios.
1814 2914 1928 2951 Alter

325 2961 454 3015 incipit
482 2975 502 3000 a
530 2963 769 3011 facilioribus,
807 2972 841 3004 ὅ(
872 2969 917 3006 ad
942 2971 1060 3018 magis
1090 2970 1201 3007 ardua
1228 2968 1406 3019 paulatim
1426 2969 1576 3007 deducit
1586 2986 1600 3010 ,-
1630 2970 1721 3005 alter
1739 2969 1786 3006 ab
1814 2967 1927 3013 initio

324 3018 472 3056 duriora
488 3019 643 3070 imperat
661 3022 696 3056 ὃ(
712 3031 828 3069 urget,
845 3025 939 3060 utin
956 3026 1000 3061 iis
1020 3025 1199 3073 obtentis,
1227 3022 1450 3063 facilioribus
1461 3026 1544 3074 quis
1556 3022 1668 3062 etiarn
1677 3021 1832 3062 suaviter
1848 3035 1927 3075 per-

1821 3077 1927 3129 fungi
