2040 3439
75 168 250 222 uuir.
476 169 805 221 Novum·
875 174 1362 247 oRGANuM.
1785 199 1881 251 333

139 272 326 322 13„sz
354 269 581 317 consensum
601 274 639 309 δε
657 272 972 310 conformitatem
999 285 1161 326 operum
1194 273 1385 321 similium,
1416 287 1510 324 quae
1533 276 1696 319 eduntur

78 334 100 364 a
119 328 245 367 calore
268 329 306 364 &
327 326 470 375 frigore
484 343 499 369 ‚-
528 327 641 373 rejice
662 336 820 365 motum
838 338 917 379 tam
933 326 1169 380 expansivum
1185 342 1300 380 quam
1328 333 1616 382 contraffivum,
1640 336 1690 373 se-

78 383 247 428 cundum
271 390 411 419 totum.
662 384 665 385 ⁷
767 420 770 422 ,
895 386 898 388 ’

135 447 196 486 14.
227 438 324 474 PER
354 431 613 474 accensionem
650 437 784 474 caloris
813 451 855 475 ex
885 437 1080 487 attritione
1113 451 1340 490 corporum3
1370 442 1482 485 rejice
1516 451 1690 483 naturam

76 492 346 541 Enrieipmlem.
404 493 592 529 Naturam
618 489 874 544 principialem'
898 505 1075 532 vocamus
1089 504 1185 543 earn,
1214 507 1307 546 quac
1332 495 1486 546 positiva
1507 502 1690 552 reperitur

15 591 16 594 Ἴ
74 547 114 584 in
133 557 282 593 intuta,
312 558 382 584 nec
403 544 569 583 causatur
586 558 607 583 a
627 555 759 584 natura
784 548 1042 599 praecedente.

13 597 15 646 J
105 636 109 640 .
127 602 262 650 SUNT
283 604 320 639 &
340 602 431 638 aliae
452 609 625 639 naturae:
655 613 779 651 neque
798 604 902 641 enim
919 603 1067 641 tabulas·
1079 603 1302 643 conficimus
1328 607 1520 658 perfectam,
1552 609 1612 647 sed
1630 618 1687 649 cx·-

11 683 13 703 J
70 657 194 705 cmpla
226 665 386 694 tantum.
693 659 695 661 ’
1695 674 1699 677 ·

103 712 166 759 710
176 722 307 749 MNEs
328 713 365 749 δε
386 709 546 760 singulae
562 721 714 748 naturae
735 711 943 761 praedistae
955 724 1036 750 non
1058 712 1142 750 sunt
1163 725 1206 751 ex
1229 714 1353 752 forma
1369 718 1493 755 calidi.
1551 717 1684 769 Atque

9 776 10 785 ³
69 765 119 811 ab
129 767 307 811 ominibus
335 767 475 804 naturis
492 766 686 815 praedietis
714 767 893 804 liberatur
913 767 1035 805 homo
1050 766 1088 805 in
1103 768 1324 818 operatione
1346 770 1454 822 super
1469 771 1643 812 calidum.

122 819 269 873 Aphor.
286 823 384 859 XIX.
408 820 444 857 A
458 833 482 857 T
493 832 555 872 Qu
565 832 586 857 Ε
607 821 648 857 in
662 819 839 858 exclusiva
854 821 947 867 {aeta
963 822 1047 859 sunt
1062 823 1309 861 fundamenta
1321 826 1548 864 inductionis
1560 835 1679 879 verae,
1694 839 1696 841 ’

68 884 162 924 quae
183 886 311 916 tamen
346 888 426 913 non
452 876 639 925 perficitur
659 876 782 913 donec
801 873 941 913 sistatur
971 878 1011 913 in
1040 874 1267 915 affirmativa.
1326 881 1462 931 Neque
1493 894 1583 920 vcro
1606 884 1681 935 ipsa

67 929 241 976 exclusiva
265 933 346 968 ullo
374 932 496 968 modo
524 929 685 980 perfeeto.
721 929 781 978 est,
810 943 935 980 neque
961 932 1056 969 adeo
1089 932 1159 970 effe
1186 933 1305 984 potest
1341 935 1406 972 sub
1436 936 1563 974 initiis,
1619 939 1680 976 Est

65 987 169 1024 enim
190 985 366 1025 exclusiva
395 985 450 1035 (ut
479 986 590 1035 plane
618 984 750 1034 liquet)
786 986 939 1031 rejectio
967 996 1184 1025 naturarum
1218 986 1455 1038 simplicium.
1513 993 1629 1044 Quod
1652 990 1679 1032 fi

63 1052 146 1078 non
175 1041 376 1079 habeamus
399 1040 519 1078 adhuc
546 1041 664 1077 bonas
692 1042 729 1078 ὅ(
757 1047 859 1078 veras
878 1042 1057 1080 notiones
1077 1053 1294 1080 naturarum
1316 1042 1555 1094 simplicium,
1586 1060 1680 1096 quo-

63 1096 185 1134 modo
205 1095 394 1134 rectificari
416 1094 534 1146 potest
553 1093 752 1133 exclusiva?
781 1094 838 1133 At
859 1098 1067 1134 nonnullae
1086 1109 1130 1134 ex
1156 1096 1370 1149 supradiffls
1404 1100 1536 1149 (veluti
1565 1105 1678 1142 notio

60 1160 215 1189 naturae
243 1152 491 1198 elementaris,
520 1151 633 1188 notio
649 1154 802 1188 naturae
828 1151 1005 1197 coelestis,
1034 1151 1145 1189 notio
1160 1153 1370 1204 tenuitatis)
1400 1154 1484 1193 sunt
1496 1159 1677 1196 notiones

61 1211 184 1255 vagae,
213 1218 284 1244 nec
305 1207 400 1246 bene
420 1207 654 1244 terminatae.
710 1207 838 1254 Itaque
863 1217 946 1253 nos,
976 1205 1040 1256 qui
1059 1219 1130 1244 nec
1150 1208 1269 1256 ignari
1292 1208 1427 1257 sumus,
1457 1222 1526 1248 nec
1547 1213 1674 1261 obliti,

60 1271 246 1309 quantum
275 1274 368 1312 opus
390 1261 661 1311 aggrediamur,
692 1258 780 1310 (viz.
797 1270 840 1297 ut
859 1260 1033 1299 faciamus
1057 1262 1290 1300 intellcetum
1320 1263 1530 1302 humanum
1564 1268 1676 1305 rebus

60 1318 98 1353 &
117 1326 269 1354 naturae
289 1319 430 1366 parem)
452 1317 562 1353 nullo
577 1315 698 1352 modo
716 1315 985 1364 acquiescimus
1001 1318 1040 1354 in
1055 1315 1122 1364 his,
1151 1329 1245 1365 quae
1261 1317 1380 1356 adhuc
1394 1322 1648 1370 praecepimus
1660 1332 1689 1365 ς’

60 1370 123 1408 fed
157 1373 193 1409 δέ
232 1382 313 1409 rem
339 1373 379 1408 in
399 1372 554 1409 ulterius
576 1369 827 1420 provehinmS‚
857 1373 894 1408 &
921 1371 1079 1409 fortiora
1107 1373 1241 1409 auxilia
1268 1375 1309 1410 in
1332 1373 1438 1411 usum
1459 1376 1672 1415 intellectus

57 1425 319 1463 machinamur
341 1429 378 1464 ὅ(
405 1426 682 1466 ministr-amum
711 1437 805 1474 quae
826 1438 929 1463 nune
958 1425 1231 1476 subjungemus.
1290 1429 1338 1465 Et
1364 1438 1464 1466 certe
1494 1431 1534 1467 in
1558 1433 1671 1469 inter-

54 1482 266 1530 pretatione
280 1491 430 1519 naturae
445 1481 777 1518 animus-omnino
797 1479 919 1517 taliter
943 1480 993 1518 est
1017 1482 1285 1533 praeparandus
1309 1485 1344 1520 ὅ(
1362 1483 1595 1532 formandus,
1626 1498 1668 1524 ut

57 1537 95 1572 δί
114 1535 282 1573 sustineat
305 1536 341 1574 se
360 1538 400 1573 in
421 1536 593 1586 gradibus
609 1535 745 1573 debitis
759 1534 1006 1584 certitudinis,
1034 1538 1071 1574 ὃς
1097 1546 1226 1574 tamen
1252 1536 1406 1587 cogitet,
1438 1539 1669 1588 (pracsertim

55 1589 120 1627 sub
138 1590 272 1639 initiis)
297 1603 350 1638 ea,
379 1603 474 1643 quae
493 1590 638 1637 adsunt,
668 1591 834 1627 multum
858 1591 1025 1642 pendere
1051 1603 1095 1628 ex
1116 1590 1157 1628 iis
1175 1603 1269 1642 quae
1298 1591 1503 1644 supersunt.

106 1644 189 1692 XX.
217 1646 289 1684 Ar
303 1657 484 1683 TAMEN
510 1647 598 1694 quia
625 1646 732 1682 citius
761 1646 921 1694 emergit
948 1647 1080 1683 veritas
1098 1658 1142 1684 ex
1172 1658 1298 1684 errore
1321 1660 1434 1696 quam
1463 1661 1507 1686 cx
1536 1651 1668 1689 confu-

52 1697 167 1748 fione,
197 1700 288 1738 utile
316 1711 502 1752 putamus,
530 1710 571 1737 ut
594 1700 656 1737 fiat
682 1696 878 1749 permissio
899 1699 1117 1747 intellectui‚
1147 1700 1227 1751 post
1253 1712 1327 1739 tres
1345 1703 1486 1740 tabulas
1516 1717 1667 1755 compa·

53 1756 195 1792 rentiae
216 1758 358 1804 primae
381 1755 524 1806 (quales
547 1754 753 1804 posuimus)
783 1755 894 1792 fan-as
924 1757 961 1792 ὅτ
985 1753 1191 1807 penfitatas‚
1221 1758 1442 1806 accingendi
1464 1758 1498 1795 se
1527 1762 1563 1797 ἃ
1587 1770 1667 1797 ten-

55 1810 160 1847 tandi
189 1822 281 1860 opus
309 1811 626 1862 interpretationis
646 1819 798 1846 naturae
824 1811 864 1846 in
879 1806 1126 1852 affirmativa;
1156 1821 1235 1848 tam
1259 1824 1301 1848 ex
1330 1812 1512 1850 instantiis
1532 1816 1672 1852 tabula-

53 1873 152 1911 rum,
182 1878 296 1913 quam
312 1878 354 1903 ex
374 1867 418 1902 iis
434 1877 530 1913 quae
550 1866 638 1901 alias
662 1874 874 1901 occurrent.
930 1865 1045 1915 Quod
1068 1877 1184 1914 genus
1204 1870 1442 1914 tentamenti,
1461 1867 1670 1919 permistio*

52 1931 142 1956 nem
156 1918 381 1967 intelletum,
411 1918 482 1957 five
506 1918 856 1970 interpretationem
880 1920 1109 1967 inchoatam,
1138 1918 1209 1957 five
1237 1921 1572 1960 vindemiationem
1600 1927 1671 1975 pri-

51 1984 153 2012 mam
176 1976 361 2026 appeiiare
390 1974 662 2012 consuevimus.
696 1981 700 1984 ⁴

459 2065 724 2108 Vindemiatio
739 2068 873 2120 prima
899 2063 1092 2120 deforma
1121 2065 1252 2107 calidi.

99 2140 638 2182 ANIMADVERTENDUM
664 2153 789 2180 autem
810 2141 871 2188 est,
901 2142 1068 2179 formam
1099 2143 1152 2179 rei
1185 2142 1297 2180 ineffe
1328 2142 1384 2190 (ut
1413 2153 1456 2180 ex
1486 2143 1538 2191 iis,
1565 2153 1661 2196 quae

49 2198 145 2235 dieta
175 2198 269 2245 sunt,
299 2201 408 2248 plane
439 2197 573 2247 liquet)
603 2196 783 2235 instantiis
817 2195 992 2235 univer-fis
1016 2200 1052 2235 &
1081 2195 1242 2246 fingulis,
1273 2200 1313 2234 in
1343 2197 1476 2246 quibus
1504 2212 1558 2236 res
1587 2201 1662 2250 ipsa

47 2253 138 2291 inest
147 2269 162 2295 5
191 2256 297 2291 aliter
326 2255 430 2291 enim
454 2254 579 2291 forma
601 2265 682 2289 non
710 2253 816 2289 ess'et:
847 2253 974 2300 Itaque
1000 2253 1102 2289 nulla
1118 2254 1226 2303 plane
1246 2253 1325 2289 dari
1345 2254 1464 2304 potest
1491 2252 1660 2292 instantia.

45 2308 348 2346 contradistoria.
404 2308 589 2346 Attamen
605 2307 720 2360 longe
736 2308 853 2357 magis
871 2307 1070 2356 conspicua
1090 2306 1278 2344 invenitur
1301 2307 1425 2344 forma
1442 2311 1479 2346 ὃ(
1502 2309 1656 2347 evidens

45 2358 84 2400 in
112 2364 296 2412 aliquibus
319 2363 509 2410 instantiis,
539 2374 651 2411 quam
677 2361 716 2399 in
732 2363 836 2402 aliis3
868 2363 908 2398 in
928 2361 968 2398 iis
983 2361 1166 2409 videlicet,
1194 2361 1257 2399 ubi
1280 2364 1405 2399 minus
1425 2363 1590 2401 cohibita
1607 2365 1663 2402 est‘

44 2428 178 2460 natura
205 2418 362 2466 formae,
393 2415 630 2470 &impedita
663 2419 700 2454 ὅ(
728 2417 871 2454 τεάαξὶει
891 2417 931 2453 in
959 2418 1135 2453 ordinem
1161 2428 1225 2466 per
1254 2427 1401 2454 naturas
1427 2416 1522 2456 aliaS.
1578 2420 1656 2457 Hu—

45 2472 207 2518 iusmodi
233 2484 359 2511 autem
398 2471 593 2519 instantias,
632 2471 905 2518 elucescentias,
948 2472 1006 2509 vel
1035 2470 1219 2508 instantias
1247 2470 1439 2510 osteniivas
1466 2474 1654 2525 appellare

45 2526 314 2566 consuevimus.
371 2528 609 2578 Pcrgendum
625 2529 750 2575 itaque
779 2525 826 2564 est
851 2527 895 2563 ad
918 2526 1257 2564 vindemiationem
1281 2526 1396 2576 ipsam
1416 2530 1576 2578 primam
1605 2529 1660 2566 de*

44 2582 169 2620 forma
195 2583 313 2621 calidi.
370 2582 440 2620 Per
456 2582 641 2621 universas
657 2585 693 2619 ὅ(
712 2579 869 2631 fingulas
893 2580 1088 2627 instantias,
1117 2591 1261 2627 natura,
1290 2583 1393 2626 cujus
1409 2582 1587 2620 limitatio
1605 2583 1656 2621 cst

45 2640 159 2685 calor,
187 2638 334 2676 videtur
356 2638 425 2675 css'e
445 2648 584 2675 motus.
643 2639 726 2675 Hoc
747 2648 872 2675 autem
897 2637 1058 2673 maxime
1081 2635 1286 2673 ostenditur
1314 2636 1352 2673 in
1383 2637 1544 2684 flamma,
1561 2651 1656 2687 quae

43 2701 223 2744 perpetuo
248 2704 444 2734 movetur3
475 2695 511 2730 ὅ(
527 2694 569 2730 in
588 2692 797 2742 liquoribus
826 2692 1056 2729 ferventibus
1076 2702 1137 2728 aut
1166 2690 1420 2737 bullientibus,
1450 2694 1514 2743 qui
1539 2695 1654 2730 ctiam

43 2758 224 2796 perpetuo
246 2759 460 2786 moventur.
517 2749 647 2798 Atque
666 2745 872 2784 ostenditur
888 2748 1001 2783 etiam
1028 2747 1067 2782 in
1089 2745 1310 2783 incitatione
1325 2745 1395 2785 sive
1413 2749 1654 2785 incremento

44 2801 174 2840 caloris
194 2803 292 2840 faeto
313 2815 376 2855 per
395 2812 566 2844 motum3
597 2812 637 2839 ut
662 2804 701 2838 in
717 2801 870 2839 follibus
886 2803 922 2838 ὃ(
937 2802 1077 2839 ventis:
1108 2801 1154 2838 de
1179 2813 1257 2852 quo
1285 2802 1369 2839 vide
1399 2800 1565 2852 Instant.
1587 2814 1652 2847 ῖς).

46 2852 138 2894 Tala
158 2868 193 2908 3.
250 2859 378 2907 Atque
394 2855 564 2894 similiter
580 2858 620 2894 in
640 2858 719 2893 aliis
739 2857 865 2893 modis
895 2866 1033 2900 motuS,
1063 2856 1108 2893 de
1123 2855 1253 2907 quibus
1278 2855 1365 2895 vide
1397 2855 1561 2908 Irglz‘anf.
1589 2858 1651 2894 28.

47 2914 83 2948 ὃς
100 2921 163 2962 31.
194 2909 284 2950 Tab.
301 2924 335 2964 3.
378 2912 518 2950 Rursus
541 2912 744 2949 ostenditur
765 2913 805 2948 in
827 2909 1054 2956 ‚extinctione
1078 2909 1170 2960 ignis
1200 2912 1237 2947 δε
1260 2913 1391 2949 caloris
1415 2924 1652 2962 peromnem

46 2965 184 3003 fortem
211 2964 542 3019 comprefliouem,
567 2979 662 3018 quae
684 2965 884 3003 fraenat&
913 2966 1043 3003 cess'are
1066 2965 1154 3003 facit
1190 2976 1361 3003 motum:
1391 2968 1438 3004 de
1467 2979 1538 3015 qua
1567 2968 1651 3003 vide

41 3017 208 3072 Instant.
226 3033 289 3074 30.
320 3026 356 3061 &
374 3033 436 3073 32.
464 3019 556 3061 Tab.
581 3032 616 3073 3.
647 3022 867 3060 Ostenditur
887 3023 1000 3058 etiam
1017 3022 1057 3059 in
1073 3021 1158 3067 hoc,
1179 3022 1282 3071 quod
1309 3033 1425 3059 omne
1441 3033 1575 3071 corpus
1590 3022 1651 3057 de-

1493 3077 1651 3121 (li-uitur,
