2040 3439
104 187 133 236 2

143 172 1991 368 &FRANCl8612

457 478 800 540 Baronisde
863 472 1728 553 VERULAMIO,

499 660 899 723 Vico-Comitis
949 662 989 719 S
1007 680 1046 720 A
1069 678 1111 718 Ν
1135 679 1169 718 e
1191 677 1231 717 T
1254 679 1273 716 1
1320 658 1376 719 A
1395 678 1430 717 L
1454 679 1485 716 B
1509 677 1602 716 AN
1626 675 1672 734 Ι,

424 848 501 911 De
535 848 773 912 Dignitate
825 849 873 894 δι
925 843 1208 909 Augmentis
1250 842 1742 902 SCIENTIARUM,

807 1010 1033 1056 LIBER
1082 1011 1382 1054 NONUS:

682 1169 803 1216 AD
861 1165 1180 1215 REGEM
1239 1161 1495 1211 SUUM.

889 1467 1142 1517 CAR
1216 1467 1252 1514 Ι.

285 1557 539 1600 ‘Partitiones
559 1553 772 1609 theologiae
790 1554 1004 1610 inspiratae
1035 1554 1298 1594 omittuntur:
1329 1551 1502 1593 Tantum
1520 1551 1656 1592 aditus
1678 1551 1736 1604 fit
1754 1551 1812 1592 ad
1832 1551 1899 1592 des

325 1610 505 1664 fiderata
524 1613 626 1654 trias
656 1610 872 1650 doffrinam
891 1609 938 1649 de
960 1608 1133 1662 legitimo
1158 1609 1226 1662 usit
1250 1610 1418 1658 rationis
1436 1608 1629 1648 humanae
1651 1609 1694 1647 in
1713 1607 1869 1647 divinis
1883 1628 1897 1653 ς

340 1666 556 1706 doc‘Jrinam
575 1665 622 1706 de
630 1664 822 1721 gradibus
840 1666 1012 1706 unitatis
1030 1665 1073 1705 in
1092 1666 1264 1705 civitate
1284 1663 1375 1704 Dei
1389 1683 1405 1711 ‚-
1437 1661 1485 1710 ὁ·
1509 1664 1772 1703 emanationes
1791 1663 1896 1717 stri<

330 1731 556 1775 pturarum.

399 1908 547 1949 versum
567 1908 764 1956 ambitum,
792 1919 870 1946 tam
890 1907 1026 1946 veteris
1046 1909 1274 1960 quamnovi
1289 1907 1405 1955 orbis,
1436 1906 1675 1945 scientiarum
1693 1909 1901 1946 circumna-

397 1964 588 2015 vigaverit,
621 1963 752 2015 (quam
788 1963 961 2002 secundis
991 1965 1114 2002 ventis
1149 1965 1187 2001 ὅ(
1219 1962 1330 2000 cursu
1362 1960 1596 2013 posterorum
1620 1960 1663 2000 ftt
1696 1963 1900 2012 judicium)

396 2020 488 2071 quid
520 2019 687 2069 superest,
711 2016 777 2056 nifi
804 2029 845 2057 ut
870 2030 969 2067 vota,
997 2019 1153 2056 tandem
1176 2018 1375 2068 perfunffi,
1405 2017 1686 2068 persolvamus?
1712 2018 1769 2056 At
1789 2018 1897 2056 restat

280 2074 402 2112 adhuc
423 2075 619 2124 theologia
639 2074 749 2121 saera,
769 2072 841 2112 five
855 2074 1042 2126 inspirata.
1101 2074 1364 2113 Veruntamen
1381 2070 1405 2109 fi
1421 2084 1504 2109 eam
1518 2073 1672 2110 traCtare
1687 2085 1900 2125 pergamus,

281 2130 499 2167 exeundum
510 2131 621 2167 nobis
633 2129 731 2166 foret
741 2141 761 2166 e
771 2131 940 2167 navicula
955 2130 1112 2167 rationis
1124 2130 1323 2176 humanae,
1339 2130 1376 2165 &
1391 2127 1660 2165 transeundum
1676 2130 1716 2164 in
1729 2126 1902 2167 ecclesiae

287 2197 448 2222 navem:
477 2186 585 2237 Quae
613 2184 691 2221 sola
723 2197 792 2222 acu
825 2186 973 2222 nautica
1006 2185 1132 2222 divina
1153 2185 1273 2234 pollet
1292 2184 1341 2221 ad
1359 2184 1508 2222 cursum
1530 2183 1626 2220 recte
1646 2182 1901 2233 dirigendum.

287 2240 427 2288 Neque
448 2242 553 2278 enim
575 2236 761 2277 sufficient
775 2241 935 2292 amplius
949 2240 1071 2277 stellae
1091 2237 1362 2291 philosophiae,
1391 2251 1485 2287 quac
1507 2238 1683 2276 haetenus
1706 2238 1900 2291 praecipue

288 2295 398 2332 nobis
431 2294 677 2333 affulserunt:
708 2296 836 2343 Itaque
860 2308 922 2347 par
956 2295 1068 2342 foret,
1097 2293 1286 2332 silentium
1323 2305 1479 2342 quoque
1511 2295 1550 2330 in
1580 2294 1648 2331 hac
1678 2305 1720 2330 re
1759 2296 1901 2332 colere.

285 2351 547 2401 Quamobrem
568 2349 788 2400 partitiones
807 2351 993 2399 legitimas
1021 2351 1117 2387 circa
1131 2362 1214 2387 eam
1235 2350 1459 2387 omittemus
1480 2362 1488 2385 ε
1517 2361 1632 2400 pauca
1661 2359 1790 2386 tamen
1826 2357 1903 2402 pro

286 2407 470 2443 tenuitate
485 2406 620 2453 nostra,
649 2407 764 2442 etiam
780 2406 820 2442 in
834 2406 931 2442 hanc
946 2406 1198 2452 conferemus,
1227 2406 1317 2442 loco
1332 2414 1523 2443 votorum.
1580 2404 1621 2441 Id
1645 2416 1694 2441 eo
1713 2405 1830 2454 magis
1849 2404 1900 2442 fa-

289 2461 419 2506 cimus,
449 2463 535 2512 quia
560 2460 601 2498 in
629 2472 786 2510 corpore
817 2459 1034 2510 theologiae
1065 2462 1209 2498 nullam
1238 2458 1385 2509 prorsus
1416 2459 1626 2507 regionem,
1655 2469 1718 2497 aut
1737 2460 1900 2498 metum

289 2515 399 2563 plane
415 2515 602 2553 desertum
618 2526 681 2553 aut
697 2516 898 2563 incultum,
928 2517 1165 2554 invenimus:
1194 2524 1296 2553 tanta
1316 2513 1388 2551 fuit
1416 2513 1622 2550 hominum
1645 2513 1840 2564 diligentia
1857 2515 1901 2552 in

289 2569 526 2616 stminandis,
554 2582 617 2609 aut
634 2573 778 2618 tritico,
808 2581 870 2608 aut
885 2569 1049 2608 zizaniis.

344 2625 473 2660 Tuts
489 2624 601 2673 igitur
616 2638 874 2676 proponemus
891 2626 1107 2675 theologiae
1128 2624 1361 2677 appendices,
1391 2637 1485 2674 quae
1507 2636 1588 2661 non
1604 2624 1650 2661 de
1665 2626 1821 2663 materia
1833 2635 1901 2674 pen

288 2677 521 2728 theologiam
544 2681 756 2728 informata,
784 2692 847 2719 aut
863 2681 1115 2727 informanda,
1144 2679 1206 2717 scd
1226 2680 1499 2716 tantummodo
1519 2679 1565 2716 de
1581 2680 1702 2717 modo
1717 2679 1900 2717 informa·

288 2732 416 2779 tionis,
446 2735 614 2772 tractent.
673 2738 811 2785 Neque
841 2747 970 2774 tamen
998 2735 1093 2773 circa
1119 2747 1184 2772 eos
1212 2735 1398 2781 traCtatus,
1430 2735 1546 2781 (utin
1566 2735 1720 2783 reliquis
1744 2734 1900 2773 consue-

289 2786 422 2835 vimus)
454 2790 509 2825 vel
531 2792 697 2839 exempla
721 2791 1000 2841 subjungemus,
1028 2792 1086 2828 vel
1108 2801 1301 2840 praecepta
1326 2790 1508 2826 dabimus.
1565 2790 1605 2826 Id
1630 2790 1820 2839 theologis
1843 2802 1899 2827 re-

287 2842 525 2892 linquemus:
558 2846 652 2882 Sunt
673 2848 776 2882 enim
798 2845 860 2884 illa
892 2847 945 2892 (ut
961 2847 1135 2893 diximus)
1167 2845 1276 2882 instar
1289 2854 1469 2883 v0torum
1485 2854 1644 2881 tantum.

349 2910 382 2934 1.
412 2899 511 2934 PRA
525 2910 814 2938 EROGATIVA
830 2903 903 2938 Dei
918 2912 1046 2940 totum
1067 2902 1266 2939 hominem
1282 2898 1544 2949 complestitur
1559 2918 1573 2942 ,-
1605 2911 1675 2936 nec
1694 2900 1820 2937 minus
1848 2900 1900 2937 adv

290 2954 492 2999 rationem,
521 2965 635 3001 quam
661 2955 705 2990 ad
728 2958 965 2993 voluntatem
994 2957 1211 3001 humanam,
1242 2954 1472 2992 extenditur:
1503 2964 1545 2991 ut
1565 2954 1687 2991 homo
1703 2953 1839 2992 scilicet
1855 2954 1897 2993 i'n

290 3009 505 3048 universum
527 3007 561 3046 sc
577 3008 748 3060 abneget,
765 3012 801 3050 &
817 3011 964 3054 accedat
980 3013 1077 3050 Deo.
1136 3012 1275 3062 Qrare,
1304 3008 1392 3048 sicut
1413 3010 1486 3059 legi
1510 3009 1658 3048 divinae
1674 3010 1828 3046 obedire
1844 3019 1898 3046 te-

1747 3076 1896 3112 nemur,

279 1857 367 2045 J
372 1854 464 1891 AM
484 1865 577 1892 vero
606 1851 685 1904 (rex
703 1850 863 1903 optime)
894 1864 982 1891 cum
1001 1841 1124 1890 carina
1143 1863 1263 1903 parva,
1293 1850 1415 1901 qualis
1433 1850 1558 1889 nostra
1576 1851 1646 1889 effe
1665 1852 1804 1904 potuit,
1818 1849 1907 1891 uni⁴
