2040 3439
50 190 202 258 Capi.
297 188 390 235 DE
427 187 875 238 AUGMENTrs
910 188 1449 236 SCIENTIARUM.

104 288 151 326 51
164 290 257 324 ουτ
277 297 371 324 vero
392 283 546 322 rationis
566 284 751 323 humanae
766 284 805 323 in
826 285 960 325 divinis
982 285 1064 324 usus
1085 285 1135 324 est
1154 287 1302 338 duplex,
1331 287 1383 324 ita
1405 288 1442 324 ὅ(
1463 285 1501 324 in
1521 285 1658 325 eodem

55 340 272 394 usu'duplcx
293 339 462 377 excellus.
519 339 641 386 Alter,
670 353 758 378 cum
784 342 824 377 in
853 342 1014 378 modum
1043 341 1206 390 mysterii
1241 339 1430 387 curiosius,
1458 354 1571 393 quam
1597 355 1660 392 par

53 397 110 442 cst,
141 393 348 446 inquiri-tur.
406 394 529 440 Alter,
560 402 646 432 ‘eum
668 396 902 433 illationibus
923 407 1039 444 acqua
1056 395 1232 433 tribuitur
1252 396 1466 443 authoritas,
1497 409 1537 433 ac
1559 398 1658 446 prin-

46 449 177 502 eipiisi
207 448 258 486 sis.
319 451 421 495 Nam
440 449 694 487 &Nicodcmi
711 450 910 500 discipulus
926 449 1039 488 videri
1055 447 1181 500 poilit,
1209 453 1274 499 qui
1302 453 1527 500 pertinacius
1549 464 1656 502 quae·

51 517 126 548 rats
155 462 486 557 „Qtomodoposfet
500 501 608 542 homo
624 504 742 558 παρέ,
772 517 856 542 cum
865 503 924 555 stt
936 503 1094 556 anex?
1123 507 1169 542 Et
1189 504 1388 557 discipulus
1409 507 1512 543 Pauli
1534 509 1655 544 neuti-

49 572 160 611 quam
181 559 320 597 censeti
345 555 470 608 possit,
481 561 546 608 qui
569 572 647 597 non
670 561 896 609 quandoque
912 562 952 597 in
971 560 1152 597 doctrinis
1173 559 1243 598 suis
1259 560 1422 602 inseram
1452 558 1550 612 Ego,
1581 573 1654 598 non

49 613 276 654 Dominus:
304 614 386 651 Aut
419 614 525 661 illud,
555 611 767 653 Secundum
799 612 989 665 confilium
1017 627 1165 652 meum:
1197 614 1389 666 Siquidem
1418 616 1653 653 illationibus

47 669 230 723 plerisque
249 667 359 717 stylus
381 667 444 706 iste
463 671 677 708 conveniet.
734 672 861 719 Itaque
886 671 997 707 nobis
1027 682 1082 707 res
1113 669 1264 707 salubris
1293 670 1441 707 viderur
1471 673 1506 708 ὅ(
1543 673 1655 720 inpri-

47 727 120 763 mis
139 725 250 771 utilis,
280 722 306 760 fi
327 725 501 762 tractatus
522 724 730 762 instituatur
750 725 894 762 sobrius
918 726 953 761 ὃ(
974 725 1145 774 diligens,
1175 723 1238 776 qui
1258 725 1305 761 de
1325 725 1391 762 usu
1412 727 1567 762 rationis
1591 726 1656 763 hu-

47 789 181 818 manae
201 780 239 816 in
260 777 485 828 theologicis
500 779 640 817 utiliter
661 779 871 832 praecipiat,
901 789 1081 827 tanquam
1098 779 1224 816 divina
1244 780 1427 828 quaedam
1443 779 1653 818 dialectica:

50 833 202 885 Ut'pote
221 839 315 882 q'uae
336 834 460 871 futura
475 832 515 872 sit
538 835 645 872 instar
675 835 821 887 opiatae
849 833 1040 879 cujusdam
1060 834 1284 880 medicinae,
1313 846 1408 882 quae
1429 846 1508 870 non
1536 836 1658 872 modo

46 890 355 942 speculationum,
378 890 514 938 quibus
531 889 655 926 schola
674 890 867 927 interdum
886 889 1041 935 laborat,
1071 889 1198 925 inania
1212 887 1409 940 consopiat
1426 903 1436 928 3
1466 901 1596 926 verum
1617 902 1650 926 e-

44 946 135 983 tiam
155 942 488 981 controversiarum
509 945 666 991 furores,
697 946 846 993 quaein
866 941 1013 981 ecelefia
1034 944 1220 980 tumultus
1238 944 1352 990 cient,-
1381 942 1557 980 nonnihil
1580 947 1648 981 mi—

43 1000 150 1050 tiget.
204 999 400 1044 Ejusmodi
416 1001 608 1037 tractatum
626 1001 724 1037 inter
744 997 941 1037 desiderata
961 997 1136 1047 ponimus
1152 1012 1162 1039 3
1193 1000 1229 1035 δε
1250 997 1479 1048 sophronem
1508 995 1577 1036 sive
1597 1000 1645 1036 de

45 1053 218 1105 legitimo
233 1053 301 1092 usu
318 1055 471 1091 rationis
487 1054 670 1091 humanae
686 1056 726 1091 in
742 1055 878 1091 divinis
893 1055 1148 1090 nominamus.

101 1118 135 1147 2.
165 1108 414 1146 INTEREST
435 1109 643 1146 admodum
663 1111 762 1161 pacis
782 1107 962 1155 ecclesiae,
987 1118 1027 1145 ut
1043 1107 1174 1144 foedus
1191 1106 1504 1155 Christianorum,
1526 1121 1548 1145 a
1563 1109 1642 1146 Ser-

44 1174 173 1202 vatore
196 1163 464 1216 praescriptum
490 1166 529 1201 in
552 1164 698 1201 duobus
723 1165 797 1201 illis
824 1162 1014 1215 capitibus,
1043 1175 1138 1210 quae
1167 1162 1347 1199 nonnihil
1367 1164 1542 1201 videntur
1573 1163 1644 1200 dis·

42 1217 240 1272 crepantia,
270 1220 366 1255 bene
387 1221 424 1256 &
443 1220 539 1256 clare
559 1218 759 1269 explicetur
778 1232 785 1254 z
815 1220 991 1271 Qtorum
1027 1218 1187 1254 alterum
1208 1214 1255 1253 sic
1274 1217 1431 1258 definit3'
1461 1216 1550 1270 Qn'
1571 1229 1646 1255 non

45 1270 97 1323 est
111 1271 311 1325 nobiscum,
340 1270 390 1323 est
406 1280 540 1311 contra
561 1285 627 1310 nos
644 1287 655 1310 .·
684 1274 865 1311 Alterum
883 1284 1009 1310 autem
1031 1270 1104 1313 fie5
1142 1270 1221 1309 &ni
1245 1278 1380 1309 contra
1402 1284 1468 1309 nos
1489 1284 1562 1310 non
1582 1270 1645 1322 cst,
1659 1290 1675 1298 -·

42 1325 233 1381 nobifium
257 1325 328 1378 est.
384 1328 437 1365 Ex
466 1329 523 1365 his
552 1328 698 1380 liquido
726 1338 837 1377 patet,
874 1327 943 1365 esse
969 1304 1193 1364 nonnullg}
1208 1327 1396 1373 articulos,
1441 1329 1478 1363 in
1509 1329 1644 1375 quibus

40 1385 106 1432 qui
125 1381 304 1429 diss‘cntit,
340 1392 440 1420 extra
460 1383 593 1420 foedus
612 1383 822 1420 statuendus
837 1380 902 1420 fit:
933 1383 1025 1419 alios
1043 1391 1147 1429 vero,
1176 1382 1216 1418 in
1240 1381 1375 1430 quibus
1400 1380 1585 1418 dissentire
1605 1383 1646 1419 li-

43 1445 123 1476 ceat
140 1436 239 1476 salvo
259 1437 421 1476 foedere.
478 1439 640 1476 Vincula
656 1439 759 1475 enim
775 1437 1060 1475 communionis
1077 1436 1308 1477 Christianae
1322 1434 1527 1487 ponuntur,
1557 1435 1647 1474 Una

34 1488 154 1544 fidele,
182 1503 297 1530 unum
311 1489 513 1544 baptisma,
545 1489 624 1535 &a
684 1495 780 1530 Non
800 1503 896 1529 unus
911 1493 1015 1538 ritus,
1044 1502 1118 1527 una
1147 1491 1292 1540 opinio.
1349 1489 1530 1528 Videmus
1554 1503 1646 1539 quo-

43 1559 115 1597 quc
133 1549 299 1586 tunicam
323 1548 520 1585 Salvatoris
550 1547 818 1584 inconsutilem
843 1545 1020 1587 extitisse3
1048 1545 1183 1583 vestem
1207 1555 1332 1581 autem
1353 1543 1522 1582 ecclesiae
1543 1543 1646 1583 versi-

43 1604 226 1641 colorem.-
282 1603 412 1640 Paleac
432 1602 473 1639 in
502 1601 600 1640 arista
624 1601 843 1651 separandae
867 1601 952 1639 sunt
976 1612 996 1638 a
1015 1600 1237 1640 frumentos
1265 1610 1301 1636 at
1326 1600 1470 1637 zizania
1491 1601 1531 1637 in
1557 1611 1650 1649 agro

43 1668 123 1695 non
142 1656 313 1709 protinus
332 1657 536 1694 evellenda.
593 1656 733 1703 Moses,
768 1667 853 1693 cum
870 1665 1077 1693 certantem
1097 1654 1284 1705 reperisset
1298 1654 1542 1704 AEgyptium
1558 1667 1646 1693 cum

44 1711 213 1759 Israelita,
235 1724 316 1750 non
328 1712 434 1758 dixit,
455 1710 534 1749 Cur
549 1709 747 1749 certatis?
778 1711 849 1749 Sed
874 1710 1002 1759 gladio
1025 1711 1221 1759 evaginato
1236 1708 1480 1758 AEgyptium
1500 1708 1647 1746 interse-

44 1770 121 1806 cit:
151 1766 208 1805 At
221 1779 311 1804 curn
330 1766 507 1804 Israelitas
526 1766 622 1804 duos
651 1776 839 1804 certantes
861 1765 1016 1813 vidisset,
1046 1766 1216 1812 quamvis
1238 1763 1317 1800 fieri
1337 1771 1418 1801 non
1439 1764 1575 1814 potuit,
1607 1774 1648 1801 ut

44 1823 196 1873 utrique
211 1820 315 1860 eausa
331 1821 418 1867 justa
434 1823 687 1871 contingeret,
717 1823 768 1858 ita
781 1831 910 1859 tamen
927 1832 991 1857 eos
1009 1817 1212 1870 alloquitur
1223 1836 1236 1860 ,-
1267 1815 1431 1857 Fratres
1451 1815 1550 1868 cstt's,
1580 1831 1648 1856 cnr

42 1877 210 1916 certatis
227 1875 248 1916 ,Ρ
274 1878 342 1914 His
357 1877 483 1925 itaque
498 1874 693 1928 perpensis,
724 1873 852 1925 magni
871 1873 1037 1911 videatur
1060 1885 1116 1911 res
1131 1876 1166 1910 ὃ(
1188 1873 1375 1910 momenti
1396 1876 1432 1910 δε
1458 1872 1542 1910 usus
1567 1874 1648 1919 effe,

45 1943 86 1971 ut
117 1930 325 1979 definiatur,
355 1933 477 1980 qualia
496 1928 565 1968 fint
589 1932 653 1968 illa
681 1933 718 1968 ὅ(
738 1940 899 1981 quantae
927 1927 1146 1974 latitudinis,
1175 1940 1268 1976 quae
1294 1928 1340 1964 ab
1373 1925 1542 1965 eeclesiae
1570 1940 1651 1964 eor-

42 1980 137 2040 pore
146 1986 320 2025 homines
334 1984 481 2038 penitus
495 1986 688 2032 divellant,
705 1987 742 2022 &
757 1997 777 2022 a
790 1984 1067 2022 communione
1081 1983 1250 2019 fidelium
1265 1983 1476 2019 eliminent.
1533 1983 1650 2034 Quod

44 2041 70 2080 st
99 2043 182 2092 quis
212 2052 330 2092 putet,
360 2041 434 2078 hoc
457 2042 534 2088 jam
562 2041 709 2090 pridem
738 2040 877 2077 faitum
899 2038 982 2086 effe,
1011 2038 1132 2076 videat
1155 2036 1217 2074 ille
1246 2038 1358 2074 etiam
1388 2048 1499 2086 atque
1522 2039 1649 2083 ctiam,

43 2109 159 2148 quam
192 2094 329 2134 sincere
358 2098 394 2134 δε
429 2096 637 2133 moderate.
693 2094 790 2133 illud
824 2093 979 2131 interim
1007 2090 1201 2131 verifimile
1234 2091 1294 2138 est,
1322 2103 1410 2129 cum
1448 2093 1515 2140 qui
1548 2093 1649 2142 pacis

43 2153 286 2190 mentionem
305 2149 444 2198 fecerit,
475 2161 756 2202 reportaturum
778 2148 1000 2200 responsum
1020 2148 1113 2185 illud
1124 2146 1224 2199 Jehu
1243 2146 1287 2183 ad
1307 2148 1500 2192 nuntium,
1531 2144 1650 2185 Nun·

47 2203 148 2261 quid
152 2215 241 2259 pax
261 2203 311 2256 est
325 2203 436 2257 Jehn
451 2203 471 2244 ,Ρ
501 2203 620 2258 „Quid
633 2202 708 2242 tibi
724 2200 770 2246 ἔγ
780 2203 870 2256 paci
883 2201 904 2241 ,9
935 2199 1073 2252 Transt
1088 2197 1136 2243 ὠ
1144 2199 1306 2254 st1quere
1326 2213 1405 2238 me:
1437 2202 1541 2238 Cum
1566 2213 1648 2239 non

45 2273 127 2313 pax,
155 2261 218 2299 sed
238 2271 370 2313 partes,
400 2259 586 2312 plerisque
615 2259 721 2297 cordi
742 2257 824 2296 sint.
880 2258 1006 2295 Nobis
1029 2255 1278 2293 nihilominus
1300 2255 1421 2293 visum
1450 2255 1498 2292 est
1526 2257 1653 2294 tracia-

45 2327 130 2356 tum
157 2317 205 2353 de
225 2315 574 2366 gradibusunitatis
595 2316 634 2352 in
655 2314 803 2351 civitate
823 2313 910 2359 Dei,
940 2322 979 2349 ut
1001 2311 1182 2348 salubrem
1211 2312 1249 2348 ὃς
1273 2311 1420 2358 utilem,
1448 2310 1545 2348 inter
1564 2309 1654 2348 desi·

45 2373 172 2412 derata
188 2383 382 2423 reponere.

102 2437 138 2479 3.
172 2427 293 2464 CUM
322 2425 586 2476 scripturarum
613 2424 808 2469 sacrarum,
837 2424 932 2460 circa
951 2422 1186 2472 theologiam
1216 2419 1498 2464 informandam
1527 2431 1653 2459 tantae

46 2479 116 2520 fint
136 2490 266 2534 partes,
296 2480 343 2517 dc
364 2492 496 2518 earum
515 2480 824 2531 interpretatione
858 2479 1032 2527 inprimis
1055 2476 1271 2514 videndum.
1328 2476 1467 2523 Neque
1487 2487 1589 2513 nunc
1603 2475 1651 2512 de

43 2537 273 2574 authoritate
287 2547 345 2573 eas
362 2536 636 2586 interpretandi
652 2536 859 2582 loquimur,
889 2544 983 2581 quae
1008 2533 1048 2568 in
1069 2530 1251 2568 consensu
1279 2527 1450 2566 CCClCslaC
1469 2529 1652 2576 firmatur,

49 2590 110 2629 sed
143 2591 190 2629 de
219 2591 340 2628 modo
369 2590 651 2640 interpretandi.
708 2590 740 2627 Is
769 2588 904 2637 duplex
932 2587 1006 2626 cst3
1035 2584 1269 2623 methodicus
1297 2586 1334 2621 ὃ(
1362 2582 1515 2622 solutus.
1571 2586 1655 2623 Ete->

48 2648 130 2682 nim
153 2647 280 2683 latices
302 2644 358 2682 isti
375 2646 508 2692 divini,
539 2647 605 2694 qui
624 2645 730 2693 aquis
745 2644 819 2681 illis
833 2654 875 2680 ex
889 2643 1010 2691 puteis
1025 2641 1159 2694 Jacobi
1187 2639 1226 2676 in
1249 2637 1439 2677 infinitum
1460 2637 1653 2690 praestant,

49 2696 226 2739 similibus
255 2701 334 2738 fere
362 2701 586 2737 hauriuntur
610 2701 647 2736 ὃς
676 2698 896 2735 exhibentur
924 2696 1061 2742 modis,
1091 2696 1225 2743 quibus
1253 2705 1368 2741 aquae
1396 2696 1579 2732 naturales
1608 2706 1652 2731 cx

50 2757 168 2804 puteis
187 2755 330 2793 solent:
359 2755 440 2792 Hae
468 2753 660 2805 siquidem,
691 2763 754 2791 aut
778 2752 844 2790 sub
873 2753 1039 2801 primum
1067 2749 1236 2787 haustum
1263 2748 1302 2785 in
1330 2747 1500 2787 cisternas
1530 2748 1655 2799 recipi-

50 2820 174 2857 untur,
204 2811 306 2848 unde
347 2822 413 2861 per
449 2810 561 2846 tubos
597 2809 816 2860 complures
852 2806 898 2843 ad
934 2805 1043 2844 usum
1080 2803 1288 2841 commode
1326 2802 1451 2841 diduci
1477 2803 1625 2857 possunt
1644 2821 1659 2846 ³

49 2875 111 2902 aut
142 2865 264 2903 statim
298 2865 338 2901 in
367 2863 448 2901 vasa
484 2863 753 2909 infunduntur,
783 2861 940 2899 subinde
967 2870 1080 2910 prout
1109 2871 1202 2909 opus
1230 2857 1280 2895 est
1306 2859 1478 2897 utendae.
1536 2859 1666 2907 Atque

51 2920 190 2957 modus
217 2921 283 2957 ille
313 2918 415 2969 prior
445 2918 685 2955 methodicus
722 2917 960 2965 theologiam
999 2913 1108 2952 nobis
1135 2913 1290 2952 tandem
1314 2914 1459 2964 peperit
1489 2913 1668 2951 scholasti-

52 2985 155 3015 cam;
186 2987 251 3026 per
277 2986 391 3026 quam
411 2974 581 3011 doCtrina
611 2970 829 3021 theologica
858 2972 898 3007 in
927 2980 1063 3016 artem,
1093 2979 1271 3020 tanquam
1301 2970 1341 3004 in
1371 2968 1563 3009 cisternam
1592 2968 1668 3004 col-

52 3029 144 3070 lecta
165 3029 233 3071 ests
262 3039 375 3078 atque
395 3030 483 3067 inde
503 3027 737 3067 axiomatum
758 3029 796 3065 ὃς
816 3023 1054 3077 positionum
1075 3024 1180 3064 rivuli
1208 3025 1247 3060 in
1276 3034 1413 3061 omnes
1441 3035 1558 3072 partes
1587 3021 1669 3059 snm

109 3085 212 3122 Vox„
241 3085 269 3121 1.
819 3082 855 3118 L
881 3081 894 3119 l
1480 3077 1668 3114 distributi.

1739 191 1833 253 265
