2040 3439
136 210 327 261 Lfflu·
525 208 858 264 NovUM
929 206 1410 268 oRGANUM

187 315 380 355 VERUM
407 313 497 352 haec
525 316 657 352 omnia
683 323 875 367 utcunque
903 327 1108 368 operentur
1129 318 1176 356 ad
1194 317 1377 356 distantias
1403 330 1528 370 parvas
1556 319 1626 360 five
1643 322 1745 374 rhag-

133 381 210 418 nas,
239 380 444 422 operantur
472 379 573 407 certe
595 369 642 407 ad
661 368 783 407 finitas
805 372 843 408 &
862 381 1017 409 naturae
1038 382 1160 421 notas,
1190 384 1231 412 ut
1258 372 1301 412 fit
1315 374 1494 423 quiddam
1513 388 1595 414 non
1621 380 1742 420 ultra3

132 413 245 474 idque
268 436 339 474 pro
361 422 580 471 rationibus,
608 433 671 462 aut
691 425 807 461 molis
827 424 890 463 seu
917 428 1047 475 quanti
1070 439 1300 480 corporum;
1330 439 1392 467 aut
1417 432 1557 481 vigoris
1580 434 1617 470 δ(
1639 433 1742 471 debi-

132 477 246 517 litatis
261 481 444 518 virtutum
461 497 475 522 ,-
506 488 569 516 aut
599 478 786 516 favoribus
813 478 1151 532 &impedimentis
1170 482 1412 526 mediorum3
1440 497 1534 536 quae
1549 487 1678 525 omnia
1701 490 1741 526 in

131 535 462 586 'computationem
501 524 629 571 venire
662 535 700 572 &
731 533 855 572 notari
879 535 1034 574 debent.
1089 536 1311 589 Quinetiam
1337 539 1532 579 mensurae
1560 553 1741 580 motuum

131 587 402 635 violentorum,
433 588 546 638 (quos
564 590 714 637 vocant)
736 598 779 626 ut
811 586 1019 638 miffilium,
1046 600 1343 640 tormentorum,
1372 605 1554 641 rotarum,
1587 599 1622 635 ὃ(
1645 596 1740 635 fimi-

131 644 237 691 1ium,
269 645 358 682 eum
374 643 442 681 hac
455 655 608 692 quoque
622 641 817 681 manifesto
832 643 916 682 suos
931 644 1089 684 habeant
1107 645 1243 685 limites
1257 657 1391 695 certOS,
1401 652 1588 690 notandae
1610 652 1644 690 su
1652 663 1704 690 nt.

182 700 551 737 INVENIUNTUR
571 699 685 736 etiam
713 698 867 747 quidam
895 710 1024 737 motus
1051 703 1089 738 δί
1117 700 1269 740 virtutes
1292 707 1501 742 contrariae
1525 705 1609 753 illis,
1638 717 1732 756 quae

129 763 330 803 operantur
350 765 415 803 per
434 753 586 800 tacitum,
616 755 653 791 ὅ(
668 765 748 791 non
763 754 809 790 ad
828 753 961 791 distans
976 778 987 795 ,
1015 765 1109 806 quac
1137 764 1341 806 operantur
1363 758 1499 798 scilicet
1521 762 1566 798 ad
1585 761 1732 810 distans,

128 809 166 845 &
183 819 260 845 non
278 808 322 845 ad
341 808 481 846 tactum
498 821 508 849 3
537 810 574 845 ὅ(
588 807 720 855 rursus,
749 820 844 857 quae
865 819 1068 860 operantur
1085 808 1269 848 remiffius
1290 812 1336 849 ad
1361 813 1571 852 distantiam
1609 819 1732 855 mino-

123 865 222 910 rem,
250 866 288 901 ὅ(
313 863 447 900 fortius
469 863 513 899 ad
536 861 746 900 distantiam
775 863 970 909 majorem.
1025 865 1178 902 Etenim
1194 864 1283 904 visio
1305 878 1385 905 non
1410 870 1505 907 bene
1521 869 1732 921 transigitur

126 917 173 955 ad
198 918 351 965 tastum,
381 917 444 955 sed
464 917 610 967 indiget
638 918 768 955 medio
794 919 832 955 &
865 915 1043 956 distantia.
1099 921 1204 957 Licet
1229 924 1484 970 meminerim,
1513 936 1575 962 me
1595 927 1731 963 audisse

119 983 170 1023 *ex
195 973 379 1010 relatione
406 972 597 1019 cujusdam
618 971 694 1010 fide
716 971 833 1022 digni,
860 972 964 1024 quod
987 971 1062 1024 ipse
1090 976 1130 1012 in
1158 971 1332 1014 curandis
1357 979 1558 1016 oculorum
1579 979 1732 1019 suorum

127 1028 313 1065 cataractis
344 1028 435 1076 (erat
457 1036 583 1064 autem
603 1030 691 1065 cura
717 1025 810 1074 talis,
839 1037 881 1065 ut
908 1025 1176 1068 immitteretur
1191 1030 1325 1068 festuca
1352 1033 1534 1081 quaedam
1549 1047 1658 1087 parva
1678 1048 1731 1073 ar-

123 1092 258 1132 gentea
279 1083 379 1120 intra
406 1083 566 1132 primam
594 1082 696 1120 ocull
724 1083 905 1130 tunicam,
934 1095 1027 1134 quae
1042 1085 1255 1136 pelliculam
1275 1084 1379 1123 illam
1394 1090 1590 1127 cataraelae
1606 1103 1728 1128 remo-

124 1147 228 1175 veret
243 1139 280 1175 &
298 1137 465 1176 truderet
489 1137 529 1174 ln
555 1138 737 1187 angulum
765 1136 879 1185 oculi)
902 1134 1102 1176 clai-issime
1125 1139 1268 1178 vidisset
1294 1141 1466 1180 festucam
1496 1144 1599 1181 illam
1624 1145 1729 1196 supra

120 1191 240 1242 ipsam
262 1193 443 1245 pupillam
467 1202 699 1231 moventem.
756 1192 874 1244 Qiod
896 1203 1087 1244 utcunque
1103 1206 1233 1231 verum
1255 1195 1325 1233 ess'e
1347 1194 1472 1248 polilt,
1493 1200 1728 1238 manifestum

122 1246 183 1293 est,
212 1247 354 1293 majora
378 1258 538 1297 corpora
565 1247 647 1284 non
675 1247 771 1284 bene
803 1257 866 1284 aut
892 1245 1056 1285 distinete
1081 1251 1197 1297 cerni,
1227 1248 1293 1287 nisi
1313 1251 1354 1289 in
1375 1252 1521 1302 cuspide
1541 1257 1641 1301 coni,
1665 1268 1730 1293 co·

124 1302 297 1340 euntibus
325 1300 432 1339 radiis
457 1302 595 1347 objeffi
619 1301 664 1338 ad
687 1302 915 1339 nonnullam
945 1300 1166 1340 distantiam.
1221 1303 1327 1357 Quin
1355 1308 1470 1344 etiarn
1503 1310 1543 1347 in
1579 1309 1728 1348 senibus

121 1357 255 1394 oculus
274 1357 408 1395 melius
435 1358 569 1404 cernit,
597 1366 751 1394 remoto
767 1356 919 1400 obicCto
935 1358 1049 1408 paulo
1063 1358 1214 1408 longius
1237 1371 1351 1409 quam
1380 1364 1543 1413 propius.
1586 1365 1629 1402 In
1647 1365 1729 1403 mis-

120 1409 244 1449 silibus
259 1421 384 1449 autem
406 1421 552 1449 certum
576 1409 637 1458 est,
665 1407 942 1460 percussionem
975 1423 1056 1448 non
1084 1411 1163 1451 fieri
1186 1424 1264 1451 tam
1283 1414 1425 1452 fortem
1452 1419 1495 1454 ad
1516 1418 1731 1458 distantiam

119 1464 235 1503 nimis
262 1477 426 1518 parvam,
454 1478 567 1515 quam
592 1467 707 1518 paulo
733 1466 823 1516 post.
879 1467 979 1503 Hace
1002 1467 1126 1517 itaque
1156 1466 1194 1504 ὅς
1214 1466 1344 1507 similia
1372 1472 1412 1508 in
1436 1472 1618 1511 mensuris
1643 1487 1725 1513 mo-

119 1527 229 1560 tuum
250 1521 375 1572 quoad
399 1519 584 1558 distantias
612 1522 780 1558 notanda
798 1520 897 1558 sunt.

170 1576 260 1613 Esr
278 1577 316 1613 &
330 1576 430 1615 aliud
449 1587 566 1625 genus
576 1575 768 1613 mensurae
778 1576 906 1613 localis
922 1586 1112 1623 motuum,
1127 1577 1232 1627 quod
1248 1590 1329 1617 non
1344 1583 1721 1630 praetermittendum

118 1627 178 1668 est.
209 1630 307 1668 Illud
326 1642 417 1668 vero
430 1629 593 1680 pertinet
611 1629 658 1667 ad
678 1640 806 1668 motus
821 1642 902 1668 non
914 1628 1173 1680 progreffivos‚
1188 1632 1483 1684 sedsphacricos;
1504 1637 1577 1675 hoe
1597 1639 1656 1685 cst,
1671 1640 1718 1676 ad

116 1683 378 1738 expansionem
394 1697 598 1736 corporum
610 1686 650 1722 in
661 1685 842 1731 majorem
859 1684 1061 1737 sphaeram,
1077 1698 1138 1724 aut
1149 1689 1449 1727 contraffionem
1465 1693 1504 1728 in
1515 1694 1718 1731 minorem.

115 1734 386 1791 inquirendum
401 1741 504 1778 enim
523 1738 572 1778 est
591 1739 688 1777 inter
704 1738 889 1778 mensuras
904 1738 982 1777 istas
996 1752 1187 1789 motuum,
1202 1755 1380 1791 quantam
1401 1744 1719 1798 compre-ilionem

115 1804 179 1832 aut
198 1792 454 1832 extensionem
483 1806 640 1844 corpora
662 1795 745 1844 (pro
767 1804 898 1832 natura
921 1794 1101 1845 ipsorum)
1134 1797 1242 1835 facile
1266 1801 1303 1836 ὅ(
1328 1800 1487 1838 libenter
1516 1805 1715 1851 patiantur,

117 1851 153 1886 δ(
174 1849 219 1886 ad
244 1861 358 1899 quem
381 1850 589 1886 terminum
614 1847 780 1886 reluctari
801 1849 991 1898 incipiant,
1020 1850 1115 1887 adeo
1136 1861 1176 1888 ut
1201 1853 1245 1889 ad
1274 1863 1482 1891 extremum
1507 1869 1589 1894 non
1623 1860 1719 1896 ultra

116 1903 250 1951 ferant,
279 1914 320 1942 ut
340 1916 427 1942 cum
450 1901 563 1941 vefica
591 1903 719 1940 inflata
742 1905 1020 1956 comprimitur,
1051 1904 1198 1943 sustinet
1213 1906 1274 1944 illa
1289 1907 1604 1960 compreffionctn
1622 1924 1718 1950 non-

115 1959 260 1996 nullam
279 1961 383 2006 a'eris,
414 1958 474 1997 sed
493 1957 518 1995 fi
547 1959 668 2002 major
687 1958 812 2006 fuerit,
840 1971 921 1997 non
941 1958 1078 2009 patitur
1105 1963 1178 2006 aer,
1208 1960 1268 1998 sed
1290 1963 1473 2015 rumpitur¹
1495 1964 1618 2004 vsi‘ica.

117 2018 120 2019 ’
166 2014 241 2051 ΛΤ
267 2026 338 2051 nos
360 2013 434 2051 hoc
457 2013 576 2063 ipsum
594 2013 787 2051 subtiliore
808 2015 1066 2065 experimento
1078 2017 1194 2064 magis
1214 2017 1335 2053 cxath
1351 2019 1596 2067 probavimus.
1639 2021 1716 2060 Ac-

113 2070 279 2120 cepimus
294 2067 395 2106 enim
415 2069 675 2118 campanulam
703 2080 744 2105 ex
761 2070 928 2115 metallo,
959 2070 1140 2106 leviorem
1160 2070 1297 2108 seilicet
1313 2074 1348 2109 ὃ(
1364 2075 1589 2123 tenuiorem,
1630 2089 1717 2125 qua-

112 2123 140 2160 li
160 2123 206 2160 ad
226 2123 486 2175 excipiendum
506 2123 618 2160 fialem
649 2125 813 2164 utimur3
843 2135 1000 2174 eamque
1023 2125 1062 2161 in
1098 2126 1236 2176 pelvim
1264 2138 1377 2174 aquae
1405 2128 1638 2176 mmmmm,
1667 2134 1718 2170 ita

112 2187 154 2214 ut
178 2177 387 2228 deportaret
415 2178 540 2216 secum
557 2179 693 2226 ae'rem,
720 2178 1066 2230 qui-continebatur
1085 2180 1125 2216 in
1140 2191 1308 2220 concavo
1335 2181 1449 2231 usque
1478 2185 1522 2221 ad
1551 2185 1714 2224 fundum

110 2233 238 2281 pelvis.
294 2234 565 2271 Locaveramus
601 2244 725 2270 autem
755 2233 854 2284 prius
875 2234 1075 2283 globulum
1103 2236 1142 2271 in
1164 2234 1287 2273 fundo
1311 2237 1433 2285 pelvis,
1466 2239 1569 2288 super
1598 2253 1712 2289 quem

111 2289 331 2339 campanula
354 2288 584 2339 imponenda
605 2288 702 2325 esset.
758 2289 883 2339 Quare
917 2289 1010 2325 illud
1038 2290 1241 2337 eveniebat,
1268 2302 1309 2328 ut·
1327 2289 1353 2328 fi
1366 2293 1542 2341 globulus
1571 2296 1634 2333 illc
1663 2297 1714 2334 cs-

110 2341 164 2379 set
185 2342 414 2380 minusculus
439 2343 524 2394 (pro
551 2345 698 2380 ratione
725 2345 894 2390 concavi)
926 2344 1103 2394 reciperet
1139 2343 1175 2381 se
1199 2347 1259 2382 a'cr
1290 2347 1478 2384 inlocum
1512 2348 1714 2398 minorem,

110 2398 147 2434 &
169 2397 455 2441 contruderetur
484 2397 619 2445 solum,
649 2409 730 2435 non
758 2397 1026 2435 extruderetur.
1082 2399 1198 2448 Quod
1227 2397 1251 2436 fi
1271 2401 1476 2449 grandioris
1497 2403 1583 2440 essct
1613 2417 1712 2456 mag-

108 2450 302 2500 nitudinis,
329 2464 440 2503 quam
462 2463 503 2490 ut
527 2454 589 2490 ae'r
629 2451 788 2490 libenter
822 2453 981 2499 cederet,
1010 2464 1093 2490 tum
1129 2455 1189 2490 a'e'r
1216 2456 1365 2499 majoris
1393 2457 1573 2506 prcss'urac
1599 2461 1713 2510 impa*

109 2507 216 2554 tiens,
245 2509 505 2559 campanulam
530 2519 573 2544 ex
605 2509 728 2556 aliqua
743 2517 846 2556 parte
864 2508 1041 2553 elevabat,
1071 2509 1107 2544 ὃς
1132 2509 1173 2545 in
1202 2509 1309 2547 bullis
1342 2511 1570 2550 ascendebat.

118 2567 120 2569 ’
164 2562 335 2599 ΕΤΙΑΜ
362 2562 408 2599 ad
440 2561 679 2612 probandum
715 2563 865 2610 qualem
895 2560 1149 2600 extensionem
1191 2563 1291 2613 (non
1311 2566 1437 2603 minus
1461 2579 1575 2615 quani
1603 2581 1708 2607 com-

107 2612 350 2666 pressionem)
387 2626 574 2666 pateretur
609 2619 682 2665 aer,
712 2618 784 2654 tale
815 2615 1005 2667 quippiam
1038 2617 1328 2668 prassicavimus.
1387 2621 1516 2659 Ovum
1552 2621 1710 2661 vin-sum

107 2672 328 2720 accepimus,
355 2683 444 2708 cum
464 2683 577 2721 parvo
595 2671 781 2709 foramine
802 2673 842 2709 in
863 2685 942 2709 uno
961 2683 1130 2709 extremo
1150 2674 1225 2710 ovi.
1284 2676 1426 2711 A'erem
1443 2688 1508 2727 per
1537 2677 1709 2717 foramen

107 2727 305 2764 exustione
327 2724 416 2762 forti
439 2728 667 2774 attraximus,
698 2729 733 2764 δε
753 2725 870 2763 statim
898 2725 1018 2776 digito
1047 2727 1218 2764 foramen
1242 2729 1335 2766 illud
1359 2731 1640 2773 obturavimus3
1670 2738 1707 2772 <Sc

107 2792 223 2818 ovum
245 2782 284 2818 in
309 2792 443 2829 aquam
464 2779 725 2827 immet-fixum,
755 2783 792 2819 ὅ(
824 2781 913 2819 dein
937 2783 1099 2831 digitum
1129 2781 1367 2822 removimus.
1410 2784 1491 2824 Αέι·
1511 2799 1602 2824 vero
1625 2799 1706 2826 ten-

108 2834 187 2872 sura
214 2834 276 2872 ill-a
295 2848 361 2887 per
384 2834 619 2873 exactionem
639 2835 731 2873 fasta
759 2845 893 2882 tortuS‚
923 2838 959 2872 ὃ(
976 2838 1093 2885 magis
1108 2848 1218 2884 quam
1242 2849 1310 2887 pro
1330 2849 1462 2877 natura
1491 2840 1552 2878 sua
1578 2843 1702 2881 dilata-

107 2900 177 2935 ωε,
206 2890 366 2939 ideoque
386 2890 422 2927 se
444 2892 606 2941 recipcre
622 2892 658 2928 &
677 2891 897 2928 contrahere
916 2893 1051 2936 nitens,
1083 2892 1147 2935 (ita
1177 2890 1256 2929 urii
1277 2905 1393 2931 ovum
1408 2895 1501 2932 illud
1518 2897 1555 2933 in
1572 2908 1706 2947 aquam

106 2955 187 2981 non
207 2945 326 2983 fuiffet
348 2945 580 2990 immersum,
610 2947 733 2983 ae'rem
749 2945 868 2996 ipsam
884 2946 1041 2982 traxiss'et
1058 2957 1144 2983 cum
1162 2945 1278 2994 sibilo)
1296 2960 1429 2998 aquam
1449 2952 1558 2987 traxit
1573 2954 1616 2988 ad
1633 2953 1705 2989 tale

107 3009 301 3047 quantum,
330 3001 438 3051 quale
469 2997 634 3038 sufficere
659 3001 775 3052 posti-t
799 3000 944 3047 adhoc,
975 3012 1014 3038 ut
1036 3002 1094 3038 aer
1117 3003 1310 3050 antiquam
1331 3015 1563 3055 recuperaret
1585 3005 1705 3057 lphac-

109 3064 187 3089 ram
211 3051 281 3092 five
302 3052 585 3094 dimenfionem.

157 3108 320 3147 vom.
939 3110 1042 3147 Aaa
1529 3113 1704 3165 Arqus

1819 230 1916 291 ΒΘ
