2040 3439
89 152 290 219 Capsu.
361 154 455 200 DE
490 153 939 202 AUGMENTIS
973 154 1508 206 SCIENTIARUM

87 251 254 307 Qaliter
272 251 370 291 inter
389 251 425 290 se
439 252 692 302 digladientur
712 254 749 290 ὅ(
777 257 1048 305 opponantur?
1101 255 1151 292 Et
1176 255 1378 294 innumera
1399 256 1508 304 hujus
1535 258 1691 307 generis,

86 310 188 348 Inter
206 319 301 357 quae
320 308 394 345 hoc
407 309 590 346 ultimum
609 309 766 359 plurimi
781 309 830 357 est
853 308 936 347 usus
959 311 999 347 in
1014 308 1219 347 moralibus
1235 313 1272 347 ὅ(
1297 310 1469 350 civilibus
1491 331 1506 356 ,-
1535 314 1693 361 qualiter

87 361 278 414 (inquam)
299 363 450 401 affeetus
468 362 644 400 affectum
673 364 714 400 in
739 362 914 402 ordinem
938 375 1048 414 cogat
1063 382 1078 408 3
1107 367 1145 402 ὅ(
1169 366 1319 403 alterius
1349 369 1500 414 auxilio,
1535 368 1580 406 ad
1600 371 1689 407 alte-

85 429 173 457 tum
198 417 487 467 subjugandum,
521 420 576 455 uti
605 419 741 455 liceat?
771 419 1010 457 Venatorum
1035 422 1073 457 ὅ(
1099 432 1286 469 aucupum
1321 434 1443 469 more,
1478 422 1542 472 qui
1562 423 1690 462 bestiae

83 484 198 524 opera
224 472 269 510 ad
300 473 436 520 bestias,
461 473 625 511 volucris
662 474 818 519 alicujus
845 475 891 511 ad
925 475 1095 512 volucres
1129 473 1321 525 capiendas
1359 488 1542 516 utuntur:
1572 475 1690 531 Quod

82 526 228 567 fortasse
249 528 357 566 aliter
381 540 424 565 ex
443 527 530 574 sese,
556 527 694 577 absque
719 528 920 567 brutorum
944 527 1094 577 auxilio,
1122 529 1244 567 homo
1272 541 1351 568 tam
1382 532 1487 570 facile
1515 535 1688 586 praestare

81 594 164 621 non
190 579 316 635 possir.
371 584 477 636 Qin
497 585 535 620 ὅ(
562 583 638 620 hoc
654 583 906 621 fundamento
931 583 1064 622 nititur
1091 585 1276 622 excellens
1301 587 1375 634 ille,
1406 591 1442 626 &
1465 601 1530 638 per
1557 589 1687 626 omnia

82 646 224 688 patens,
257 636 341 676 usus
361 639 401 675 in
429 636 599 675 civilibus
630 636 783 687 praemii
807 640 844 675 ὃ(
872 648 1042 690 poenae3
1069 652 1163 691 quae
1197 641 1556 691 rerumpublicarum
1582 645 1686 683 colu-

79 700 170 731 men
191 692 303 734 sunt3
333 705 420 730 cum
443 692 592 731 affestus
616 692 671 730 illi
687 693 1014 744 praedominantcs
1034 694 1250 743 formidinis
1268 697 1305 732 &
1319 696 1406 746 spei,
1436 700 1530 736 alios
1550 711 1684 737 omnes

79 745 230 785 affectus
251 749 386 785 noxios
411 758 609 786 coerceant
633 750 669 785 δε
705 748 948 799 supprimant.
1004 750 1129 786 Etiam
1160 746 1248 787 ficut
1279 748 1319 787 in
1351 751 1533 801 regimine
1561 754 1684 801 statuS,

77 798 160 840 non
184 813 269 840 raro
295 802 336 840 fit
359 813 399 840 ut
421 803 536 841 fadiio
557 801 718 840 factione
741 805 782 840 in
811 799 940 840 officio
964 805 1224 845 contincatur5
1254 802 1421 844 similiter
1449 808 1490 845 fit
1515 810 1552 845 ὅ(
1574 808 1612 846 in
1629 822 1682 847 re-

76 855 220 908 gimine
247 857 382 895 mentis
410 859 576 895 interno.
1034 908 1037 912 ¹
1330 908 1331 911 Ἴ

112 911 465 951 ‘PERVENIMUS
494 925 599 950 nunc
620 912 665 950 ad
694 912 769 960 illa,
798 913 953 961 quaein
973 912 1096 950 nostra
1126 912 1212 950 sunt
1231 914 1419 963 potestate,
1449 929 1618 966 quaeque
1643 931 1682 956 0-

72 977 249 1018 petantur
274 969 314 1006 in
342 967 524 1015 animum,
551 968 861 1019 voluntatemque
876 970 914 1004 ὅ(
932 969 1140 1018 appetitum
1159 965 1326 1006 afficiunt
1348 972 1385 1008 &
1400 970 1680 1022 circumagunt5

73 1021 235 1074 ideoque
262 1023 309 1061 ad
336 1023 597 1061 immutandos
618 1034 744 1060 mores
758 1023 966 1072 plurimum
983 1024 1119 1061 valent.
1174 1025 1260 1076 Qua
1279 1025 1319 1061 in
1347 1036 1449 1077 parte
1473 1027 1681 1065 debuerant

71 1075 284 1128 philosophi
307 1076 453 1116 strenue
474 1080 511 1116 &
529 1079 698 1128 gnaviter
715 1076 904 1129 inquirere
919 1095 933 1121 3
963 1079 1023 1115 De
1040 1076 1179 1115 viribus
1199 1082 1236 1116 ὃ(
1261 1079 1410 1129 energia
1442 1082 1681 1120 consuetudi-

70 1130 139 1179 nis,
167 1132 453 1180 exercitationis,
491 1133 654 1180 habitus,
690 1131 934 1180 educationis,
976 1132 1209 1181 imitationis,
1248 1135 1522 1184 aemulationis,
1551 1137 1678 1175 convi-

69 1187 164 1235 ἃυε,
201 1188 398 1235 amicitiae,
426 1187 555 1234 laudis,
585 1186 890 1238 reprehensionis,
919 1187 1199 1235 exhortationis,
1227 1188 1359 1237 famae,
1395 1191 1537 1241 legum,
1566 1192 1679 1230 libro-

69 1252 169 1290 rum,
187 1241 409 1290 studiorum,
438 1246 475 1281 &
509 1241 534 1280 fi
561 1255 655 1294 quae
683 1242 767 1281 sunt
787 1244 869 1280 alia.
925 1244 1027 1280 Haec
1048 1243 1150 1280 enim
1177 1243 1263 1281 sunt
1288 1243 1363 1292 illa,
1392 1258 1487 1295 quae
1519 1251 1678 1296 regnant

67 1296 110 1334 in
131 1298 365 1340 moralibus;
393 1299 439 1336 ab
454 1297 525 1335 istis
543 1297 738 1347 agentibus
760 1296 906 1335 animus
925 1297 1062 1349 patitur
1087 1300 1124 1335 ὅ(
1147 1297 1356 1348 disponitur
1376 1314 1387 1341 3
1414 1301 1461 1338 ab
1476 1300 1546 1339 istis
1560 1302 1676 1340 veluti

65 1351 376 1401 ingredientibus,
404 1352 654 1391 conficiuntur
694 1352 902 1403 pharmaca,
930 1365 1024 1403 quae
1059 1353 1106 1390 ad
1138 1353 1432 1392 conservandam
1462 1357 1498 1393 ὅ(
1528 1369 1675 1409 recupe—

65 1406 224 1444 randam
247 1409 364 1446 animi
386 1408 580 1446 sanitatem
607 1407 834 1454 conducant,
864 1418 1046 1455 quatenus
1067 1403 1241 1445 remediis
1256 1408 1429 1447 humanis
1446 1408 1485 1448 id
1505 1412 1675 1461 praestari

64 1457 192 1511 poffit.
245 1464 300 1500 Ex
328 1474 492 1512 quorum
518 1474 683 1500 numero
710 1473 832 1499 unum
858 1472 921 1499 aut
946 1462 1106 1500 alterum
1127 1458 1336 1512 seligemus,
1365 1464 1557 1516 inquibus
1585 1479 1673 1519 pau-

63 1516 188 1555 lulum
214 1515 516 1564 immorabimur,
545 1527 587 1556 ut
606 1515 754 1567 reliquis
779 1514 849 1555 {int
877 1518 1062 1569 exemplo.
1116 1518 1178 1554 De
1197 1515 1469 1558 consuetudine
1492 1518 1605 1571 igitur
1633 1524 1672 1560 &

61 1569 203 1620 habitu,
229 1584 344 1624 pauca
377 1571 635 1612 delibabimus.

116 1626 186 1664 ΟΡ
198 1637 311 1666 1N10
343 1629 407 1666 illa
425 1627 637 1666 Aristotelis
657 1627 767 1679 plane
785 1625 879 1665 mihi
900 1626 1046 1667 videtur
1077 1625 1258 1678 angustias
1294 1628 1470 1678 quasdam
1499 1640 1670 1669 contem-

60 1678 239 1732 plationis
260 1683 298 1722 &
324 1679 596 1734 negligentiam
624 1682 771 1734 sapere:
801 1695 890 1720 cum
922 1683 1042 1720 ass'erit
1066 1685 1107 1721 in
1135 1684 1216 1720 illas
1241 1684 1416 1732 actiones,
1446 1697 1541 1734 quae
1563 1697 1670 1724 natu-

61 1736 277 1786 ralessunt,
305 1737 619 1777 consuetudinem
638 1738 735 1775 nihil
758 1738 882 1788 posse:
910 1739 1084 1788 exemplo
1111 1738 1207 1785 usu3‚
1235 1739 1340 1788 quod
1368 1737 1394 1776 fi
1418 1739 1508 1791 lapis
1533 1741 1669 1779 millies

59 1789 279 1841 projiciatur
308 1794 348 1832 in
372 1794 504 1840 altum,
532 1806 580 1831 ne
604 1791 891 1830 inclinationem
910 1792 1062 1844 quidem
1083 1793 1215 1843 sponte
1235 1793 1458 1832 ascendendi
1484 1795 1665 1846 acquirit:

59 1843 271 1895 quinetiam
284 1849 388 1896 quod
405 1847 540 1901 saepius
560 1846 724 1885 videndo
744 1858 806 1885 aut
818 1846 1018 1895 audiendo,
1033 1849 1157 1886 nihilo
1172 1848 1304 1899 mel-ius
1320 1860 1382 1887 aut
1409 1849 1578 1888 videmus
1604 1862 1667 1888 aut

57 1901 243 1940 audimus.
298 1904 479 1957 Quamvis
507 1904 610 1941 enirn
639 1902 714 1940 hoc
741 1912 865 1940 teneat
894 1903 935 1940 in
963 1903 1159 1952 aliquibus,
1189 1904 1253 1940 ubi
1273 1914 1402 1941 natura
1423 1903 1471 1941 cst
1497 1917 1668 1955 peremp-

57 1957 170 2003 toria,
203 1955 324 2004 (cujus
340 1960 392 1996 rei
412 1958 534 1996 causas
550 1957 704 2008 reddere
723 1956 761 1995 in
786 1957 988 2007 praesentia
1009 1970 1091 1996 non
1110 1968 1211 1996 vacat
1225 1956 1258 2008 ‚·)
1289 1960 1394 1996 aliter
1413 1969 1541 1997 tamen
1565 1961 1605 1997 in
1625 1960 1667 1998 il-

57 2009 105 2048 lis
133 2009 175 2049 fit
202 2010 242 2050 in
268 2014 406 2061 quibus
433 2024 575 2061 natura,
605 2012 813 2050 secundum
838 2011 1077 2050 latitudinem
1092 2013 1294 2061 quandam,
1322 2015 1459 2063 patitur
1487 2013 1663 2052 intensio-

35 2073 150 2103 ¹nem
178 2068 215 2105 δε
249 2065 520 2106 remissionem.
578 2070 673 2106 Sane
696 2068 823 2105 videre
852 2069 989 2118 potuit,
1019 2068 1275 2105 chirothecam
1309 2069 1421 2121 paulo
1454 2070 1665 2117 arffiorem,

57 2122 189 2160 manui
209 2121 346 2173 saepius
370 2124 600 2171 inducendo,
631 2121 812 2161 laxiorem
845 2122 973 2164 reddi3
1003 2123 1177 2160 baculum
1207 2122 1273 2161 usu
1297 2127 1334 2162 ὃ(
1362 2136 1469 2161 mora
1502 2126 1543 2161 in
1571 2136 1662 2162 eon·

54 2177 215 2214 trarium
243 2178 357 2216 flexus
387 2179 441 2216 sui
469 2179 645 2217 naturalis
677 2176 869 2224 incurvar1‚
900 2179 937 2214 ὅς
961 2179 1000 2215 in
1017 2179 1154 2215 eodem
1168 2176 1259 2215 statu
1274 2180 1389 2230 paulo
1402 2179 1482 2229 post
1504 2179 1664 2221 durare;

56 2241 189 2269 vocem
220 2232 468 2281 exercitando,
496 2232 614 2283 magis
644 2232 724 2270 fieri
767 2232 954 2269 robustam
981 2234 1017 2269 ὅ(
1046 2233 1243 2274 sonoram3
1272 2234 1410 2282 frigora
1451 2234 1665 2283 aestumque

54 2285 329 2326 consuetudine
356 2290 534 2330 tolerari3
565 2291 602 2326 ὃς
625 2288 791 2334 ejusdem
816 2288 963 2336 generis
985 2289 1192 2339 complura.
1246 2289 1353 2340 Quae
1367 2288 1521 2340 quidem
1547 2289 1663 2338 poste—

54 2342 155 2379 riora
176 2342 256 2381 duo
277 2345 445 2394 exempla
468 2345 622 2395 propius
649 2342 830 2379 accedunt
856 2341 902 2378 ad
922 2353 1015 2388 rem,
1045 2354 1159 2390 quam
1187 2354 1281 2393 quae
1309 2343 1355 2380 ab
1389 2343 1470 2392 ipso
1505 2343 1662 2382 adduCta

55 2394 152 2434 sunt.
207 2398 405 2446 Attamen,
434 2409 626 2448 utcunque
655 2397 729 2434 hoc
763 2396 799 2434 se
828 2395 979 2438 habeam
1009 2409 1089 2446 quo
1122 2398 1238 2446 magis
1262 2409 1394 2436 verum
1422 2398 1549 2445 fuerit,
1578 2409 1659 2437 tam

53 2449 205 2490 virtutes
220 2465 334 2503 quam
357 2455 446 2491 vitia
468 2452 507 2491 in
523 2454 651 2491 habitu
665 2449 881 2492 consistere3
909 2464 957 2488 eo
986 2452 1104 2501 magis
1132 2451 1165 2488 ei
1197 2451 1508 2490 contendendum
1523 2453 1656 2500 fuerat,

52 2516 96 2544 ut
124 2519 275 2546 normas
302 2508 576 2559 praescriberet,
614 2507 814 2559 quomodo
843 2505 1060 2552 hujusmodi
1087 2506 1233 2543 habitus
1271 2505 1409 2544 fuerint
1444 2507 1660 2557 acquirendi

50 2570 116 2599 aut
132 2565 357 2601 amovendi:
387 2565 553 2601 Plurima
580 2561 763 2611 siquidem
790 2561 926 2599 confici
951 2557 1093 2612 possint
1121 2572 1310 2612 praecepta
1337 2563 1385 2599 de
1412 2563 1588 2614 prudenti
1602 2565 1659 2600 in-

50 2612 243 2656 stitutione
268 2618 591 2666 exercitationum,
619 2616 737 2655 animi
762 2628 845 2655 non
867 2617 993 2653 minus
1015 2627 1129 2665 quam
1155 2618 1331 2665 corporis.
1385 2618 1544 2656 morum
1573 2630 1660 2669 pau-

50 2672 134 2709 cula
162 2673 446 2711 recensebimus,

104 2727 316 2766 PRIMUM
345 2729 426 2775 erit,
457 2738 497 2765 ut
520 2729 595 2773 jam
618 2739 638 2765 a
657 2725 840 2778 principio
863 2737 1056 2765 caveamus
1085 2737 1105 2762 a
1129 2723 1257 2775 pensis,
1286 2727 1345 2764 vel
1373 2725 1489 2776 magis
1517 2727 1656 2774 arduis,

3 2785 7 2789 ’
49 2782 109 2819 vel
137 2782 255 2833 magis
281 2781 430 2834 pusillis
464 2795 579 2832 quam
606 2795 662 2819 res
691 2781 875 2832 postulat:
904 2783 1009 2819 Nam
1036 2778 1062 2817 fi
1091 2782 1216 2817 oneris
1239 2780 1401 2818 nimium
1425 2783 1655 2831 imponatur,

49 2837 147 2885 apud
169 2836 367 2889 ingenium
387 2838 576 2875 mediocre
605 2838 701 2874 bene
727 2836 896 2886 sperandi
932 2834 1158 2872 alacritatem
1186 2836 1398 2877 obtundes3
1426 2837 1523 2885 apud
1553 2839 1653 2888 inge-

49 2891 158 2928 nium
181 2892 338 2931 fiduciae
362 2895 518 2943 plenum
534 2891 756 2944 opinionem
771 2890 986 2938 concitabis‚
1013 2902 1085 2941 qua
1098 2890 1179 2940 plus
1192 2888 1256 2927 fibi
1275 2892 1508 2941 polliceatur,
1540 2903 1655 2943 quam

46 2945 224 2996 praestare
251 2945 390 3001 possit;
420 2948 524 3000 quod
556 2946 681 2984 secum
700 2946 812 2983 trahit
839 2945 1059 2983 socordiam.
1114 2946 1158 2982 In
1180 2956 1341 2994 utroque
1358 2956 1487 2984 autem
1510 2946 1653 2996 ingenii

47 3011 347 3051 temperamento
363 3003 426 3041 fiet
442 3014 483 3042 ut
498 3004 798 3053 experimentum
813 2998 1058 3052 expectationi
1069 3012 1150 3038 non
1166 2999 1359 3039 satisfaciat
1377 3015 1385 3039 2
1408 3002 1447 3040 Id
1463 3002 1566 3050 quod
1578 3000 1652 3038 ani-

102 3056 214 3096 vor.
245 3059 271 3096 1.
860 3056 897 3093 D
914 3054 939 3091 d
1543 3066 1652 3092 mum

1783 168 1885 224 209x
