2040 3439
187 201 283 249 154
414 179 520 230 DE·
567 176 1066 229 AUGMENTIS
1119 174 1726 223 SCIENTIARUM.
1766 174 1936 237 Lib.V,

320 273 458 324 stituta,
501 286 594 325 quae
622 285 805 323 tanquam
837 284 974 310 omnes
1005 270 1218 309 intellectus
1245 272 1534 322 anticipationcs
1562 272 1765 321 detorquet
1793 273 1937 313 &infi-

321 335 385 371 cit.
443 335 547 370 Nam
575 343 682 368 mens
707 330 872 366 humana
901 327 1082 377 (corpore
1102 325 1265 363 obducta
1290 328 1328 364 δε
1356 326 1562 374 obfuscata)
1593 337 1744 365 tantum
1772 329 1871 366 abest
1896 341 1937 368 ut

326 387 479 438 speculo
502 388 630 438 plano,
658 384 816 432 aequali,
846 385 885 420 &
906 382 1010 419 claro
1025 379 1153 418 fimilis
1167 378 1222 428 fit,
1251 380 1371 432 (quod
1395 393 1521 419 rerum
1539 383 1662 419 radios
1684 381 1822 421 sincere
1845 387 1938 422 exci-

323 446 401 496 piat
424 445 462 480 &
482 438 674 488 reflectat)
704 449 745 476 ut
766 439 892 490 potius
916 434 956 473 sit
973 435 1080 473 instar
1105 435 1240 487 speculi
1257 437 1412 481 alicujus
1435 438 1627 484 incantari,
1656 437 1757 488 pleni
1777 438 1941 488 supersti-

326 498 494 535 tionibus
517 498 553 533 &
574 494 733 547 spectris.
791 492 1048 544 Imponuntur
1071 501 1198 528 autem
1221 492 1427 529 intelleelui
1448 491 1562 537 idola,
1591 503 1654 529 aut
1678 505 1743 544 per
1767 505 1940 532 naturam

327 552 444 603 ipsam
464 551 608 601 generis
623 547 781 586 humani
804 547 1042 598 generalem:
1079 556 1141 583 aut
1156 557 1221 595 per
1245 556 1417 584 naturam
1440 547 1618 595 cujusque
1644 548 1941 586 individualem:

326 618 389 644 aut
410 618 474 656 per
490 605 613 652 verba,
643 601 714 641 five
729 612 902 640 naturam
918 600 1289 639 communicativam.
1346 602 1521 639 Primum
1542 614 1662 652 genus
1677 603 1780 640 idola
1798 605 1942 646 tribu33

327 661 533 699 secundum
549 660 652 697 idola
668 659 793 710 specus
807 672 817 698 ς
846 656 1003 695 tertium
1020 657 1122 694 idola
1136 655 1211 693 fori
1226 668 1359 694 vocare
1375 655 1649 695 consuevimus.
1706 658 1765 695 Est
1781 661 1818 696 ὅ(
1833 670 1939 708 quat-

329 727 415 754 tum
439 727 569 765 genus,
599 715 703 764 quod
728 714 830 750 idola
845 713 982 750 theatri
995 712 1235 762 appellamuS,
1264 722 1374 762 atque
1394 711 1701 764 superindustum
1717 713 1765 750 est
1788 725 1809 751 a
1823 715 1946 763 pravis

332 772 503 817 theoriis,
538 769 609 807 sive
633 767 891 820 philosophiiS,
929 770 965 805 ὃ(
990 764 1165 817 perversis
1193 765 1336 816 legibus
1364 767 1757 804 demonstrationum:
1794 770 1944 808 Verum

329 827 405 864 hoc
427 838 545 875 genus
567 823 741 875 abnegari
762 823 880 873 potest
901 825 938 860 δε
960 820 1124 873 deponi3
1159 822 1285 870 itaque
1305 820 1398 859 illud
1423 824 1462 859 in
1487 822 1689 874 praesentia
1707 824 1944 862 omittemus.

332 882 389 919 At
418 882 559 932 reliqua
589 881 699 930 plane
727 877 898 916 obsident
924 888 1107 924 mentem,
1146 889 1271 926 neque
1300 876 1446 926 prorsus
1472 879 1581 914 evelli
1610 878 1771 927 polliint.
1827 881 1945 929 Igitur

333 949 416 974 non
445 937 505 982 est,
542 936 648 985 quod
673 936 755 984 quis
780 936 820 971 in
844 934 915 971 istis
939 934 1164 982 analyticam
1193 930 1356 981 aliquam
1382 933 1574 982 expectet3
1610 933 1671 971 led
1700 934 1875 972 doeh-ina
1897 935 1947 972 de

333 991 499 1029 elenchis
521 991 582 1037 est,
612 992 709 1028 circa
722 989 799 1041 ipsa
814 989 927 1034 idola,
957 986 1126 1026 doetrina
1146 989 1332 1039 primaria.
1391 990 1530 1037 Neque
1554 986 1599 1037 (fi
1622 1000 1753 1026 verum
1776 991 1948 1029 omnino

333 1047 538 1086 dicendum
552 1044 612 1095 sit)
628 1044 799 1082 dostrina
818 1045 865 1081 de
882 1045 1005 1090 idolis,
1036 1045 1077 1081 in
1091 1053 1212 1080 artem
1227 1041 1345 1092 redigi
1361 1040 1498 1092 poflit:
1528 1043 1590 1080 sed
1606 1053 1756 1082 tantum
1770 1044 1947 1083 adhiben-

337 1102 384 1139 da
406 1099 467 1149 cst,
505 1101 551 1138 ad
570 1113 612 1138 ea
640 1099 815 1146 cavenda,
851 1099 1051 1151 prudentia
1085 1098 1269 1147 quaedam
1289 1100 1594 1151 contemplativa.
1649 1101 1800 1138 Horum
1821 1110 1949 1138 autem

334 1157 598 1195 tractationem
623 1157 773 1205 plenam
804 1157 841 1192 ὅ(
866 1153 1043 1191 subtilem
1071 1154 1117 1190 ad
1143 1165 1289 1190 novum
1319 1165 1505 1203 organum
1530 1155 1798 1196 aniandamu33
1831 1166 1951 1205 pauca

335 1212 559 1262 generaliter
579 1220 730 1247 tantum
745 1210 791 1246 de
812 1211 855 1246 iis
869 1209 944 1246 hoc
959 1210 1050 1246 loco
1063 1209 1211 1245 dicturi.
1920 1238 1923 1242 .

390 1269 656 1303 IDOLORUM
680 1264 797 1302 tribus
817 1265 1033 1313 exemplum
1049 1265 1122 1300 talc
1143 1261 1195 1299 stt.
1255 1264 1400 1300 Natura
1426 1265 1637 1302 intellectus
1652 1265 1809 1303 humani
1829 1267 1950 1316 magis

334 1318 495 1359 afficitur
520 1316 751 1358 affirmativis
774 1321 811 1356 ὅ(
830 1320 969 1366 ειᾶἰνίε,
997 1329 1111 1368 quam
1136 1316 1316 1368 negativis
1336 1321 1373 1355 δ(
1396 1318 1594 1368 privativis,
1624 1332 1712 1357 cum
1734 1321 1805 1357 tite
1829 1323 1866 1358 δε
1890 1333 1950 1358 or-

333 1377 424 1414 dine
446 1388 606 1424 aequum
624 1374 658 1412 se
673 1376 825 1424 utrique
845 1374 1018 1424 praebere
1032 1374 1177 1411 debeat.
1234 1372 1291 1410 At
1315 1374 1391 1420 ille,
1422 1371 1445 1410 fi
1461 1386 1517 1411 res
1531 1377 1728 1424 quaepiam
1744 1377 1951 1424 aliquando

338 1430 459 1469 existat
475 1434 512 1469 &
526 1440 671 1468 teneat:
702 1429 905 1467 fortiorem
920 1431 1052 1479 recipit
1068 1429 1116 1466 de
1131 1439 1172 1466 ea
1186 1424 1484 1479 impressionem‚
1513 1441 1627 1479 quam
1646 1428 1672 1467 fi
1687 1431 1951 1482 cadem-longe

335 1488 477 1539 pluries
500 1485 617 1532 fallat,
654 1494 718 1522 aut
739 1486 779 1522 in
801 1486 1038 1522 contrarium
1065 1485 1224 1521 eveniat.
1282 1483 1323 1520 Id
1347 1485 1452 1532 quod
1475 1487 1604 1523 omnis
1629 1486 1895 1535 superstitionis
1918 1489 1957 1525 δι’

337 1553 454 1579 vanae
475 1541 706 1579 credulitatis
727 1538 827 1590 quali
850 1539 948 1578 radix
971 1539 1030 1578 est.
1090 1540 1220 1587 Itaque
1239 1539 1337 1576 reete
1353 1540 1550 1591 respondit
1573 1542 1649 1589 ille,
1679 1543 1758 1590 qui,
1786 1553 1873 1579 curm
1898 1540 1952 1579 su-

337 1596 465 1646 spensa
488 1596 612 1634 tabula
628 1597 668 1633 in
687 1596 834 1645 templo
850 1594 1116 1633 monstraretur
1139 1605 1285 1640 eorum,
1315 1595 1380 1642 qui
1401 1605 1489 1633 vota
1512 1596 1709 1643 solverant,
1740 1598 1952 1646 quod‘nau-

337 1652 447 1702 fragii
477 1652 689 1704 periculum
717 1649 946 1700 effugiss'ent3
983 1661 1096 1698 atque
1124 1650 1397 1698 interrogando
1421 1662 1667 1700 premeretur,
1706 1664 1837 1689 annon
1867 1662 1954 1690 tum

338 1708 495 1745 demum
525 1707 698 1756 Neptuni
727 1718 872 1743 numen
900 1705 1139 1755 agnosceret?
1177 1702 1366 1756 Quaesivit
1391 1702 1563 1754 vicissim,
1606 1707 1662 1744 At
1688 1708 1752 1744 ubi
1782 1707 1866 1745 sunt
1896 1709 1953 1744 illi

338 1762 490 1814 depicti,
527 1763 593 1811 qui
616 1761 695 1813 post
720 1771 807 1798 vota
834 1771 1045 1811 nuncupata
1069 1761 1282 1812 perierunt?
1320 1759 1451 1809 Atque
1477 1762 1608 1799 eadem
1634 1761 1684 1799 cst
1706 1763 1805 1800 ratio
1833 1763 1953 1814 luper-

338 1816 539 1855 sti‘tionum
552 1815 741 1858 liminum,
761 1815 850 1854 ficut
865 1815 903 1853 in
915 1814 1151 1865 astrologicis,
1171 1813 1379 1861 insomniis,
1396 1817 1601 1864 ominibus,
1623 1820 1659 1855 ὅ(
1674 1819 1840 1866 reliqui&
1862 1846 1864 1849 >
1883 1818 1956 1856 Al·-

339 1883 467 1911 terum
493 1873 707 1921 exemplum
734 1871 784 1908 est
806 1871 1045 1916 hujusmodi;
1082 1869 1228 1907 animus
1250 1869 1437 1908 humanus
1463 1872 1566 1918 (cum
1590 1870 1633 1909 fit
1656 1872 1732 1925 ipse
1756 1872 1953 1911 substantia

338 1926 500 1977 aequalis
513 1930 549 1964 <Se
566 1926 782 1973 uniformis)
798 1927 981 1972 majorem
997 1925 1261 1977 praesupponit
1275 1927 1311 1962 &
1327 1922 1473 1976 affingit
1485 1928 1526 1964 in
1541 1937 1672 1966 natura
1685 1940 1810 1965 rerum
1821 1939 1954 1977 aequa-

340 1984 488 2020 litatem
515 1985 552 2020 &
578 1982 895 2028 uniformitatem,
932 1994 1046 2031 quam
1069 1993 1192 2018 revera
1218 1979 1276 2018 est.
1333 1982 1434 2018 Hinc
1460 1993 1727 2020 commentum
1747 1982 1952 2021 mathema-

341 2039 521 2084 ticorum,
551 2039 590 2074 iu
606 2037 824 2075 coelestibus
838 2038 969 2073 onmia
985 2038 1131 2074 moveri
1148 2048 1212 2087 per
1226 2034 1387 2073 circulos
1401 2038 1597 2086 perfectos,
1618 2037 1824 2083 rejiciendo
1838 2038 1955 2076 lineas

341 2092 508 2142 spitales:
537 2094 636 2130 Hinc
659 2093 772 2128 etiam
789 2092 842 2139 fit,
871 2092 974 2141 quod
998 2104 1087 2130 cum
1103 2092 1222 2128 multa
1241 2089 1311 2128 stut
1327 2092 1366 2128 in
1390 2103 1521 2130 natura
1538 2095 1754 2140 monodica‚
1785 2096 1822 2132 ὅτ.
1841 2095 1954 2144 plena

343 2147 584 2200 impai·itatis;
611 2144 764 2196 affingat
785 2158 912 2184 tamen
934 2147 1078 2197 semper
1098 2147 1283 2196 cogitatio
1302 2144 1478 2194 humana,
1508 2150 1670 2195 relativa,
1700 2149 1886 2200 parallela,
1915 2152 1954 2188 &

342 2205 566 2252 conjugata:
597 2204 642 2239 ab
665 2203 739 2239 hoc
759 2204 864 2239 enim
879 2203 988 2240 fonte
1008 2204 1243 2239 elementum
1259 2202 1357 2251 ignis
1378 2214 1465 2241 cum
1481 2204 1576 2242 orbe
1602 2204 1668 2242 suo
1691 2204 1953 2242 introductum

347 2259 408 2300 est,
437 2260 481 2295 ad
502 2256 803 2296 constituendam
823 2258 1114 2306 quaternionem
1135 2268 1222 2294 cum
1244 2258 1397 2305 reliquis
1418 2259 1547 2306 tribus,
1575 2271 1685 2305 terra,
1719 2271 1825 2308 aqua,
1854 2261 1951 2297 ae're.

345 2312 524 2362 Chymici
547 2324 675 2351 autem
692 2311 892 2350 fanaticam
913 2313 1164 2352 instruxerunt
1187 2323 1313 2349 rerum
1335 2313 1589 2353 universarum
1612 2315 1848 2366 phalangem,
1868 2315 1955 2352 ¹ina—

346 2366 502 2407 nissimo
521 2378 746 2406 commento
761 2366 920 2406 inveniri
934 2367 1130 2417 fingentes,
1160 2369 1201 2405 in
1216 2377 1378 2417 quatuor
1398 2370 1471 2406 illis
1486 2369 1558 2408 suis
1575 2369 1782 2416 elementis,
1813 2370 1953 2417 (coelo,

347 2428 442 2471 aere,
473 2436 578 2473 aqua,
609 2425 645 2461 ὃς
660 2425 783 2471 terra,)
813 2422 950 2473 species
964 2421 1121 2473 singulas
1134 2424 1325 2475 parallelas
1346 2426 1510 2463 invicem
1525 2427 1561 2463 ὃ(
1577 2425 1807 2462 conformes.
1862 2425 1956 2462 Ter-

346 2482 443 2517 tium
471 2481 686 2528 exemplum
714 2477 764 2516 est
787 2477 968 2528 superiori
991 2478 1222 2519 finitimum3
1260 2480 1365 2527 quod
1389 2479 1513 2517 homo
1538 2480 1601 2518 fiat
1629 2478 1728 2528 quali
1754 2491 1892 2517 norma
1917 2481 1956 2517 δε

345 2535 535 2586 speculum
563 2544 735 2572 naturae:
765 2535 903 2585 Neque
917 2534 1021 2571 enim
1042 2533 1220 2572 credibile
1235 2534 1295 2580 est,
1326 2532 1369 2584 (fi
1390 2533 1530 2583 lingula
1543 2546 1811 2587 percurrantur
1825 2537 1862 2573 &
1885 2546 1955 2572 no·

346 2592 487 2637 rentur)
510 2599 696 2638 quantum
710 2600 847 2638 agmen
867 2589 1063 2627 idolorum
1081 2588 1343 2641 philosophiae
1357 2589 1556 2628 immiserit
1577 2589 1803 2628 naturalium
1823 2601 1955 2640 operaff

346 2645 500 2681 tionum
524 2645 570 2682 ad
598 2642 884 2682 similitudinem
909 2644 1101 2682 actionum
1130 2643 1380 2682 humanarum
1408 2645 1602 2683 redustio:
1637 2647 1726 2683 Hoc
1751 2646 1874 2697 ipsum
1900 2643 1956 2682 in-

347 2711 476 2748 quam,
517 2700 622 2747 quod
657 2709 808 2751 putetur
839 2697 926 2736 talia
957 2709 1132 2737 naturam
1165 2698 1299 2745 facere,
1341 2701 1464 2748 qualia
1497 2700 1621 2738 homo
1653 2700 1753 2738 facit.
1816 2702 1955 2749 Neque

349 2755 475 2791 multo
496 2755 654 2792 meliora
670 2754 754 2792 sunt
768 2754 830 2792 ista
845 2766 959 2804 quam
976 2751 1130 2792 haeresis
1149 2754 1633 2805 anthropomorphitarum,
1663 2756 1702 2793 in
1718 2757 1819 2793 cellis
1836 2767 1881 2792 ac
1899 2755 1955 2792 soz,

349 2809 510 2846 litudine
536 2808 768 2858 stupidorum
794 2809 1073 2848 monachorum
1099 2819 1203 2847 orta:
1241 2820 1303 2847 aut
1332 2809 1515 2849 sententia
1539 2812 1691 2861 Epicuri
1714 2807 1892 2860 huic'ipst
1905 2812 1958 2848 an

347 2862 567 2913 paganiiino
586 2862 825 2912 respondem,
855 2865 922 2914 qui
941 2865 1012 2902 diis
1034 2864 1239 2903 humanam
1260 2864 1417 2914 figuram
1435 2864 1631 2904 tribuebat.
1688 2866 1744 2902 At
1759 2878 1841 2902 non
1863 2877 1958 2914 opus

346 2917 420 2956 fuit
445 2916 594 2955 Velleio
621 2918 808 2968 Epicureo
834 2921 1077 2969 interrogare,
1119 2920 1201 2957 Cur
1229 2920 1333 2958 Deus
1361 2922 1514 2958 coelum
1539 2921 1649 2959 stellis
1674 2923 1711 2958 ὃ(
1737 2922 1956 2966 luminibus,

350 2984 531 3021 tanquam
553 2973 695 3019 aedilis,
724 2975 911 3012 ornasset?
940 2976 1044 3012 Nam
1066 2973 1092 3012 fi
1112 2974 1279 3012 summus
1302 2975 1366 3012 illc
1381 2975 1508 3028 opifex
1527 2977 1573 3014 ad
1589 2976 1749 3014 modum
1771 2976 1898 3013 aedilis
1921 2974 1958 3012 se

351 3023 520 3078 gessisset,
549 3029 590 3065 in
612 3027 812 3078 pulchrum
836 3028 998 3078 aliquem
1023 3032 1060 3068 ὃ(
1083 3031 1295 3079 elegantem
1316 3030 1495 3069 ordinem
1516 3031 1633 3070 stellas
1656 3032 1825 3081 digerere
1844 3030 1958 3067 debu-

1870 3085 1962 3131 issi-t,
