2040 3439
795 215 832 263 J
893 200 1073 262 Νι)
1142 200 1209 261 Ε·
1256 210 1334 261 Χ

203 322 310 372 Lapis
326 321 507 371 angularis,
518 317 577 353 <cui
591 316 818 357 inni-tendum,
839 327 920 360 241.
960 313 1032 350 La-

248 373 360 421 pidum
376 370 521 407 accretio
532 367 599 402 sive
612 367 802 414 generatio,
831 376 913 412 379.
963 362 1033 398 La-

249 422 340 469 pides
358 421 395 456 δε
414 420 543 460 lateres,
555 465 563 471 ν
859 415 942 461 Pag.
963 413 1031 459 389

205 473 328 520 Laquei
345 482 412 505 non
424 468 498 504 sunt
508 477 641 515 pejores
654 476 757 512 quam
772 465 886 512 legum
903 474 1033 512 poena-

255 523 352 562 lium,
964 522 1035 556 254

206 571 428 616 largitiones,
963 572 1033 606 247

204 620 330 657 Latens
348 614 518 665 processus
537 614 635 663 quid,
741 613 825 660 316,
855 623 937 660 317,
966 621 1030 657 331

205 666 367 705 Latitudo
385 665 470 712 legis
487 677 555 700 non
585 675 628 699 ex
660 662 876 712 praeambulo
909 660 964 697 secl
993 671 1035 695 ex

255 728 398 765 corpore
416 715 500 762 legis
518 713 675 761 petenda,
965 721 984 744 2
990 708 1036 755 56

207 767 432 804 Latrocinium
467 763 642 810 publicum
676 761 733 798 ubi
753 760 860 797 fontes
886 758 1037 808 justitiae

258 816 451 855 turbantur,
966 820 1035 854 225

209 866 301 901 Laus
316 865 404 912 apud
419 863 569 898 Graecos
579 860 770 909 suspiciosa,
793 871 872 908 172.
923 858 1037 894 Saliva

254 915 367 961 vulgi,
390 915 468 949 182.
495 912 587 946 Laus
599 911 647 946 est
658 910 782 946 ancilla
798 909 946 952 virtutis,
970 909 1038 951 184

209 964 362 1001 Laudari
381 974 484 999 nemo
501 961 600 996 debet
617 972 749 999 coram,
967 968 1040 1001 204

209 1013 341 1050 Laudes
358 1012 531 1047 variorum
553 1010 681 1052 variae,
713 1020 793 1056 171,
826 1020 905 1056 172.
952 1007 1038 1042 Mo-

257 1062 394 1098 deratae
409 1059 550 1109 prosunt
568 1060 779 1105 importunae
798 1067 932 1100 nocent,
969 1067 1038 1104 227

210 1113 323 1149 Lemo
336 1112 382 1147 est
394 1108 606 1146 conversatio
617 1120 695 1144 cum
708 1108 944 1157 prudentibus,
953 1106 1041 1142 aetio

260 1173 340 1198 cum
359 1160 476 1201 stultis,
974 1155 1042 1191 186

212 1209 418 1248 Lenionibus
438 1209 470 1244 in
488 1207 631 1256 publicis
649 1207 731 1255 quid
747 1206 964 1248 defideretur,
983 1205 1041 1246 60,

262 1261 322 1297 61.
374 1257 642 1294 Consultationes
688 1256 725 1292 &
761 1255 969 1293 visitationes
1004 1254 1044 1290 iis

260 1308 507 1358 promovendis
523 1306 734 1350 neceffariae,
997 1304 1041 1339 62

213 1361 360 1407 Legatus
376 1357 546 1406 pontificis
559 1356 696 1398 facetus,
972 1366 991 1389 2
999 1366 1016 1400 3
1025 1366 1038 1389 1

214 1409 316 1456 Legis
331 1408 448 1450 verba,
482 1417 558 1453 190.
607 1406 677 1441 Lex
690 1406 723 1440 in
737 1403 882 1452 equuleo
898 1404 1046 1451 tyrannis

265 1460 420 1506 peffima,
447 1456 527 1493 ibid.
579 1455 681 1502 Leges
698 1454 869 1490 amicitiae
883 1455 921 1490 &
937 1453 1043 1501 grati-

267 1507 407 1548 tudinis,
977 1514 1046 1548 205

217 1558 319 1604 Leges
348 1556 458 1604 justae
491 1553 650 1592 historiae
667 1555 810 1597 severae,
840 1565 896 1602 75.
949 1553 1048 1600 Legis

265 1606 424 1642 sententia
442 1604 598 1640 adversus
614 1606 732 1648 verba,
869 1604 949 1647 148,
981 1613 1047 1650 179

217 1657 318 1703 Leges
331 1655 392 1691 sint
405 1664 528 1696 certae,
547 1665 629 1701 249.
656 1653 849 1690 Plurimum
868 1652 1046 1694 differunt,

267 1705 344 1740 ibid.
397 1704 490 1739 Finis
503 1703 545 1739 ad
557 1716 660 1751 quem
676 1704 756 1750 leges
770 1703 895 1738 debent
910 1700 1046 1744 intueri,

265 1754 343 1790 ibid.
394 1754 516 1800 Legum
528 1753 622 1800 leges,
641 1753 720 1788 ibid.
749 1751 924 1793 Poenales‚
940 1750 1050 1785 multo

267 1804 379 1838 minus
403 1802 577 1850 capitales,
605 1815 673 1837 non
703 1802 777 1836 sunt
806 1799 1048 1841 extendendae,

270 1864 352 1898 250.
406 1851 628 1898 Reipublicae
662 1850 839 1892 anchorae,
878 1861 960 1896 257.
1009 1849 1049 1885 In

266 1903 308 1938 iis
326 1914 344 1936 a
368 1913 558 1949 gangraena
576 1901 780 1942 cavendum,
810 1911 891 1945 254.
945 1897 1048 1934 Anti-

267 1963 356 1999 quae
387 1951 520 1986 fabulae
552 1962 621 1985 non
648 1948 939 1990 intermiscendae,
968 1949 1049 1993 258.

268 2001 374 2035 Multi
394 2001 484 2035 casus
508 2001 632 2042 omiffi,
660 2010 740 2045 250.
794 1998 931 2046 Legibus
949 2009 1051 2033 nemo

270 2050 454 2098 sapientior
470 2050 530 2084 esse
547 2049 663 2091 debet,
689 2057 851 2095 quatenus
880 2047 1050 2095 accipien—

268 2100 367 2141 dum,
388 2110 471 2145 254.
498 2099 553 2134 De
567 2098 683 2145 legibus
696 2097 869 2140 obsoletis,
884 2096 964 2132 ibid.
999 2095 1054 2132 De

269 2150 389 2195 legibus
403 2148 601 2197 scripserunt
616 2146 808 2195 philosophi
825 2147 861 2181 ὅτ
872 2145 960 2194 juris
972 2157 1036 2181 con
1046 2168 1053 2173 -

271 2198 359 2239 sulti,
381 2200 461 2240 248.
497 2198 563 2232 Sed
580 2196 699 2232 melius
717 2197 820 2237 cives,
840 2195 918 2231 ibid.
946 2194 1051 2243 Opti-

271 2260 329 2283 ma
342 2248 390 2282 lex
398 2259 486 2295 quae
505 2247 689 2282 minimum
704 2246 897 2294 relinquunt
912 2245 1055 2280 arbitrio

271 2296 412 2344 judicis,
982 2304 1051 2341 253

225 2348 346 2393 Legum
364 2347 478 2393 scopus
497 2345 533 2380 δε
551 2344 642 2388 finis,
671 2347 753 2389 248,
783 2356 865 2393 249.
917 2343 1055 2379 Incerti-

277 2397 360 2430 tudo
377 2396 514 2443 duplex,
985 2404 1055 2440 249

226 2446 347 2491 Legunt
364 2445 524 2491 dignitas,
545 2456 625 2491 249.
660 2444 834 2486 Extensio,
853 2442 929 2479 ibid.
970 2442 1056 2478 Mo-

278 2504 398 2529 ralium
419 2507 542 2541 magna
561 2507 635 2541 pars
663 2494 839 2529 subiimior
864 2493 924 2535 est,
952 2504 1055 2540 quarn

273 2556 343 2589 quo
363 2543 369 2575 l
387 2556 476 2578 lmen
492 2554 627 2579 naturae
646 2545 744 2591 poffit
762 2542 947 2584 ascendere,
976 2541 1057 2587 263.

278 2592 494 2639 Epurgatio
514 2594 581 2628 live
598 2593 768 2640 digestum
805 2603 948 2633 novum,
974 2601 1059 2637 255.

278 2641 490 2683 obscuritas,
512 2654 591 2687 254.
639 2642 870 2689 Regeneratio
887 2641 923 2675 δε
938 2640 1059 2675 instau-

279 2691 366 2725 ratio
383 2692 560 2737 quomodo
580 2692 617 2726 sit
631 2691 843 2733 instituenda,
874 2702 953 2736 255.
1006 2689 1061 2724 De

278 2742 376 2786 legum
395 2740 665 2786 retrospeffione‚
686 2752 766 2788 253.
810 2740 1006 2775 Obscuritas
1022 2750 1063 2773 ex

279 2799 423 2837 quatuor
433 2789 547 2830 causis,
560 2792 632 2824 viz.
652 2790 924 2825 accumulatione
937 2788 1059 2829 nimia,

285 2839 354 2876 &a
384 2848 463 2882 254.
513 2838 564 2872 De
583 2839 681 2873 novis
699 2839 848 2886 digestis,
878 2850 961 2885 255,
981 2839 1061 2882 258.

285 2890 330 2923 Ι).
355 2886 576 2934 descriptione
588 2887 728 2922 obscura
743 2889 779 2923 δε
792 2888 967 2936 ambigua,
980 2898 1060 2932 254.

282 2938 335 2973 Dc
354 2935 465 2971 modis
478 2935 672 2971 enucleandi
685 2936 770 2982 juris
790 2937 961 2984 ncgleflis,
983 2936 1061 2972 ibid.

281 2985 423 3033 Prologi
441 2985 586 3026 vitandi,
616 2985 696 3029 256.
749 2986 802 3020 De
825 2986 938 3021 dubiis
963 2986 1065 3032 legum

286 3034 454 3077 rotrudis,
993 3034 1064 3079 256

238 3086 366 3132 Legedei
385 3084 427 3119 ad
445 3081 666 3131 expediendas
684 3081 758 3117 lites
775 3081 918 3116 minime
936 3081 1062 3125 idonei,

1018 3142 1059 3176 31

240 3182 380 3231 Lepidus
400 3192 574 3231 nunquam
593 3179 722 3220 servilis
734 3177 916 3220 sententiae
930 3179 1065 3221 author,

996 3239 1064 3277 227

1082 311 1214 348 —licet
1222 322 1293 350 tam
1302 303 1405 349 saevis
1416 294 1625 363 temporibus
1635 306 1734 358 vixit,
1748 293 1832 364 Pagss
1840 307 1884 351 ’22
1885 326 1911 368 7

1086 362 1212 408 Lepra,
1822 406 1824 409 ι
1859 369 1913 413 ‘47

1996 249 2001 270 e

1997 272 2001 310 ἔ

1976 316 1979 320 ’
1996 323 2002 373 ἕ

1087 411 1273 458 Leucippus
1289 412 1411 448 author
1441 411 1615 461 opinionis
1632 412 1675 449 de
1693 411 1914 458 atomis‚·‘82‡.
1935 444 1945 461 Χ
2002 438 2003 467 l

1138 460 1217 496 Vide
1233 473 1270 509 p.
1289 472 1367 510 107.

1088 511 1248 556 Leucippi
1260 510 1384 554 schola,
1414 512 1494 548 280.
1546 511 1786 557 Atomi,‘283.
1830 492 1945 562 Vidi}
2002 518 2005 567 i]

1138 572 1174 607 p.
1190 561 1271 607 287.
1322 560 1478 602 Differit,
1505 570 1619 597 utrum
1639 561 1739 598 datur
1754 555 1917 609 vacuum,

1141 610 1225 655 383,
1253 610 1432 659 &paffim.
1842 609 1870 657 .³[
1902 619 1910 625 “

1088 657 1195 693 Leves
1209 658 1324 706 gustus
1350 659 1384 694 in
1402 658 1619 708 philosophia
1641 660 1722 707 quid
1742 654 1918 721 moveant,

1088 758 1160 793 Lex
1178 757 1334 794 militaris
1347 758 1493 794 Davidis
1505 757 1548 793 de
1565 759 1774 796 manentibus
1791 723 1920 807 ad'igsg
1935 747 1949 772 ὲ

2004 672 2008 712 ἰ

2006 715 2008 735 i

2006 769 2009 777 ι

2006 782 2009 791 ι

1830 805 1943 855 ὥστε
2007 807 2009 812 ·

1089 819 1282 893 ᾗσξτπΙῧῙῗῦε
1300 856 1428 892 Christi
1446 857 1698 906 praefiguratio,
1763 906 1765 908 Ι
1784 899 1787 902 ,
1808 871 1918 909 47
1949 864 1954 871 ⁸
2008 869 2009 893 ;
2026 839 2027 843 ¹

1089 907 1161 941 Lex
1176 906 1250 942 vim
1270 906 1412 954 sapiens,
1848 912 1922 955 2‘48.
2009 915 2011 919 ’

1091 956 1160 991 Lex
1169 955 1344 1004 perplexa,
1372 967 1390 990 2
1396 967 1453 1002 54.
1505 955 1663 1003 Regulae
1678 955 1832 1003 Lesbiae,
1844 948 1926 1005 ’256
1933 946 1951 971 4
2010 960 2011 998 Ῐ

1090 1006 1192 1041 Liber
1202 1005 1244 1041 de
1253 1005 1366 1041 officio
1377 1005 1463 1053 regis
1476 1006 1616 1042 authore
1627 1005 1762 1051 Jacobo
1771 1007 1920 1057 Anglia'e

1143 1067 1233 1102 rege,
1849 1061 1896 1094 20
1900 1069 1921 1106 3

1094 1103 1198 1141 Liber
1211 1104 1385 1141 Ciceronis
1396 1104 1439 1141 de
1450 1104 1616 1161 petitione
1626 1106 1831 1151 consulatus,
1841 1114 1922 1156 217.

1143 1153 1275 1190 Unicus
1287 1154 1334 1190 sui
1345 1167 1477 1203 generis
1490 1156 1533 1190 ab
1545 1155 1693 1204 antiquis
1703 1152 1921 1205 conscriptus}

1144 1203 1225 1239 ibid.
1276 1204 1376 1240 Libri
1386 1205 1692 1242 controversiarum
1706 1207 1739 1241 in
1750 1203 1926 1254 theologia

1852 1255 1925 1291 266

1144 1252 1252 1288 nimio
1269 1254 1396 1301 plures,

1095 1303 1263 1339 Liberales
1282 1314 1368 1340 artes
1386 1316 1472 1351 quae
1489 1302 1531 1338 ad
1562 1302 1716 1339 auditum
1749 1304 1787 1340 δε
1812 1305 1924 1341 visum
1966 1315 1969 1317 ·

1145 1352 1309 1400 spestant,
1341 1365 1419 1400 131.
1471 1353 1511 1387 In
1529 1362 1599 1400 quo
1616 1352 1702 1389 statu
1719 1354 1924 1402 reipublicae

1145 1402 1277 1444 florent,
1842 1403 1924 1441 ibid.

1096 1451 1229 1487 Liberis
1245 1451 1334 1486 auc‘ti
1352 1450 1531 1499 praecipue
1549 1451 1625 1487 funt
1642 1451 1762 1488 soliciti
1776 1452 1819 1488 de
1833 1452 1927 1490 futu-

1146 1501 1189 1537 ris
1207 1501 1430 1550 temporibus,
1875 1514 1923 1552 59

1096 1550 1254 1586 Libertas
1270 1550 1414 1594 arbitrii,
1447 1561 1460 1584 1
1470 1560 1524 1597 37.
1577 1549 1730 1586 Libertas
1743 1550 1922 1596 sermonis,

1855 1612 1874 1636 2

1096 1649 1197 1684 Libri
1214 1649 1359 1698 politici,
1853 1613 1925 1688 2Ξὲ

1098 1699 1198 1734 Libri
1213 1699 1402 1741 auxiliares,
1856 1712 1927 1749 257

1098 1749 1216 1785 Libros
1233 1747 1451 1794 nuncupandi
1468 1760 1543 1783 mos
1560 1757 1725 1796 receptu3‚
1743 1751 1800 1795 38.
1876 1751 1929 1786 ui-

1149 1799 1209 1833 bus
1223 1798 1260 1832 &
1275 1797 1452 1844 quomodo
1463 1799 1693 1844 nuncupandi,
1712 1798 1791 1836 ibid.
1828 1799 1874 1835 Li
1894 1802 1928 1835 ri

1149 1847 1218 1882 duo
1236 1847 1474 1895 scripturarum
1490 1846 1528 1881 &
1540 1856 1780 1891 creaturarum,
1798 1860 1858 1896 49.
1884 1849 1925 1885 In

1148 1895 1365 1944 philosophia
1384 1896 1525 1931 naturali
1544 1896 1581 1931 δε
1599 1897 1765 1932 medicina
1783 1898 1871 1934 haud
1888 1911 1929 1934 u-

1149 1946 1226 1981 nica
1242 1945 1387 1981 subfidia
1404 1958 1422 1980 e
1435 1946 1528 1980 libris
1546 1946 1700 1993 petenda,
1721 1947 1778 1983 61.
1830 1947 1931 1984 Libri

1149 1994 1306 2031 historiae
1323 1994 1479 2030 naturalis
1490 1995 1631 2031 fabulosi
1643 1996 1718 2044 plus
1731 1995 1841 2032 nimio
1853 1997 1930 2046 plu·

1150 2057 1213 2087 reS,
1242 2045 1300 2081 66.
1351 2044 1471 2079 Libros
1485 2044 1503 2079 s
1500 2045 1670 2091 peftantes
1682 2046 1726 2081 ad
1740 2058 1861 2082 munus
1873 2047 1931 2082 vel

1144 2103 1251 2129 artem
1270 2094 1421 2130 authoris
1439 2106 1542 2129 unum
1557 2095 1720 2130 duntaxat
1733 2095 1859 2141 vitium
1872 2108 1930 2131 oc-

1149 2155 1265 2191 cupat,
1289 2155 1369 2189 203.
1399 2144 1498 2178 Libri
1515 2144 1702 2190 priscorum
1717 2144 1931 2194 scriptorum,

1150 2205 1254 2241 quare
1271 2206 1393 2241 parum
1410 2192 1551 2242 prosint,
1860 2205 1926 2231 211

1099 2242 1256 2290 Liguria,
1886 2247 1940 2281 88

1102 2293 1225 2328 Lineae
1245 2292 1377 2339 semper
1393 2292 1596 2335 divifibiles,
1858 2305 1929 2343 279

1102 2343 1305 2389 Linguarum
1318 2342 1470 2378 confusio
1484 2343 1560 2389 post
1573 2342 1756 2386 diluvium,
1769 2355 1829 2392 47.
1847 2344 1935 2379 Lin-
1949 2354 1951 2358 ⁴

1147 2403 1230 2440 guae
1246 2391 1319 2427 sunt
1331 2392 1485 2427 vehicula
1497 2392 1667 2434 scientiae,
1693 2396 1754 2438 48.
1804 2395 1857 2430 De
1870 2393 1942 2429 lin-v

1147 2444 1223 2488 guis
1252 2441 1361 2488 qualis
1392 2441 1548 2476 metatus
1572 2441 1822 2487 desiderandus,
1853 2444 1933 2479 160.

1150 2491 1356 2537 Linguarum
1374 2491 1544 2525 variarum
1563 2491 1799 2539 proprietates,
1852 2492 1934 2532 ibid.

1106 2540 1310 2588 Liquefaliio
1328 2539 1417 2574 unde
1436 2540 1554 2582 oritur,
1862 2542 1930 2589 362

1106 2589 1278 2636 Liquidum
1293 2589 1459 2635 tangibile
1473 2601 1539 2624 non
1554 2598 1671 2625 natura
1685 2589 1848 2634 calidum,
1864 2603 1933 2638 322

1106 2640 1283 2686 Liquorum
1316 2637 1516 2678 acrimonia,
1546 2650 1625 2684 324.
1702 2640 1781 2675 Vide
1797 2653 1831 2688 p.
1854 2652 1934 2689 339.

1106 2689 1241 2724 Literae
1259 2687 1483 2723 reverentiam
1503 2687 1617 2735 legum
1637 2701 1704 2723 non
1723 2689 1932 2733 convellunt,

1158 2749 1216 2785 33.
1251 2738 1317 2773 Sed
1330 2737 1510 2773 emolliunt
1522 2749 1630 2773 mores
1644 2737 1680 2772 &
1694 2737 1847 2786 sequaces
1861 2740 1935 2776 red—

1157 2787 1256 2830 dunt,

1107 2837 1244 2872 Literae
1278 2835 1362 2884 quid
1379 2836 1535 2879 efficiant,
1563 2848 1622 2882 31,
1652 2848 1707 2883 32·
1760 2838 1933 2874 Animum

1853 2788 1935 2825 ibid.
1979 2796 1985 2799 “’

1157 2898 1226 2921 non
1242 2885 1576 2927 redduntincertum,
1597 2897 1650 2931 32.
1677 2887 1800 2933 Neque
1811 2887 1939 2923 deficies
1982 2891 1986 2894 '

1157 2934 1364 2970 &imbelles
1379 2947 1439 2969 nos
1452 2935 1631 2982 praestant,
1661 2946 1714 2981 33.
1765 2935 1937 2972 Humani-

1156 2997 1229 3019 ores
1246 2984 1403 3030 religioni
1421 2984 1490 3018 duo
1507 2984 1619 3019 officia
1643 2983 1850 3032 persolvunt,
1876 2998 1935 3034 49.

1159 3033 1277 3080 Magis
1294 3032 1503 3079 locupletant
1518 3045 1618 3081 quam
1644 3045 1762 3080 regna,
1792 3035 1851 3080 56,
1880 3046 1935 3083 57.

1158 3082 1287 3117 Literis
1306 3081 1443 3115 historia
1473 3082 1613 3129 propria
1643 3082 1776 3118 seorsim
1797 3085 1934 3120 attribui

1155 3131 1268 3171 debet,
1298 3131 1352 3174 65.
1405 3131 1538 3177 Qubus
1554 3132 1709 3178 operibus
1723 3133 1934 3181 amplificen-

1158 3190 1224 3221 tur,
1246 3180 1303 3217 60.
1338 3180 1531 3214 Verborum
1551 3181 1695 3224 tesserae,
1720 3193 1797 3228 159.
1839 3181 1934 3218 Lite-

1154 3240 1267 3265 rarum
1282 3229 1447 3264 elementa
1469 3229 1578 3271 surda,
1607 3230 1687 3267 ibid.
1740 3231 1946 3267 Literarum‘

1762 3281 1934 3321 antitheta,

1974 3034 1990 3051 h

2010 1039 2027 1061 l..

2010 1073 2037 1332 μῆ.

2020 1331 2036 1422 i

2014 1333 2037 1511 l

2016 1514 2036 1548 i*

2017 1547 2036 1564 Ν
