2040 3439
89 175 296 252 Cap.111.
367 175 472 230 DE
516 172 1021 233 AUGMENTIS
1064 176 1656 234 SCIENTIARUM.

88 281 290 329 degeneres
324 278 361 313 &
389 275 611 326 praestigiae,
641 276 776 324 quibus
805 275 1071 327 saepenumero
1103 273 1311 322 consiliarii,
1340 286 1453 324 atque
1481 289 1606 314 rerum
1627 290 1693 327 po-

88 344 223 379 tentes,
251 334 288 369 &
302 329 459 381 gratiam
481 330 578 382 apud
593 331 779 382 principes
795 330 892 377 suos,
922 332 959 368 δε
974 330 1114 367 famam
1133 333 1173 368 in
1187 332 1331 380 vulgus,
1361 341 1565 380 reportant,
1593 333 1693 370 haud

89 388 191 426 aliud
213 398 360 424 nomen
384 396 588 432 merentur,
631 397 746 434 quam
778 386 931 435 peritiae
954 385 1146 431 cujusdam
1175 386 1413 432 fidiculariae‚
1449 396 1582 438 utpote
1604 400 1694 425 cum

89 442 160 482 fint
174 453 229 479 res
245 443 361 490 magis
375 451 501 489 gratae
521 443 561 477 in
581 439 759 490 praesenS,
788 443 825 478 &
841 439 1041 478 artificibus
1054 439 1134 490 ipfis
1152 451 1395 487 ornamento,
1426 452 1543 488 quam
1573 443 1617 479 ad
1638 455 1693 480 re-

91 497 428 548 rumpublicarum,
457 507 615 544 quarum
644 494 729 532 sunt
758 494 927 541 ministri,
957 506 1046 544 opes
1069 497 1107 532 ὅ(
1121 494 1410 545 amplitudinem
1431 498 1541 533 utiles
1559 508 1622 534 aut
1638 510 1695 535 ac-

91 551 327 590 commodae.
385 552 598 588 Occurrent
621 551 873 601 proculdubio
888 553 925 587 &
938 548 999 586 alii
1024 547 1239 596 consiliarii,
1268 560 1378 598 atque
1393 549 1615 599 reipublicae
1630 565 1695 601 gu·

50 634 53 652 5
90 608 320 651 bernatores,
349 606 510 642 minime
534 604 741 656 spernendi,
770 606 834 656 qui
862 603 931 642 sint
959 605 1120 654 negotiis
1145 617 1257 655 pares,
1285 601 1500 654 possintque
1515 618 1571 643 res
1590 619 1694 644 com—

90 662 206 700 mode
220 658 483 706 administrare,
511 660 643 708 easque
658 672 677 697 a
693 659 887 697 manifestis
897 658 1115 710 praecipitiis
1131 660 1436 697 &incommodis
1451 660 1669 699 conservare
1683 674 1695 704 3

93 715 260 754 avirtute
279 726 407 752 tamen
423 715 487 751 illa
515 715 879 767 rerumpublicarum
908 715 1083 752 erediriee
1102 717 1139 752 &
1157 714 1435 764 amplificatrice
1449 716 1569 765 longo
1584 718 1695 754 inter-

91 772 193 808 vallo
205 769 349 807 absunt.

144 826 351 871 VERUM,
379 824 654 873 qualescunque
676 825 832 862 demum
855 824 997 862 fuerint
1025 823 1195 875 operarii,
1223 821 1467 870 conjiciamus
1496 826 1628 862 oeulos
1653 827 1695 863 in

92 892 188 933 opus
215 880 336 931 ipsum
352 894 362 920 ς
391 879 507 928 qualis
521 879 703 920 nimirum
722 879 866 916 censeri
881 879 1013 915 debeat
1031 891 1116 918 vera
1130 890 1335 929 regnorum
1351 880 1387 914 ὅ(
1402 880 1696 931 rerumpublica-

92 947 180 973 rum
195 935 431 983 magnitudo,
462 937 499 971 ὃς
525 935 661 982 quibus
687 935 825 972 artibus
844 931 1009 971 obtineri
1036 930 1170 983 poflit:
1199 932 1371 982 Dignum
1393 933 1565 981 profesto
1589 947 1696 984 argu-

92 997 283 1036 mentum,
312 990 416 1038 quod
436 988 620 1040 principes
642 989 880 1039 perpetuojin
903 989 1077 1027 manibus
1097 989 1270 1035 habeant,
1300 990 1337 1025 ὃ(
1360 985 1558 1037 diligenter
1575 988 1691 1026 medi-

93 1055 244 1085 tentur3
272 1057 352 1096 quo
379 1056 449 1081 nec
473 1043 565 1082 vires
592 1044 670 1082 suas
692 1046 734 1081 in
751 1045 870 1089 majus
898 1042 1138 1090 aestimantes,
1166 1044 1322 1094 inceptis
1341 1043 1375 1080 se
1406 1044 1507 1080 vanis
1531 1045 1567 1081 ὃ(
1582 1044 1697 1081 nimis

94 1101 219 1138 arduis
246 1097 464 1148 implicent3
493 1111 567 1143 nec⁴
577 1099 697 1137 rursus
713 1098 861 1136 easdem
881 1099 962 1148 plus
986 1110 1109 1150 aequo
1123 1097 1377 1148 despicientes,
1405 1098 1451 1134 ad
1467 1096 1617 1135 consilia
1630 1110 1696 1149 pu-

94 1153 275 1193 fillanima
303 1157 341 1192 &
358 1154 578 1192 meticuloia
603 1154 638 1191 se
653 1155 867 1192 demittant.

149 1211 304 1248 MAGN
319 1220 335 1246 1
347 1221 412 1247 Tu
424 1221 488 1247 Do
508 1211 767 1261 imperiorum,
786 1210 910 1258 quoad
931 1209 1076 1247 molem
1092 1211 1129 1246 δε
1148 1207 1385 1255 territorium,
1406 1207 1599 1245 mensurae
1615 1207 1695 1245 sub—

94 1263 243 1313 jicitur5
273 1265 398 1313 quoad
423 1265 563 1302 reditus
583 1265 742 1301 calculis.
800 1267 992 1302 Numerus
1019 1265 1158 1302 civium
1182 1266 1220 1300 δε
1242 1263 1357 1314 capita
1375 1262 1514 1303 censu3
1542 1263 1694 1300 urbium

96 1322 136 1358 &
161 1319 391 1372 oppidorum
418 1319 626 1357 multitudo
658 1321 694 1356 ὅ(
721 1319 942 1370 amplitudo,
987 1318 1118 1356 tabulis
1146 1318 1261 1368 excipi
1294 1317 1467 1367 possunt:
1510 1317 1694 1354 Attamen

95 1387 179 1414 non
194 1376 376 1426 reperitur
395 1375 495 1411 inter
514 1373 631 1411 civilia
653 1386 707 1411 res
734 1376 853 1411 errori
874 1375 991 1423 magis
1008 1374 1183 1419 obnoxia,
1212 1385 1324 1422 quam
1349 1384 1481 1410 verum
1504 1374 1542 1408 ὅ(
1566 1371 1699 1409 intrin-

97 1430 224 1468 secum
247 1430 413 1481 excipere
438 1431 616 1475 valorem,
645 1430 741 1466 circa
768 1431 861 1466 vires
890 1432 927 1467 &
955 1429 1077 1478 copias
1108 1429 1257 1480 imperii
1284 1427 1448 1471 alicujus.
1504 1423 1696 1464 Assimila-

97 1495 157 1523 tur
171 1496 329 1533 regnum
356 1485 553 1521 coelorum
578 1496 658 1521 non
677 1484 817 1533 glandi,
846 1494 908 1521 aut
923 1482 1010 1521 nuci
1027 1484 1138 1520 alicui
1154 1481 1353 1533 grandiori,
1382 1481 1442 1518 sed
1468 1493 1588 1530 grano
1609 1479 1698 1518 fina-

95 1538 164 1592 pis,
189 1539 294 1590 quod
308 1538 407 1576 inter
425 1550 539 1587 grana
552 1538 600 1575 est
616 1540 844 1580 minimum5
873 1538 978 1588 quod
991 1548 1119 1575 tamen
1138 1536 1251 1576 habet
1271 1535 1422 1574 interim
1446 1534 1543 1572 intra
1557 1536 1594 1572 se
1614 1547 1699 1584 pro-

97 1593 295 1646 prietatem
321 1594 509 1641 quandam
533 1595 570 1630 &
592 1592 760 1643 spiritum
780 1595 965 1640 innatum,
993 1605 1072 1644 quo
1092 1592 1128 1630 se
1157 1595 1194 1630 &
1209 1590 1315 1630 citius
1343 1591 1504 1637 attollat,
1533 1593 1568 1627 ὅ(
1591 1591 1701 1628 larius

97 1648 306 1688 diffundat:
335 1648 482 1685 Eodem
501 1648 621 1685 modo
642 1647 807 1686 invenire
835 1648 883 1685 est
908 1660 1020 1698 regna
1041 1650 1078 1685 &
1100 1647 1220 1694 status,
1249 1645 1392 1684 ambitu
1414 1646 1567 1696 quidem
1588 1649 1624 1682 <Se
1645 1658 1699 1682 re-

98 1706 260 1755 gionum
285 1704 403 1741 tractu
431 1704 536 1740 valde
563 1705 697 1754 ampla,
728 1715 822 1751 quae
844 1713 972 1740 tamen
993 1703 1038 1739 ad
1053 1703 1144 1740 fines
1173 1701 1325 1740 ulterius
1354 1701 1608 1751 proferendos,
1636 1711 1699 1737 aut

98 1761 208 1798 latius
221 1757 480 1808 imperandum
498 1758 581 1794 sunt
597 1757 720 1795 minus
734 1768 837 1808 apra3
862 1759 932 1794 alia
952 1769 1084 1795 eontra
1098 1755 1328 1796 dimensione
1343 1755 1426 1792 satis
1444 1756 1585 1804 exigua,
1606 1766 1701 1803 quae

98 1825 228 1852 tamen
243 1814 354 1859 bases,
383 1814 423 1849 in
438 1811 570 1861 quibus
589 1814 771 1850 maximae
786 1812 1025 1850 monarchiae
1043 1812 1336 1857 inaedificenrur,
1365 1811 1434 1847 esse
1453 1806 1605 1859 poliint.

160 1880 192 1906 1.
222 1868 306 1908 UR
317 1881 339 1906 B
350 1879 400 1904 Es
423 1866 598 1914 munitae,
620 1869 728 1917 plena
743 1868 1038 1913 armamentaria,
1054 1879 1241 1915 equorum
1257 1864 1476 1918 propagines
1490 1861 1701 1914 generosae,

100 1922 216 1962 curris
228 1924 372 1968 armati,
395 1921 591 1972 elephanti,
617 1922 810 1959 machinae
831 1932 942 1973 atque
963 1933 1153 1959 tormenta
1170 1921 1300 1958 bellica
1313 1921 1530 1968 omnigena,
1552 1921 1588 1957 ὅ(
1611 1912 1706 1955 fimi-

100 1979 171 2020 1ia;
198 1977 283 2016 sunt
295 1988 394 2015 certe
409 1976 469 2014 ista
491 1976 668 2023 universa,
697 1976 790 2014 nihil
817 1978 930 2023 aliud,
960 1988 1073 2026 quam
1089 1976 1166 2014 ovis
1188 1977 1319 2013 induta
1334 1975 1429 2024 pelle
1444 1975 1608 2020 leonina,
1636 1972 1705 2010 nisi

101 2045 195 2084 gens
227 2033 303 2085 ipsa
330 2032 439 2083 stirpe
463 2032 524 2070 sua
553 2031 767 2082 &ingenio
798 2030 839 2069 fit
865 2031 974 2069 fortis
1002 2034 1037 2069 ὅ(
1062 2030 1243 2068 militaris.
1299 2032 1395 2076 Imo,
1426 2041 1496 2066 nec
1524 2040 1704 2066 numerus

102 2088 179 2141 ipse
197 2090 392 2139 copiarum
428 2087 593 2124 multum
622 2088 734 2132 juvat,
762 2086 825 2124 ubi
853 2088 992 2124 milites
1016 2087 1186 2123 imbelles
1215 2086 1298 2123 sunt
1330 2087 1366 2122 ὅτ
1393 2085 1528 2134 ignavi.
1586 2083 1703 2121 Recte

103 2143 206 2181 enim
236 2141 441 2192 Virgiliu53
485 2140 622 2193 Lupus
653 2153 847 2179 numerum
870 2149 1049 2193 pecorum
1077 2153 1150 2178 non
1185 2147 1307 2178 curat.
1366 2137 1554 2176 Exercitus
1582 2137 1702 2175 Peria-

104 2211 190 2236 rum
211 2196 252 2234 in
276 2196 413 2248 campis
428 2197 591 2233 Arbelae
614 2198 733 2234 oculis
749 2197 1005 2233 Macedonum
1027 2204 1207 2244 tanquam
1232 2195 1370 2233 vastum
1388 2194 1591 2231 hominum
1606 2194 1703 2245 pela-

103 2265 172 2303 gus
195 2251 473 2299 subjiciebatur;
510 2252 606 2288 adeo
628 2261 669 2287 ut
697 2251 808 2288 duces
831 2248 1049 2296 Alexandri,
1079 2248 1253 2287 nonnihil
1280 2249 1361 2302 ipso
1390 2249 1596 2300 spectaculo
1623 2259 1702 2297 per-

103 2305 204 2354 culsi,
232 2319 360 2356 regem
379 2304 671 2357 interpellarent,
698 2317 810 2353 atque
824 2315 866 2342 ur
881 2306 996 2342 noctu
1010 2306 1198 2354 proelium
1212 2306 1482 2349 committeret,
1511 2304 1545 2340 ei
1572 2302 1703 2340 autho-

106 2375 163 2400 res
184 2372 315 2399 erant:
352 2360 497 2413 Quibus
520 2362 596 2408 ille,
623 2361 720 2397 nolo
737 2358 885 2410 (inquit)
910 2358 1078 2397 suffurari
1093 2358 1311 2397 victoriam:
1354 2360 1406 2395 Ea
1433 2367 1561 2395 autem
1590 2359 1705 2395 ctiam

104 2417 287 2468 opinione
315 2417 387 2454 fuit
416 2416 570 2452 facilior.
627 2414 806 2464 Tigranes
822 2414 1030 2451 Armenius
1053 2414 1323 2451 castrametatus
1351 2415 1392 2450 in
1418 2412 1584 2463 quodam
1603 2413 1703 2450 colle

105 2484 196 2509 cum
226 2470 389 2510 exercitu
415 2470 777 2519 quadringentorum
811 2470 989 2515 millium,
1027 2481 1115 2506 cum
1152 2468 1323 2517 spectaret
1360 2469 1478 2505 aciem
1507 2469 1703 2505 Romano-

107 2539 206 2573 rum,
233 2538 327 2578 quae
349 2524 630 2574 quatuordecim
653 2523 770 2561 millia
791 2536 872 2561 non
887 2519 1047 2570 excellit,
1075 2533 1207 2560 contra
1228 2523 1262 2560 se
1277 2522 1509 2569 tendentem,
1539 2523 1578 2558 in
1593 2520 1705 2558 diste-

106 2583 167 2620 rio
185 2582 255 2620 illo
283 2581 351 2619 suo
375 2579 439 2617 fibi
463 2581 713 2631 complacuit;
752 2590 838 2616 ecce
862 2577 1014 2630 (inquit)
1045 2580 1246 2616 hominum
1278 2589 1346 2629 pro
1373 2577 1563 2626 legatione
1581 2576 1703 2614 nimio

106 2637 190 2690 plus
216 2648 331 2685 quam
358 2645 522 2685 oportet,
559 2647 627 2684 pro
655 2646 779 2684 pugna
807 2634 922 2683 longe
944 2631 1092 2670 minus:
1134 2632 1285 2669 eosdem
1313 2642 1452 2677 tamen,
1487 2630 1702 2682 priusquam

107 2690 333 2730 oecubuiffet
362 2690 431 2736 sol,
461 2690 542 2726 fatis
565 2690 706 2727 multos
724 2689 772 2726 ad
799 2689 909 2726 illum
932 2687 1075 2725 infinita
1103 2687 1215 2736 strage
1238 2686 1512 2737 profligandum
1534 2695 1703 2738 expertus

109 2747 169 2784 est.
226 2748 426 2783 innumera
458 2745 542 2781 sunt
571 2741 749 2795 exempla,
778 2754 891 2792 quam
912 2740 953 2780 fit
981 2743 1234 2779 multitudinis
1261 2753 1348 2778 cum
1370 2739 1592 2779 fortitudine
1613 2753 1702 2778 con-

109 2801 244 2851 gress‘us
267 2802 398 2850 impar.
453 2798 581 2836 Primo
600 2798 712 2848 igitur
733 2810 805 2850 pro
824 2809 863 2834 re
891 2793 1092 2834 certissima
1115 2799 1151 2833 δε
1174 2793 1462 2847 exploratiffima
1483 2797 1703 2833 decernatur

109 2859 147 2894 ὅ(
174 2856 360 2901 statuatur,
389 2855 499 2904 quod
521 2864 629 2902 caput
654 2851 842 2897 omnium,
870 2864 963 2903 quae
987 2851 1031 2888 ad
1059 2850 1355 2911 magnitudinem
1375 2850 1477 2901 regni
1499 2861 1562 2888 aut
1591 2847 1702 2887 status

112 2909 285 2959 spectent,
314 2908 368 2957 fit,
398 2920 438 2946 ut
459 2910 616 2960 populus
644 2906 718 2959 ipsc
746 2904 787 2943 stt
818 2906 922 2955 stirpe
943 2908 979 2943 ὅ(
1009 2908 1163 2954 ingenio
1186 2904 1391 2943 bellicosus.
1448 2905 1580 2954 Atque
1606 2906 1699 2941 illud

111 2963 227 3015 magis
244 2966 378 3002 tritum
405 2975 518 3015 quam
538 2974 680 3008 verum,
709 2960 813 3010 quod
842 2962 947 2998 nervi
977 2959 1064 2998 belli
1094 2958 1163 2998 sint
1191 2962 1380 3010 pecuniae,
1408 2958 1434 2997 si
1456 2959 1572 2997 derint
1598 2958 1699 2996 nervi

114 3021 338 3057 lacertorum
360 3021 402 3058 in
424 3028 536 3070 gente
556 3016 666 3056 molli
694 3019 730 3055 ὃς
759 3014 1010 3055 effoeminara.
1064 3015 1180 3056 Recte
1205 3016 1308 3055 enim
1333 3016 1480 3054 Croeso
1502 3015 1699 3054 ostentanti

165 3073 280 3113 VOL.
304 3075 331 3112 1.
895 3071 930 3108 H
947 3069 970 3108 h
1001 3080 1020 3106 2
1570 3079 1704 3104 aurum

1768 196 1865 253 243
