2040 3439
169 187 232 235 92

402 171 500 217 DE
554 166 1051 217 AUGMENTIS
1102 165 1706 213 SCIENTIARUM.
1744 167 1916 217 Lib.11.

309 277 392 316 non
413 267 541 303 minus
567 274 756 311 cruentae,
794 274 908 312 quam
936 271 1062 310 turpes
1083 262 1299 298 extitemnt.
1356 262 1495 309 Neque
1528 259 1661 298 itidem
1688 264 1830 300 mirum
1855 264 1917 312 est,

307 319 336 358 fi
349 321 511 368 ‘sfurores
537 319 717 360 aBaccho
740 318 1108 367 immittiputentut‚
1136 327 1225 354 cum
1245 318 1282 353 &
1302 317 1431 353 omnis
1451 314 1603 353 affectus
1624 315 1664 353 in
1679 318 1821 356 excess'u
1836 319 1916 367 sua,

309 376 426 414 veluti
449 376 556 413 furor
578 375 699 412 brevis
725 371 781 419 fit,
810 374 858 418 ὃς,
887 368 912 407 fi
934 370 1193 409 vehementius
1215 368 1380 408 obfideat
1410 373 1447 408 ὅ(
1475 371 1682 418 incumbat,
1711 373 1750 410 in
1777 373 1920 412 insania

307 431 449 483 saepius
475 428 710 468 terminetur.
765 427 863 464 Illud
886 436 1014 464 autem
1041 426 1089 463 de
1113 425 1286 463 Pentheo
1309 428 1347 463 &
1369 425 1530 475 Orpheo
1550 427 1650 463 inter
1665 429 1771 477 orgia
1786 429 1920 467 Bacchi

309 487 492 532 laceratis,
528 484 745 522 evidentem
772 482 989 532 parabolam
1023 480 1162 522 haben
1203 493 1292 518 cum
1320 480 1471 518 affectus
1500 480 1658 530 quisque
1687 484 1919 534 praevalidus

311 553 396 591 erga
425 541 516 578 duas
549 551 606 576 res
630 536 672 575 fit
695 536 915 588 asperrimus
933 546 1047 585 atque
1068 532 1361 577 infenfiffimu33
1388 548 1549 584 quarum
1578 538 1692 574 altera
1721 536 1770 575 est
1796 539 1920 588 inqui·

307 594 392 634 fitio
422 596 462 632 in
485 606 574 631 eum
593 592 751 639 curiosa,
781 593 908 639 altera,
937 592 1155 629 admonitio
1182 591 1349 628 salutaris
1375 594 1412 628 δε
1431 591 1559 628 libera.
1616 593 1755 640 Neque
1783 593 1922 633 auxilio

307 651 434 697 fuerit,
462 648 488 686 fi
503 650 567 686 illa
582 646 776 697 inquisitio
794 647 858 685 fiat
873 655 1024 685 tantum
1039 647 1375 696 contemplationis
1389 656 1452 684 aut
1474 645 1661 696 spectandi
1683 650 1811 696 gratia,
1839 659 1919 687 tan-

307 717 422 754 quam
446 704 581 742 arbore
604 702 817 744 conscensa,
847 701 983 752 absque
1011 703 1123 739 omni
1149 702 1268 739 animi
1291 702 1528 751 malignitate
1537 719 1552 744 ‚-
1582 714 1706 751 neque
1729 703 1864 751 rursus,
1893 703 1919 741 fi

308 761 528 799 admonitio
556 760 632 806 illa,
661 759 783 796 multa
802 769 889 795 cum
919 757 1096 796 suavitate
1115 759 1152 795 &
1179 756 1399 795 dexteritate
1428 756 1674 799 adhibeam-3
1703 770 1835 796 verum
1861 770 1918 797 ut-

308 814 459 864 eunque
487 827 568 853 non
596 815 763 852 tolerant
793 814 900 863 orgia
928 823 990 851 aut
1018 812 1232 851 Pentheum
1261 822 1323 849 aut
1350 812 1563 863 Orpheum.
1619 812 1826 861 Postremo,
1855 815 1920 853 illa

307 868 480 910 confusio
513 869 757 922 personatum
772 868 881 922 Jovis
910 871 947 907 δε
971 867 1116 916 Bacchi,
1145 868 1191 906 ad
1216 868 1434 918 parabolam
1464 868 1563 904 reete
1592 868 1739 905 traduci
1771 869 1918 920 potest3

306 926 619 976 quandoquidem
648 937 706 963 res
729 923 848 975 gestae
861 924 1010 962 nobiles
1026 926 1063 961 ὅ(
1077 925 1207 971 clarae,
1234 932 1347 972 atque
1365 923 1500 960 merita
1518 920 1676 971 infignia
1691 925 1728 961 ὅ(
1740 924 1920 973 gloriosa,

309 982 502 1019 interdum
517 993 537 1018 a
551 982 689 1018 virtute
704 982 741 1018 ὃς
755 981 854 1017 recita
868 980 1016 1017 ratione
1036 982 1074 1018 &
1087 979 1413 1029 magnanimitate,
1443 978 1636 1015 interdum
1670 988 1798 1016 autem
1821 991 1842 1017 a
1869 981 1919 1017 la-

308 1047 415 1074 tente
442 1035 578 1073 affeetu
610 1039 647 1073 ὃς
676 1036 827 1073 occulta
863 1036 1068 1084 cupiditate
1098 1034 1305 1082 (utcunque
1339 1033 1460 1070 famae
1490 1035 1526 1070 δ(
1555 1033 1674 1070 laudis
1702 1034 1920 1078 celebritate

307 1103 466 1140 utraque
491 1103 547 1128 res
575 1092 714 1143 pariter
738 1090 909 1140 gaudeat)
940 1091 1165 1141 proveniant
1177 1107 1191 1132 ,ς
1222 1098 1263 1127 ut
1288 1100 1370 1126 non
1397 1088 1506 1125 facile
1533 1086 1575 1126 fit
1591 1086 1812 1138 distinguere
1826 1090 1920 1128 fasta

308 1144 467 1195 Dionysi
496 1158 515 1182 a
535 1145 639 1183 fastis
653 1145 774 1199 jovis.

361 1204 547 1240 VERUM
575 1200 613 1238 in
630 1200 778 1238 theatro
793 1200 910 1237 nimis
929 1199 996 1237 diu
1019 1210 1241 1239 moramur÷
1270 1198 1499 1237 transeamus
1514 1199 1559 1236 ad
1579 1200 1760 1249 palatium
1775 1201 1921 1243 animi3

307 1257 411 1304 cujus
426 1256 559 1293 limina
574 1256 711 1303 majori
727 1267 815 1293 cum
830 1256 1074 1293 veneratione
1090 1256 1128 1292 ὅ(
1146 1265 1234 1292 cura
1253 1252 1401 1303 ingredi
1423 1256 1615 1292 convenit.

1594 2582 1655 2637 F
1670 2581 1726 2636 R
1746 2586 1809 2639 A
1829 2583 1924 2639 Na
