2040 3439
45 172 158 235 Cap.
185 161 238 214 V.
274 169 373 214 DE
422 168 913 216 AUGMENTIS
968 163 1483 218 SCIENTIARU
1507 167 1570 221 M.

37 269 204 307 occurrit
219 267 383 316 satyrica
406 266 531 314 aliqua
560 264 811 304 similitudine
836 266 1091 318 perstringere,
1120 278 1183 304 aut
1214 267 1305 306 scria
1334 282 1505 319 quaeque
1534 274 1574 309 in
1604 275 1659 316 jo-

36 332 129 361 cum
148 327 304 366 vertere,
332 329 400 357 aut
417 318 718 358 contradictione
740 323 779 358 ὃ(
800 322 1039 358 cavillatione
1065 321 1209 370 quidvis
1234 324 1396 371 eludere,
1427 328 1464 363 δε
1493 325 1625 365 similia
1643 344 1653 370 5

44 377 225 428 (quorum
245 378 289 413 in
310 375 546 413 facultatibus
569 376 688 412 animi
715 376 815 413 haud
844 375 972 425 exigua
996 377 1044 413 est
1073 379 1202 426 copia3
1230 389 1399 428 quaeque
1428 382 1586 430 ingenio
1612 386 1656 425 ἃ,

42 429 309 472 exercitatione
332 431 377 466 ad
402 428 625 467 miraculum
649 429 764 478 usque
790 431 922 467 extolli
939 432 1125 481 possnnt5)
1156 432 1246 469 haec
1269 445 1368 472 certe
1393 438 1525 473 omnia
1541 438 1649 475 &1113

41 485 174 525 similia
193 498 264 523 nos
283 497 364 522 non
380 486 534 530 majoris
557 484 726 531 facimus,
756 497 869 534 quam
894 486 1207 523 funambulorum
1231 491 1267 525 δε
1283 491 1491 528 mimorum
1508 494 1649 541 agilita-

41 554 97 580 tes
119 544 155 579 δε
171 542 340 578 luclierat
369 541 522 576 Etenim
550 539 680 575 cadem
704 540 821 577 ferme
849 552 905 576 res
924 540 1030 581 sunt3
1059 553 1147 578 cum
1165 542 1253 579 haec
1276 547 1457 596 corporis,
1489 548 1550 583 illa
1571 550 1647 585 ani-

39 599 96 636 mi
123 597 261 640 viribus
285 595 486 636 abutantur
506 611 517 638 3
555 595 591 631 ὅ(
619 594 876 632 admirationis
902 593 1055 633 forsitan
1087 597 1227 646 aliquid
1253 598 1425 648 habeant,
1456 600 1649 652 dignitatis

38 665 181 703 parum.

92 706 193 744 Ans
226 710 354 743 aurem
379 706 603 757 memoriae-
625 705 766 756 duplici
798 703 930 742 nititur
966 706 1193 752 intentione,
1224 709 1473 757 pl‘acnoiionc
1508 715 1544 750 ὅ(
1570 725 1647 749 em-

39 763 213 801 blemate.
270 761 565 798 Praenotioncm
581 770 756 797 vocamus
779 756 1041 796 abscissionem
1057 761 1245 809 quandam
1262 762 1552 808 investigationis
1568 767 1649 804 inli-

38 819 153 856 nitae.
210 817 315 854 Cum
338 817 442 852 enim
466 817 550 864 quis
570 815 710 864 aliquid
735 826 908 851 revocare
929 814 966 851 in
986 817 1213 853 memoriam
1225 807 1415 861 conatur}
1447 819 1470 857 si
1502 822 1648 860 nullam

39 871 327 926 praenotionem
353 871 497 917 habeat,
534 881 596 908 aut
624 870 909 922 perceptionem
939 871 1016 914 ejus
1043 871 1147 920 quod
1171 875 1340 920 quaerit3
1370 878 1514 923 quaerit
1547 879 1648 914 ceste·

40 931 77 966 ὃ(
99 928 270 973 molitur,
300 928 338 965 ὅ(
357 926 425 963 hac
443 925 529 963 illac
550 924 736 971 discurrit,
765 934 945 973 tanquam
960 926 1000 965 in
1018 924 1181 963 infinito.
1239 929 1355 980 Qtod
1381 928 1406 966 si
1429 941 1568 968 certam
1584 933 1648 969 ali-

39 995 153 1033 quam
181 983 470 1032 praenotionem
503 981 649 1027 habeat,
684 980 805 1017 statim
832 978 1062 1017 abscinditur
1095 981 1300 1030 infinitum,
1337 987 1374 1021 ὃς
1399 984 1439 1022 fit
1468 985 1650 1024 discursus

37 1034 246 1076 memoriae
269 1037 387 1086 magis
411 1037 452 1073 in
479 1034 632 1077 vicinos
664 1045 705 1073 ut
733 1036 888 1073 venatio
920 1036 1050 1072 damae
1066 1038 1163 1074 intra
1182 1036 1291 1089 septa.
1348 1040 1477 1089 Itaque
1499 1043 1535 1078 ὃς
1551 1042 1650 1079 ordo

37 1092 235 1131 manifesto
250 1093 352 1138 juvat
367 1092 606 1129 memoriam.
666 1088 794 1128 Subest
808 1092 1147 1139 enimpracnotio,
1178 1093 1216 1129 id
1233 1095 1337 1141 quod
1353 1097 1556 1143 quaeritur,
1573 1099 1647 1133 tale

37 1148 110 1186 effe
123 1147 272 1194 debere,
302 1156 343 1184 ut
363 1147 564 1185 conveniat
588 1157 675 1183 eum
705 1146 851 1183 ordine.
908 1145 1088 1184 Similiter
1108 1149 1273 1185 carmina
1288 1149 1430 1187 facilius
1453 1151 1647 1189 discuntur

37 1204 274 1250 memoriter,
302 1214 415 1251 quam
445 1201 563 1255 prosa.
623 1199 661 1239 Si
688 1202 792 1238 enim
822 1201 993 1238 haeretur
1018 1203 1057 1239 in
1085 1204 1214 1251 aliquo
1233 1206 1376 1246 verb03
1406 1205 1521 1243 subest
1547 1219 1648 1256 prae-

38 1259 165 1304 notio,
194 1259 268 1296 tale
307 1258 445 1295 debere
477 1257 547 1293 effe
575 1257 746 1302 verbum,
775 1256 879 1304 quod
908 1260 1109 1294 conveniat
1139 1270 1226 1295 cum
1250 1260 1364 1297 versu.
1420 1260 1552 1309 Atque
1586 1261 1649 1299 ista

38 1314 242 1364 praenotio
274 1313 323 1350 cst
353 1312 554 1350 artificialis
594 1313 802 1349 memoriae
837 1323 919 1361 pars
958 1312 1100 1361 prima:
1139 1315 1241 1351 Nam
1276 1317 1315 1352 in
1353 1315 1534 1353 artificiali
1567 1328 1645 1353 me—

38 1367 295 1406 moriarlocos
327 1367 507 1405 habemus
535 1367 609 1413 jam
641 1377 728 1404 ante
756 1366 915 1416 digestos
937 1369 972 1404 ὅ(
1002 1378 1174 1417 paratos;
1204 1370 1386 1419 imagines
1415 1382 1646 1420 cxrcmporc,

38 1431 154 1476 prout
181 1435 238 1460 res
274 1421 445 1475 postulat,
483 1421 729 1459 conficimus:
772 1421 828 1459 At
857 1420 972 1459 subest
1001 1426 1214 1472 praenotio,
1255 1426 1369 1461 talem
1406 1425 1475 1462 css'e
1513 1426 1650 1463 debere

38 1480 261 1527 imaginem,
299 1479 420 1526 qualis
445 1476 676 1526 aliquatenus
699 1477 899 1515 conveniat
927 1487 1015 1514 cum
1051 1479 1160 1515 loco:
1198 1479 1238 1515 Id
1262 1480 1366 1527 quod
1395 1481 1541 1517 vellicat
1573 1493 1650 1518 me-

39 1531 217 1580 moriam,
248 1535 284 1570 &
311 1534 441 1584 aliquo
459 1533 582 1570 modo
610 1534 735 1570 munit
761 1533 807 1570 acl
830 1544 927 1578 rem,
953 1545 1065 1582 quam
1087 1535 1310 1583 quaerimus.
1366 1536 1564 1572 Emblcma
1590 1548 1650 1573 ve-

39 1601 85 1626 ro
106 1588 259 1626 deducit
275 1587 525 1626 intellcsluale
558 1587 604 1625 ad
627 1585 818 1625 sensibile:
860 1585 1037 1625 Sensibile
1069 1599 1196 1626 autem
1228 1588 1372 1639 semper
1402 1590 1536 1628 fortius
1570 1603 1648 1642 per-

38 1641 133 1682 cutit
174 1645 416 1689 memoriam,
455 1653 568 1691 atque
607 1645 647 1680 in
689 1655 731 1679 ca
774 1643 917 1680 facilius
954 1644 1185 1693 imprimitur
1228 1656 1342 1692 quam
1382 1646 1645 1683 inrellcc'lualc.

38 1698 154 1736 Adeo
181 1708 224 1736 ur
253 1699 368 1736 etiam
406 1699 607 1736 brutorum
649 1699 836 1747 memoria
870 1711 935 1748 per
972 1697 1139 1736 sensibile
1177 1699 1367 1746 excitetur,
1407 1712 1471 1749 per
1501 1702 1646 1738 intelle-

38 1755 158 1792 &ualc
188 1752 358 1791 minime.
414 1755 543 1803 Itaque
572 1753 715 1791 facilius
739 1752 894 1791 retineas
923 1755 1129 1803 imaginem
1159 1757 1346 1792 venatoris
1368 1756 1538 1804 leporem
1567 1768 1647 1807 per-

39 1808 240 1858 sequentis,
277 1819 339 1847 aut
373 1808 662 1859 pharmacopoei
689 1807 840 1860 pyxides
877 1809 1101 1856 ordinantis,
1145 1821 1207 1847 aut
1237 1811 1403 1859 pedantii
1433 1813 1649 1848 orationem

38 1864 223 1911 habentis,
253 1874 315 1902 aut
343 1866 450 1914 pueri
471 1864 595 1901 versus
618 1862 840 1901 memoriter
863 1866 1063 1911 recitantis,
1093 1875 1156 1902 aut
1171 1867 1281 1901 mimi
1297 1864 1336 1901 in
1361 1864 1466 1902 scena
1484 1868 1648 1915 agentis3

39 1931 154 1968 quam
180 1918 273 1972 ipsas
298 1921 480 1957 notiones
506 1917 749 1965 inventionis,
779 1917 1040 1970 dispositionis,
1071 1921 1311 1966 elocutionis,
1342 1923 1562 1966 memoriae,
1592 1933 1647 1956 ac-

40 1973 168 2012 tionis.
227 1975 324 2012 Sunt
352 1977 389 2012 &
418 1976 500 2021 alia,
528 1986 622 2023 quae
645 1976 836 2026 pertinent
865 1974 910 2011 ad
939 1977 1168 2012 memoriam
1197 1974 1410 2020 juvandam,
1440 1977 1496 2022 (ut
1526 1976 1648 2011 modo

41 2030 204 2067 diximus
219 2029 247 2079 3)
277 2029 338 2066 sed
365 2041 433 2076 ars,
464 2042 557 2078 quae
581 2030 654 2075 jam
679 2029 849 2076 habetur,
885 2042 927 2067 ex
957 2029 1012 2067 his
1041 2030 1189 2067 duobus
1218 2031 1290 2073 iam
1323 2026 1527 2078 pracmissis
1557 2042 1647 2066 con-

38 2082 136 2122 sistit.
192 2085 431 2122 Particulares
448 2095 573 2122 autem
597 2087 735 2123 artium
755 2084 919 2122 defectus
935 2084 1117 2136 persequi,
1145 2085 1255 2122 fucrit
1278 2086 1323 2121 ab
1338 2084 1506 2122 instituto
1521 2085 1650 2121 nostro

39 2140 224 2177 recedere.
281 2140 400 2188 Igitur
420 2140 466 2177 de
487 2151 564 2177 arte
582 2139 768 2177 retinendi
792 2137 862 2177 sive
882 2138 1068 2177 custodiae
1094 2141 1183 2177 hacc
1206 2141 1301 2177 dista
1322 2137 1402 2176 sint.
1454 2140 1541 2192 jam
1557 2152 1648 2177 tero

41 2194 85 2232 ad
101 2205 278 2243 quartum
303 2196 523 2233 membrum
549 2194 704 2245 logicae,
735 2196 839 2244 quod
868 2196 1117 2233 traditionem
1146 2198 1182 2234 ὅς
1217 2197 1475 2233 elocutionem
1504 2196 1647 2241 tradiat,

40 2249 178 2292 ordine
192 2250 440 2300 pervenimus.

1327 2910 1456 2993 me
1476 2918 1539 2971 A
1561 2914 1652 2970 M

1698 180 1791 236 157
