2040 3439
578 135 1186 195 CONTENTS.

89 241 280 294 Inquisitio
295 242 341 280 de
362 241 553 290 Magnete.
583 252 618 289 p.
636 238 728 277 208.

88 295 318 348 Francisius
330 294 511 334 Baconus
532 295 692 332 Lestori.
723 305 756 342 p.
775 305 793 331 2
806 304 865 342 17.

87 355 209 390 Pilum
225 350 456 400 Labyrinthi‚
487 348 557 387 five
574 347 770 398 Inquisitio
783 350 970 400 Legitima
983 349 1032 387 de
1047 350 1175 388 Motu.
1204 361 1240 401 p.
1256 346 1301 387 21
1313 349 1348 387 8.

88 407 351 457 Cogitationes
369 406 416 443 de
428 407 575 444 Natura
586 407 742 443 Rerum.
789 405 850 442 De
866 404 1040 442 Sestione
1058 405 1292 456 Corporum,
1308 406 1496 448 continuo
1511 407 1547 443 ὃ(
1557 405 1690 449 vacuo.⁴

164 492 171 499 .
196 473 287 499 222.

83 476 268 555 DepFluxu
285 519 321 554 ὅ(
337 515 498 554 Refluxu
511 513 637 552 Maris.
667 526 702 565 p.
723 525 814 565 234.

81 574 222 609 Indicia
237 584 321 610 vera
336 571 382 608 de
397 572 710 619 Interpretatione
727 571 905 607 Naturae.
923 583 959 622 p.
984 568 1075 624 243..
1351 617 1354 620 ⁴
1668 612 1671 616 ,

79 628 240 677 Epistola
256 623 422 664 Thomae
435 623 575 663 Bodlei
593 627 639 663 ad
654 621 1071 678 Francifi·.Baconum‚
1101 637 1197 675 quae
1223 626 1381 663 candide
1407 627 1581 678 expendit
1605 629 1683 674 ejus

136 683 314 731 Cogitata
331 682 413 719 &V
416 680 488 718 isa:
519 679 670 718 Latine
690 679 788 719 versa
804 694 846 718 ex
860 679 1044 734 Anglico,
1070 682 1118 720 ab
1138 679 1273 733 Ifizaco
1297 680 1476 720 Grutero.
1507 695 1543 734 p.
1561 681 1654 734 284.

77 737 292 789 Descriptio
313 736 429 773 Globi
443 735 713 774 intellecttialis.
744 747 779 785 p.
802 735 896 774 288.

77 792 225 829 Thema
245 792 370 829 Coeli.
388 804 424 842 p.
440 801 460 842 3
472 803 486 828 1
498 803 532 828 2.

74 847 341 897 DePtincipiis
361 857 471 895 atque
495 847 719 896 Originibus
748 846 952 884 secundum
974 847 1128 884 Fabulas
1151 843 1356 898 Cupidinis
1383 847 1420 883 ὅ(
1448 845 1578 884 Coeli:
1606 846 1680 888 five

129 899 383 940 ‘Parmenidis
402 905 439 939 ὃ(
461 898 605 950 Telesti,
636 903 672 938 ἃ
700 902 898 952 praecipue
917 899 1147 939 Democriti
1167 900 1419 952 Philosophia,
1447 902 1599 939 trastata
1636 905 1678 941 in

124 957 270 994 Pabula.
327 986 334 994 .
380 968 440 1004 19.

74 1013 176 1052 Scala
199 967 425 1059 Intcliizgus,
455 1010 525 1050 five
546 1011 668 1050 Pilum
693 1011 929 1060 Labyrinthi.
984 1013 1093 1065 Qae
1130 1010 1178 1050 est
1210 1010 1489 1050 Instaurationis
1513 1010 1675 1063 Magnae

72 1068 721 1173 Prgciigxlxiii'Qliivffissfr'xticipationes
736 1121 998 1174 Philosophiae
1014 1122 1216 1161 Secundae.
1274 1119 1553 1161 Instaurationis
1567 1121 1673 1172 Mag-

76 1211 79 1215 .
123 1190 192 1222 uae
211 1180 298 1216 Pars
317 1179 365 1218 V.
422 1207 429 1214 .
534 1208 542 1215 .

68 1234 130 1272 De
151 1234 338 1284 Sapientia
355 1189 540 1273 Vgtegiffii
554 1233 667 1269 Liber
681 1233 726 1270 ad
738 1234 920 1282 inclytam
935 1233 1184 1270 Academiam
1200 1228 1567 1284 Cantabrigiensbm.
1625 1233 1671 1270 Il-

122 1285 338 1333 lustrissimo
353 1290 451 1327 Viro
488 1289 637 1325 Comiti
667 1285 951 1339 Sarisburieusz,
982 1290 1145 1326 Summo
1164 1287 1414 1336 Thesaurario
1427 1285 1612 1340 Angliae,
1633 1289 1679 1336 δε,

125 1343 365 1381 Cancellario
377 1344 603 1382 Academiae
620 1340 957 1395 Cantabrigienfis.
990 1355 1025 1392 p.
1044 1344 1137 1393 346.
1361 1339 1365 1342 ’

66 1396 207 1436 Almae
222 1400 352 1447 Matri,
382 1400 548 1448 Inclytae
567 1398 797 1435 Academiae
818 1394 1134 1448 Cantabrrgienst.
1162 1408 1199 1447 p.
1218 1406 1312 1448 347.

66 1453 264 1492 Praefatio.
293 1467 328 1504 p.
345 1453 438 1504 348.

64 1506 124 1545 De
141 1509 327 1560 Sapientia
342 1510 538 1547 Veterum.
568 1521 603 1559 p.
623 1506 714 1558 380.

63 1563 196 1613 Imago
212 1562 347 1602 Civilis
366 1561 477 1614 Julii
496 1563 685 1615 Caesaris.
711 1575 745 1613 p.
764 1560 856 1613 386.

62 1618 195 1669 Imago
212 1620 346 1658 Civilis
367 1617 528 1671 Augusti
547 1616 736 1670 Caefiiris.
767 1630 803 1668 p.
821 1616 915 1668 388.

62 1673 107 1710 In
121 1673 273 1711 felicem
284 1675 518 1712 Memoriam
530 1670 802 1712 Elizabetloae
813 1673 979 1723 Angliae
994 1671 1173 1723 Reginae.
1185 1684 1221 1723 p.
1239 1669 1334 1723 389.

63 1728 332 1767 Meditationes
344 1731 471 1767 sacrae.
502 1742 537 1780 p.
562 1731 653 1781 396.

61 1783 122 1821 De
137 1784 329 1823 Miraculis
351 1787 567 1823 Servatoris.
596 1781 687 1822 ibid.

62 1840 123 1877 Dc
145 1840 382 1878 Columbina
395 1840 615 1878 Innocentia
629 1842 665 1876 &
683 1840 903 1889 Serpentina
915 1839 1131 1876 Prudentia.
1161 1850 1196 1889 p.
1216 1847 1308 1890 397.

60 1891 121 1931 De
140 1895 377 1933 Exaltatione
396 1895 609 1933 Charitatis.
639 1908 674 1947 p.
694 1894 787 1945 398.
873 1895 933 1931 De
946 1893 1126 1932 Mensura
1140 1895 1343 1932 Curatum.
1387 1889 1480 1932 ibid.

60 1950 120 1987 De
134 1951 206 2000 Spe
226 1950 415 1988 Terrestri.
447 1963 481 2000 p.
502 1960 594 2001 399.
679 1951 740 1987 De
755 1950 984 2000 HypoctitiS.
1015 1963 1050 2002 p.
1067 1959 1163 1999 400.

59 2005 120 2042 De
139 2005 419 2058 ImpostoribuS,
434 2003 525 2044 ibid.

57 2060 117 2097 Dc
140 2061 348 2098 Generibus
362 2061 599 2111 Imposturae.
629 2073 664 2112 p.
681 2070 776 2109 401.

58 2116 119 2152 De
133 2115 347 2153 Atheismo.
378 2113 470 2154 ibid.
526 2118 585 2154 De
599 2114 827 2154 Hacrcfibus.
857 2127 894 2167 p.
911 2124 1005 2164 402.

57 2171 118 2207 De
135 2169 290 2208 Ecclesia
306 2174 342 2208 ὅ(
359 2173 565 2221 Scri-pruris.
594 2184 628 2222 p.
646 2181 740 2221 403.

59 2227 86 2262 l.
117 2225 277 2274 Epistola
292 2227 338 2263 ad
350 2227 600 2275 Fulgentium.
614 2223 706 2263 ibid.
1663 2270 1668 2272 q

58 2282 102 2318 11.
132 2279 368 2329 Rescriptum
410 2282 668 2318 Procuratoris
701 2280 814 2329 Regis
855 2277 1040 2324 Primarii,
1086 2274 1132 2312 ad
1164 2275 1414 2315 Academiam
1448 2272 1655 2315 Cantabri-

103 2334 285 2387 gicrzfim,
315 2336 468 2384 qnando
480 2337 519 2372 in
536 2334 690 2372 sanfflus
705 2336 819 2383 Regis
840 2334 1064 2371 Concilium
1080 2340 1278 2382 cooptatus
1297 2331 1381 2369 fuit.
1412 2344 1446 2383 p.
1463 2341 1559 2381 404.

57 2392 116 2428 Ill.
146 2387 379 2442 Franciscus
395 2392 492 2428 Baro
511 2391 557 2427 de
576 2387 815 2435 Verulamio,
834 2387 1058 2427 Vicecomcs
1070 2382 1206 2423 Sanch
1220 2383 1382 2434 Albani,
1411 2386 1552 2424 Almae
1569 2385 1654 2423 Ma-

109 2447 159 2483 tri
188 2447 347 2494 inclytae
361 2445 590 2482 Academiae
606 2440 922 2496 Cantabrzgienst,
952 2443 1129 2480 Salutem.
1160 2454 1195 2492 p.
1213 2452 1309 2491 405.

59 2501 111 2538 IV
115 2512 128 2538 .·
154 2501 319 2550 Inclytae
334 2500 562 2537 Academiae
580 2496 790 2548 Oxonienst
803 2500 838 2537 S.
868 2494 955 2535 ibid.

59 2557 108 2592 V.
134 2554 374 2607 Rescriptum
391 2556 620 2593 Academiae
637 2550 863 2603 Oxoniensts
878 2549 1081 2604 Francisco
1099 2550 1265 2591 Bacono.
1282 2550 1372 2588 ibid.

57 2612 120 2649 Vl.
151 2607 379 2661 Francifi'us
408 2612 503 2647 Baro
531 2610 577 2647 de
609 2607 839 2654 Verulamio,
881 2610 1105 2645 Vicecomes
1141 2603 1276 2646 Sanni
1302 2602 1452 2643 Albani
1490 2605 1651 2658 percele-

107 2665 163 2702 bri
188 2666 370 2715 Collegio
398 2666 550 2703 Sanitae
571 2667 607 2702 ὅ(
635 2663 851 2702 individuae
866 2662 1062 2700 Trinitatis
1095 2664 1136 2699 in
1164 2658 1433 2713 cantabrig-ia,
1463 2661 1644 2699 Salutem.

135 2749 143 2756 .
189 2721 254 2757 06.

56 2732 137 2812 VIII).
159 2731 303 2812 ἍΙιῃαε
321 2776 435 2812 Matri
451 2775 680 2812 Academiae
697 2768 1014 2826 Cantabrigieufi.
1045 2768 1136 2809 ibid.

57 2829 155 2868 VllI.
186 2827 322 2867 AElio
338 2827 537 2868 Deodato.
566 2826 658 2867 ibid.

54 2887 116 2922 IX.
146 2885 371 2923 Reverendo
389 2886 487 2923 Viro
499 2886 673 2922 Domino
686 2879 876 2922 Gulielmo
889 2878 1067 2932 Rawky‘,
1084 2881 1213 2918 Sacrae
1227 2879 1463 2930 Theologiae
1472 2878 1646 2926 Douma,

73 2942 144 2978 s&
161 2939 299 2989 Regiae
315 2940 514 2985 Majestatis
537 2940 757 2989 Capellano,
785 2933 930 2974 Amico
945 2932 1222 2974 colendiflimo.
1253 2949 1287 2988 p.
1301 2944 1396 2985 407.

55 2998 100 3047 X.
130 2995 354 3031 Reverendo
369 2991 670 3044 Doctissimoque
686 2995 784 3033 Viro
799 2989 990 3032 Gulielmo
1011 2987 1192 3030 Rawleio
1207 2992 1243 3030 S.
1255 2992 1294 3029 P.
1311 2992 1360 3028 D.
1375 2987 1534 3042 Isaacus
1547 2987 1643 3026 Gru-

110 3056 227 3086 term.
257 3061 291 3100 p.
309 3049 403 3098 408.

103 3106 211 3144 Vor..
244 3105 269 3141 1.
890 3099 914 3139 s
1560 3095 1646 3142 The}

1787 159 1884 206 lxix
