2040 3439
66 176 940 265 cap.1-1.DE-·AUGME'NT13
987 160 1592 273 s'ctENTrARUM.

1058 283 1063 289 ι
1090 274 1100 289 0

71 318 74 319 ν
123 298 267 335 mes
294 293 510 341 hujusmodi
537 295 673 344 operis,
711 294 816 345 quod
836 295 1012 348 exemplo
1037 295 1319 343 suodccoravit
1344 296 1577 343 Aristoteles,
1616 299 1669 336 nil

67 352 195 390 minus
222 351 282 398 est,
315 360 430 398 quam
453 359 494 386 ut
518 347 668 387 curiosis
692 352 729 388 δε
755 350 926 388 inanibus
954 351 1116 400 ingeniis
1141 352 1380 401 gratificetur,
1414 349 1505 389 ficut
1530 352 1670 391 faciunt

65 407 285 444 mirabilarii
309 408 346 442 δε
365 403 617 454 prodigiastri:
645 409 774 442 verum
798 406 888 442 duas
908 405 960 442 ob
984 405 1117 453 causas,
1156 417 1354 455 utramque
1378 407 1511 444 seriam
1532 412 1568 445 δ(
1592 421 1670 457 gra-

67 473 178 502 vem3
208 471 335 507 unam,
365 468 408 496 ut
429 460 662 496 axiomatum
686 461 894 509 corrigatur
917 458 1111 510 iniquitas5
1141 474 1236 510 quae
1259 464 1473 512 plerunque.
1489 464 1529 499 in
1549 475 1670 500 excin-

65 517 141 568 plis'
158 517 257 553 tritis
280 517 316 552 ὅτ
335 515 492 562 vulgatis
514 513 805 568 fundamentum
828 514 989 555 habents
1029 517 1196 564 alteram,
1233 518 1338 566 quod
1358 530 1378 554 a
1401 519 1590 556 miraculis
1610 531 1671 555 na-

63 581 171 608 turae
203 571 249 622 ad
284 570 462 606 miracula
495 570 582 605 artis
611 569 802 620 expeditus
836 567 877 606 fit
907 567 1075 609 transitus
1109 573 1144 609 ὅ(
1178 574 1338 620 pervius.
1395 573 1532 621 Neque
1566 576 1671 610 enim

65 627 153 663 huic
176 627 231 663 rei
254 627 335 675 plus
357 622 447 660 inest
462 625 620 672 negotii,
650 635 906 674 praeterquam
930 635 970 662 ut
991 636 1144 663 naturae
1168 627 1314 676 vestigia
1335 627 1562 676 persequaris
1577 627 1672 678 saga-

65 683 171 728 citer,
201 691 288 723 cum
309 678 383 730 ipsa
404 678 535 729 sponte
561 680 725 718 aberrem
756 690 796 716 ut
820 679 894 716 hoc
914 680 1021 729 pauo
1045 681 1166 730 postea
1193 693 1281 718 cum
1302 683 1371 719 tibi
1392 683 1556 729 libuerit,
1586 696 1670 721 eam

63 736 200 773 eodem
221 736 297 772 loci
312 734 496 771 deducere
517 735 552 770 &
569 735 797 783 compellere
818 731 943 783 pollis.
1000 736 1137 784 Neque
1161 748 1252 773 vcro
1265 740 1531 788 praeceperim,
1561 750 1600 776 ut
1626 751 1670 776 ex

64 789 213 828 historia
241 789 300 827 ista
324 787 566 834 mirabilium,
598 788 861 838 superstitiosae
877 791 1119 837 narrationes,
1140 790 1187 827 dc
1203 791 1402 838 maleficiis,
1419 792 1669 831 filleinationi-

65 846 145 894 bus,
173 843 502 889 incantationibus,
532 843 700 888 rbmnii‘s,
730 843 1285 892 divinationibus&similibus,
1314 847 1461 895 prorsus
1475 849 1671 885 excludan-

63 910 141 947 tur,
181 900 244 938 ubi
273 900 322 936 de
351 899 450 936 facito
479 901 515 936 ὃ(
544 910 584 935 re
611 898 706 948 gesta
740 899 889 947 liquido
916 899 1071 936 constet.
1127 901 1319 938 Nondum
1349 904 1453 938 enim
1483 903 1670 948 innotuit,

64 950 201 1005 quibus
225 953 265 991 in
291 953 400 991 rebus
430 955 466 990 δε
493 953 699 1004 quousque,
742 952 894 990 effestus
924 952 1173 1005 superstitioni
1201 956 1371 993 attributi
1402 970 1444 994 ex
1471 955 1582 994 caulis
1610 970 1672 994 na-

63 1010 245 1048 turalibus
275 1010 512 1061 participent.
571 1008 737 1056 Ideoque
769 1009 857 1046 licet
891 1008 1106 1053 hujusmodi
1141 1012 1280 1047 artium
1318 1011 1425 1048 nsum
1460 1013 1497 1049 ὅ(
1530 1015 1673 1061 praxim

65 1067 208 1103 merito
226 1064 483 1101 damnandum
500 1062 726 1110 censeamuS,
755 1074 884 1100 tamen
905 1076 924 1101 a
939 1063 1191 1113 speculatione
1211 1068 1246 1103 ὃς
1263 1064 1562 1104 consideratione
1583 1068 1672 1116 ipsa—

67 1124 166 1168 rum,
205 1118 246 1168 (si
272 1118 418 1156 strenue
447 1119 693 1168 excutiantur)
725 1119 904 1155 notitiam
934 1119 1032 1157 haud
1062 1120 1236 1157 inutilem
1266 1121 1555 1170 consequemur,
1591 1135 1674 1161 non

65 1174 190 1214 solum
213 1174 260 1212 ad
282 1174 415 1211 deli&a
435 1175 476 1210 in
498 1173 573 1210 hoc
592 1185 730 1223 genere
752 1185 906 1211 reorum
932 1176 1003 1211 rite
1026 1174 1283 1221 dijudicanda;
1321 1175 1381 1213 sed
1405 1178 1520 1215 etiam
1542 1178 1587 1214 ad
1610 1190 1678 1221 na-¹

66 1233 172 1268 turae
198 1229 337 1267 secreta
365 1230 520 1266 ulterius
551 1228 731 1266 rimanda.
790 1230 927 1277 Neque
958 1240 1058 1267 certe
1085 1228 1340 1271 haesitandum
1370 1232 1418 1268 dc
1447 1232 1607 1281 ingressu
1637 1236 1674 1270 <Se
1692 1224 1719 1251 ·’

65 1287 326 1338 penetratione
343 1286 442 1321 intra
457 1283 670 1329 hujusmodi
693 1294 798 1320 antra
812 1285 849 1321 &
864 1283 1030 1333 receffus,
1059 1281 1085 1321 fi
1100 1283 1179 1334 quis
1194 1283 1259 1323 fibi
1275 1287 1425 1324 unicam
1440 1289 1603 1325 veritatis
1618 1288 1673 1325 in-

68 1338 310 1389 quisitionem
331 1348 538 1390 proponat3
580 1338 685 1387 quod
712 1340 749 1376 ὅ(
773 1337 935 1384 majestas
959 1349 1022 1377 tua
1049 1341 1225 1393 exemplo
1241 1342 1400 1391 proprio
1422 1341 1672 1380 confirmavit.

65 1397 131 1433 Tu
143 1397 263 1441 enim,
292 1394 439 1432 duobus
454 1393 525 1430 illis
538 1389 748 1430 clariffimis
769 1395 805 1430 ὅ(
820 1390 1038 1432 acutisfirnis
1054 1396 1249 1444 religionis
1264 1408 1306 1432 ac
1321 1396 1496 1434 naturalis
1511 1397 1674 1446 philoso-

66 1448 327 1500 phiae'oculis,
363 1449 454 1486 tales
479 1449 627 1485 umbras
647 1449 850 1498 prudenter
871 1461 913 1486 ac
936 1447 1190 1498 perspicaciter
1213 1450 1452 1501 perlustrasti3
1482 1462 1522 1488 ut
1546 1462 1582 1489 te
1604 1452 1674 1490 soli

66 1503 305 1543 simillimum
334 1502 558 1553 probaveris,
596 1504 661 1551 qui
687 1503 834 1553 polluta
859 1504 942 1540 loca
967 1505 1175 1553 ingreditur
1201 1517 1271 1542 nec
1289 1515 1417 1543 tamen
1441 1507 1674 1554 inquinatur.

70 1560 274 1598 Caeterum
300 1559 395 1596 illud
414 1558 645 1604 monuerim,
674 1559 909 1596 narrationes
929 1559 1005 1596 istas
1025 1560 1112 1596 cum
1129 1560 1237 1597 rebus
1252 1558 1503 1609 superstitiosis
1519 1563 1675 1603 conjun-

67 1613 155 1660 aas,
185 1613 349 1652 seorsum
366 1615 562 1662 componi,
593 1625 716 1661 neque
736 1624 824 1650 cum
843 1615 945 1663 puris
965 1615 1002 1651 δε
1016 1612 1162 1652 sinceris
1182 1616 1413 1653 naturalibus
1433 1617 1674 1654 commisceri

67 1680 258 1721 oportere.
314 1669 431 1722 Quod
453 1680 546 1706 vero
570 1668 615 1705 ad
636 1670 870 1705 narrationes
891 1671 1038 1715 attinet,
1068 1671 1164 1707 circa
1180 1671 1350 1720 prodigia
1374 1670 1600 1709 &miracula
1622 1685 1674 1708 re-

65 1727 277 1775 ligionnn13
306 1723 368 1761 illa
393 1734 491 1761 certe
506 1734 568 1760 ant
592 1736 673 1760 non
693 1725 824 1772 utique
839 1736 924 1762 vera
950 1723 1045 1772 sunt,
1076 1735 1138 1762 aut
1161 1726 1265 1763 nulla
1285 1738 1328 1763 ex
1348 1736 1451 1777 parte
1474 1728 1676 1768 natui·alia;

67 1782 234 1828 ideoque
247 1780 292 1817 ad
313 1778 499 1817 historiam
516 1781 723 1816 naturalem
741 1791 820 1815 non
836 1781 1041 1830 pertinent.

119 1835 383 1888 QUANTUM
396 1834 441 1871 ad
462 1833 652 1871 historiam
670 1843 821 1871 naturae
843 1833 1009 1872 subactae
1025 1837 1062 1872 ὅ(
1076 1834 1251 1882 ῑαᾶἱῑίειε,
1280 1848 1396 1885 quam
1415 1836 1673 1874 mechanicam

66 1891 254 1943 appellate
278 1889 463 1929 solemus;
491 1888 645 1926 invenio
668 1889 753 1926 sane
772 1890 1016 1927 eolleffioncs
1035 1890 1212 1939 quasdam
1227 1892 1274 1928 de
1294 1892 1529 1941 agricultura,
1559 1893 1674 1928 ctiam

66 1947 116 1982 dc
133 1946 275 1982 artibus
295 1944 553 1994 compluribus
576 1945 824 1981 mechanicis:
862 1945 923 1981 sed
949 1947 1051 1993 qnod
1076 1942 1277 1996 pcssimum
1297 1946 1347 1983 est
1365 1945 1404 1982 in
1425 1947 1498 1983 hoc
1523 1959 1672 1995 genere,

66 2000 212 2050 semper
236 2001 479 2049 negliguntur
495 2002 530 2036 ὅ(
553 1998 771 2044 rejiciuntur
786 2001 1052 2048 experimenta,
1082 2003 1122 2037 in
1145 2003 1286 2038 artibus
1302 1999 1454 2051 lingulis
1474 2000 1670 2038 familiaria

68 2059 105 2093 ὅ(
130 2056 301 2105 vulgata3
342 2067 436 2103 quae
462 2065 591 2092 tamen
616 2055 660 2091 ad
690 2056 1046 2104 interpretationem
1073 2067 1222 2093 naturae
1248 2069 1363 2104 acque
1391 2066 1453 2093 aut
1481 2057 1564 2105 plus
1590 2055 1676 2092 faci-

68 2121 138 2149 unt
156 2123 271 2159 quam
295 2112 422 2147 minus
443 2111 540 2147 trita.
597 2112 701 2148 Nam
723 2110 823 2146 labes
844 2111 1026 2158 quaedam
1047 2110 1160 2147 literis
1177 2111 1318 2163 aspergi
1342 2112 1522 2158 videatur,
1552 2109 1577 2147 si
1601 2111 1677 2148 for-

69 2177 109 2203 te
136 2168 206 2204 viti
234 2166 336 2202 dosii
361 2164 396 2202 se
425 2164 644 2202 submittant
668 2162 900 2213 inquisitioni
927 2176 988 2202 aut
1014 2165 1266 2203 observationi
1293 2178 1418 2203 rerum
1446 2166 1677 2204 mechanica-

69 2232 167 2266 rum,
196 2219 263 2257 nisi
285 2220 397 2257 fuerit
413 2232 554 2266 earum,
584 2232 678 2268 quae
698 2232 769 2269 pro
783 2222 925 2257 arcanis
949 2223 1035 2259 artis
1056 2231 1118 2258 aut
1137 2233 1208 2269 pro
1225 2221 1333 2259 rebus
1356 2221 1564 2258 admodum
1585 2222 1676 2258 ratis

70 2286 134 2313 aut
150 2275 346 2313 subtilibus
366 2284 608 2326 reputentur:
636 2275 753 2326 Quod
776 2284 855 2311 tam
878 2275 996 2311 inanis
1020 2287 1061 2312 ac
1086 2274 1343 2324 superciliosae
1367 2277 1603 2325 arrogantiae
1625 2277 1678 2313 vi-

70 2332 183 2376 tium,
210 2331 352 2368 merito
372 2327 481 2367 irrisit
502 2331 622 2376 Plato,
651 2329 805 2378 quando
828 2330 1006 2380 Hippiam
1026 2328 1223 2380 sophistam
1244 2331 1511 2376 jaeiabundum
1530 2329 1678 2368 inducit

70 2397 160 2422 cum
176 2386 328 2423 Socrate
343 2385 610 2434 disputantem,
638 2382 782 2421 fincero
798 2386 833 2421 ὅ(
850 2383 973 2421 solido
987 2384 1149 2423 veritatis
1165 2385 1423 2434 investigatore
1438 2399 1446 2422 ;
1471 2386 1562 2437 Qui,
1590 2397 1680 2423 cum

69 2441 123 2478 dc-
142 2439 423 2490 pulchritudine
446 2439 570 2477 sermo
594 2439 781 2477 institutus
804 2438 903 2486 ess'et,
939 2451 1009 2489 pro
1033 2452 1130 2489 vago
1154 2439 1221 2477 suo
1249 2442 1285 2477 ὅ(
1311 2439 1438 2477 soluto
1464 2439 1681 2492 disputandi

67 2507 191 2543 more,
224 2497 394 2545 primum
420 2496 550 2532 intulit
578 2496 792 2546 exemplum
817 2495 973 2544 virginis
998 2492 1185 2545 pulchrae,
1222 2495 1312 2532 dein
1340 2507 1456 2544 equae
1483 2495 1677 2547 pulchrae,

68 2547 260 2600 postremo
283 2551 382 2588 ollae
401 2549 524 2587 fiunis
547 2549 723 2600 pulchrae
747 2551 784 2586 ὅ(
804 2548 942 2586 affabre
962 2549 1097 2587 saetae:
1126 2551 1211 2587 Hoc
1232 2551 1371 2587 ultimo
1392 2551 1567 2602 exemplo
1586 2551 1680 2602 Hip-

69 2607 147 2655 pias
168 2615 400 2652 commotus,
437 2605 551 2642 dixit:
581 2601 853 2642 Stomacharer
873 2611 989 2651 certe,
1030 2601 1118 2655 (⁷²2⁴st
1131 2602 1396 2642 humanitatis
1422 2606 1524 2643 ratio
1550 2617 1608 2642 me
1632 2617 1674 2642 eo

70 2657 277 2712 adigeret,)
314 2671 399 2698 cum
419 2671 608 2713 quoquam
627 2657 836 2712 disputare,
865 2660 932 2713 qui
957 2657 1133 2712 exempla
1151 2666 1233 2697 tam
1257 2657 1360 2698 vilia
1377 2656 1424 2702 ὠ·
1438 2657 1603 2712 ]ὸνα’ὶιίιι
1622 2658 1679 2699 al-

70 2713 231 2767 legaret.
254 2724 258 2728 ’
287 2715 366 2753 Cui
388 2717 570 2763 Socrates,
602 2711 657 2752 Te
675 2711 830 2767 quidem
850 2714 911 2752 ita
926 2711 1048 2762 decet,
1079 2726 1163 2752 cum
1184 2721 1266 2752 tam
1281 2711 1424 2752 nitidis
1431 2712 1490 2765 fis
1509 2714 1678 2753 amasius

71 2766 242 2820 vgstibus
267 2765 316 2812 ἐφ’
338 2768 518 2821 pulchris
544 2767 709 2807 calceis.-
748 2772 785 2808 &
813 2770 882 2807 alia
907 2782 972 2820 per
1000 2771 1178 2806 ironiam.
1237 2771 1457 2818 Enimvero,
1494 2771 1589 2808 illud
1613 2784 1685 2823 pro

70 2834 178 2862 certo
198 2824 302 2862 afferi
318 2821 445 2874 possit,
475 2825 630 2875 grandia
655 2826 824 2875 exempla
839 2824 937 2862 haud
961 2824 1147 2875 optimam
1165 2835 1227 2862 aut
1242 2821 1465 2863 tutissimam
1481 2825 1614 2863 afferre
1630 2828 1685 2863 in-

73 2879 360 2917 formationem.
416 2881 457 2918 Id
481 2880 586 2929 quod
609 2880 829 2929 exprimitur
850 2891 931 2916 non
955 2879 1090 2916 insulse
1111 2881 1150 2916 in
1175 2880 1388 2931 pervulgata
1409 2882 1471 2918 illa
1492 2880 1615 2919 fabula
1638 2882 1685 2918 de

73 2933 326 2985 philosopho:
364 2934 429 2984 qui
452 2948 540 2973 cum
567 2933 684 2972 stellas
710 2934 858 2973 sublatis
883 2936 1003 2971 oculis
1028 2935 1251 2983 intueretur,
1289 2935 1423 2973 incidit
1455 2937 1495 2972 in
1522 2947 1683 2984 aquam:

76 2986 231 3028 Nam-fi
254 2988 616 3036 oculosdemisiss'et,
644 2988 762 3027 stellas
786 2990 891 3026 illico
911 2991 951 3026 in
977 3001 1069 3038 aqua
1089 2990 1216 3027 videre
1238 2987 1411 3042 potuiss'ct
1431 3005 1441 3031 3
1481 3002 1610 3028 verum
1631 2989 1686 3026 su·

76 3042 232 3092 spiciens
256 3045 296 3081 in
313 3045 477 3092 coelum,
504 3057 641 3093 aquam
656 3043 696 3082 in
710 3044 820 3082 stellis
844 3045 970 3083 videre
985 3057 1065 3081 non
1082 3046 1217 3094 potuit.
1275 3046 1422 3082 Eodem
1445 3046 1566 3081 modo
1583 3044 1686 3094 saepe

77 3097 222 3144 ademit,
242 3107 301 3135 >ut
326 3111 382 3139 res
401 3102 570 3139 minutae
597 3101 635 3137 ὅ(
660 3099 834 3146 humiles,
872 3101 952 3150 plus
974 3100 1172 3138 conferant
1200 3101 1244 3137 ad
1269 3102 1447 3138 notitiam
1472 3100 1690 3149 grandium,

130 3153 238 3192 VOL.
268 3154 295 3191 I.
904 3156 918 3192 1
938 3165 955 3190 2
1575 3166 1691 3201 quarn

1745 195 1807 260 67
