2040 3439
176 236 246 303 :4²

389 214 488 269 DE
541 208 1046 267 AUGMEN'Tis
1106 202 1935 267 sciENT1ARUM.Lis2.1.

324 318 467 365 judicio
486 324 630 364 recepta
651 315 688 350 ὃς
702 311 909 362 descripta3
938 317 979 345 ut
995 308 1114 355 liquet
1131 318 1173 343 ex
1192 305 1335 356 scriptis
1349 306 1478 352 Plinii,
1496 306 1678 353 Cardani,
1697 307 1867 353 Alberti,
1880 310 1940 349 ’ὃς

326 374 584 426 plurimorum
609 379 652 405 cx
668 366 873 411 Arabibus,
902 375 997 412 quae
1019 360 1298 398 commentitiis
1313 363 1350 399 δε
1369 358 1546 398 fabulosis
1561 362 1841 399 narrationibus
1865 361 1941 411 pai:

326 426 395 466 fim
420 426 572 471 scatent,
602 421 717 470 iisque
733 432 815 457 non
830 419 954 456 solum
970 417 1125 454 incertis
1151 418 1188 453 δε
1207 417 1431 465 neutiquam
1454 416 1634 467 probatis,
1665 415 1727 453 sed
1749 418 1942 469 perspicue

329 481 425 520 falsis
448 483 484 518 ὃς
510 476 705 516 manifesto
728 475 930 514 conv1ffi33
959 471 1104 521 ingenti
1128 469 1388 522 philosophiae
1412 472 1591 508 naturalis
1615 471 1814 518 dedecore,
1844 473 1944 522 apud

331 536 499 574 hominis
523 543 650 583 graves
673 533 710 568 ὅ(
726 529 881 566 sobrios.
937 528 980 565 In
996 539 1075 576 quo
1096 525 1180 563 sanc
1208 525 1380 564 elucescit
1393 525 1608 563 Aristotelis
1631 525 1808 575 sapientia
1831 530 1868 565 ὅ(
1888 529 1947 568 inc-

331 593 498 642 tegritas,
520 586 596 636 qui,
613 598 701 624 cum
717 585 943 634 diligentem
958 581 1144 633 scripserit
1160 592 1274 631 atque
1288 591 1498 619 accuratam
1515 579 1707 618 historiam
1723 584 1950 624 animalium

331 659 410 685 tam
427 655 535 695 parce
553 642 636 679 fida
657 650 719 677 aut
735 638 903 677 fabulosa
919 636 1158 675 admiscuerit
1175 650 1182 672 :
1213 638 1308 685 quin
1323 637 1449 686 potius
1465 635 1678 673 auditiones
1699 637 1952 685 admirandas,

332 713 422 750 quas
439 706 657 736 memoratu
674 696 806 745 dignas
823 691 1010 740 judicavit,
1041 693 1082 730 in
1107 704 1228 729 unum
1258 692 1624 729 commentariolum
1641 694 1806 737 conjecit
1825 707 1833 729 ι
1863 700 1948 743 prur

335 757 470 794 denter
485 752 722 806 perpendens
745 749 940 803 perspicue
962 760 1049 786 vera
1078 746 1190 797 (quae
1206 757 1390 796 tanquam
1419 743 1511 783 basis
1540 749 1791 798 experientiae
1817 748 1953 795 solida,

336 808 601 862 philosophiae
620 809 655 844 ὅ(
673 805 836 843 scientiis
866 804 1042 842 substerni
1063 799 1220 855 possint)
1245 801 1344 840 haud
1371 812 1516 853 temere
1542 802 1613 839 ess'e
1640 814 1728 848 cum
1757 802 1866 841 rebus
1896 804 1950 844 sn-

338 866 479 916 spectae
501 864 587 900 fidei
609 861 820 902 miscendas
851 863 889 898 δε
917 858 1039 897 rursus
1065 859 1181 896 ctiam
1205 869 1286 894 rara
1308 868 1421 906 atque
1450 856 1614 903 insolita,
1643 870 1739 906 quae
1769 859 1955 910 plerisque

339 918 576 959 incredibilia
595 918 783 964 videntur,
801 928 882 953 non
897 913 1063 952 omnino
1078 913 1148 951 ess'e
1164 913 1439 964 supprimenda,
1467 924 1592 962 neque
1609 915 1820 957 memoricie
1834 915 1949 965 poste-

339 987 472 1014 rorum
496 973 726 1023 deneganda.

394 1031 466 1068 Ar
497 1031 559 1067 illa
580 1030 692 1066 altera
707 1026 904 1064 credulitas
924 1037 1018 1077 quae
1040 1036 1124 1062 non
1146 1023 1319 1061 historiae
1343 1033 1404 1061 aut
1420 1023 1725 1071 narrationibus,
1740 1022 1802 1061 sed
1817 1023 1957 1067 artibus

336 1090 380 1125 ἃ
403 1084 652 1135 opinionibus
677 1083 855 1120 tribuitur
879 1082 1016 1133 duplex
1039 1080 1113 1117 est:
1142 1089 1204 1116 aur
1221 1090 1308 1117 cum
1324 1080 1464 1117 artibus
1479 1076 1577 1128 ipsis,
1602 1089 1666 1126 aut
1680 1092 1770 1123 cum
1794 1078 1960 1123 author}

343 1144 413 1180 bus
429 1143 469 1178 in
485 1150 563 1177 arte
579 1139 744 1175 nimium
765 1137 963 1174 credimus.
1020 1135 1136 1172 Artes
1158 1133 1269 1184 ipsae,
1298 1146 1393 1184 quae
1408 1135 1491 1185 plus
1505 1134 1646 1172 habent
1661 1147 1704 1172 ex
1718 1133 1907 1188 phantafia
1921 1137 1960 1174 δ(

342 1198 416 1235 fide
441 1206 554 1246 quam
585 1206 628 1231 ex
654 1195 800 1230 ratione
815 1194 851 1229 δε
867 1189 1269 1236 demonstrationibus,
1298 1189 1383 1227 sunt
1407 1191 1606 1241 praecipue
1629 1199 1716 1236 tres,
1744 1188 1956 1240 astrologia,

340 1250 525 1290 'naturalis
540 1251 663 1299 magia
687 1251 723 1286 ἃ
739 1247 952 1295 alchymias
983 1256 1143 1294 quarum
1166 1255 1297 1282 tamen
1311 1244 1404 1282 fines
1420 1257 1501 1281 non
1518 1244 1602 1282 sunt
1617 1245 1816 1294 ignobiles.
1872 1247 1963 1285 Pro-

339 1307 472 1345 'fitetur
493 1306 598 1341 enim
611 1303 810 1352 astrologia
827 1301 1064 1353 superiorum
1080 1301 1121 1337 in
1136 1299 1318 1338 inferiora
1333 1299 1518 1337 influxmn
1533 1301 1572 1337 ὃ(
1583 1300 1826 1345 dominatum
1842 1302 1960 1341 reclu-

343 1362 461 1399 dere:
492 1361 620 1409 Magia
648 1351 714 1396 fibi
742 1358 925 1407 proponit
950 1356 1160 1394 naturalem
1183 1353 1466 1405 philosophiam
1488 1367 1508 1391 a
1536 1352 1715 1399 varietate
1744 1355 1963 1406 speculatio?

348 1429 443 1455 num
467 1416 512 1452 ad
530 1413 840 1464 magnitudinem
869 1424 1030 1463 operum
1051 1422 1227 1449 revocare
1245 1424 1253 1446 :
1285 1410 1474 1459 Chymica
1488 1409 1527 1447 in
1545 1409 1581 1447 se
1596 1409 1744 1461 suscipit
1759 1422 1882 1463 partes
1908 1423 1964 1449 re—

345 1484 436 1509 rum
456 1471 739 1520 heterogeneas,
771 1480 865 1517 quae
885 1469 927 1504 in
946 1466 1171 1517 corporibus
1184 1466 1416 1503 naturalibus
1432 1466 1552 1502 latent
1575 1468 1612 1503 ὅ(
1627 1466 1886 1516 implicantur,
1913 1466 1965 1505 se}

348 1538 479 1580 parare
503 1529 539 1563 Se
568 1524 786 1562 extrahere:
815 1534 1049 1573 corporaque
1074 1520 1149 1572 ipsa
1163 1522 1361 1570 inquinata
1375 1521 1569 1571 deputare,
1597 1521 1782 1573 impedita
1795 1521 1966 1570 liberare,

352 1585 556 1620 immatura
570 1579 760 1630 perficere.
820 1579 892 1617 Sed
908 1580 987 1616 viae
1003 1589 1115 1626 atque
1132 1578 1309 1624 rationes,
1337 1589 1432 1628 quae
1456 1576 1592 1613 ducere
1616 1586 1796 1627 putantur
1821 1577 1867 1617 ad
1895 1578 1967 1616 hos

349 1637 445 1675 fines
459 1648 538 1673 tam
554 1637 594 1672 in
606 1633 751 1672 theoria
767 1635 916 1672 illarum
932 1635 1070 1671 artium
1086 1643 1201 1682 quam
1217 1630 1258 1668 in
1272 1634 1388 1682 praxi,
1418 1633 1556 1669 erroris
1571 1633 1608 1669 &
1623 1644 1812 1682 nugarum
1836 1633 1970 1683 plenae

354 1692 452 1730 sunt.
510 1693 649 1739 Neque
664 1690 760 1727 adeo
774 1690 932 1727 traditio
951 1688 1126 1741 ipsarum,
1154 1697 1196 1724 ut
1224 1688 1446 1739 plurimum,
1476 1687 1633 1725 candida
1651 1687 1702 1729 est
1721 1686 1784 1729 sed
1804 1686 1968 1726 artificiis

354 1745 558 1785 &latebris
574 1745 730 1784 munita.
790 1745 998 1794 Chymicae
1019 1755 1148 1781 tamen
1177 1743 1252 1780 hoc
1281 1753 1382 1780 certe
1406 1743 1563 1779 debetur
1586 1742 1693 1790 quod
1717 1754 1803 1780 vere
1817 1755 1967 1795 compa?

356 1804 428 1839 rari
461 1798 576 1852 possit
609 1801 796 1851 agricolae
833 1800 931 1852 apud
961 1798 1183 1850 AEsopum,
1221 1799 1286 1847 qui
1316 1811 1336 1835 e
1364 1800 1439 1836 vita
1468 1799 1632 1835 exiturus
1664 1798 1757 1835 dixit
1785 1797 1884 1846 filiis,
1923 1796 1972 1836 Se

357 1855 442 1895 illis
465 1857 549 1894 vim
565 1865 743 1908 magnam
764 1855 851 1894 auri
867 1855 907 1893 in
924 1855 1055 1901 vinea,
1084 1865 1154 1892 nec
1166 1852 1278 1906 fictis
1292 1850 1500 1903 meminff¹
1515 1865 1586 1906 quo
1601 1850 1680 1890 loco
1694 1850 1889 1905 defoff'am‚
1917 1858 1972 1892 rei-

357 1909 531 1965 liquiffe:
559 1913 638 1963 Qui
667 1923 756 1949 cum
784 1912 935 1949 vineam
964 1911 1167 1960 diligenter
1197 1909 1392 1958 ligonibus
1410 1909 1550 1956 ubique
1580 1908 1815 1947 invertissent
1839 1920 1974 1947 aurum

359 1968 516 2016 quidem
538 1977 755 2017 repererunt
771 1966 933 2012 nullum,
965 1965 1025 2003 sed
1040 1977 1169 2003 tamen
1185 1964 1417 2002 vindemiam
1438 1964 1670 2012 insequentis
1690 1965 1792 2010 anni,
1821 1975 1978 2015 propter

358 2017 567 2060 fossionem
578 2024 675 2059 circa
691 2022 830 2060 radices
845 2023 994 2070 vitium,
1010 2023 1179 2059 tulerunt
1195 2021 1312 2070 longe
1327 2020 1556 2057 uberrimam
1576 2033 1583 2054 z
1604 2016 1650 2056 fic
1665 2019 1804 2057 strenui
1820 2018 1876 2059 illi
1889 2020 1975 2070 chy-

360 2077 550 2124 mistarum
566 2078 712 2114 labores
727 2079 764 2115 ὃς
779 2078 984 2120 molimina
999 2079 1097 2114 circa
1111 2087 1245 2113 aurum
1258 2074 1541 2112 conficiendum
1567 2074 1665 2112 haud
1693 2076 1818 2124 paucis
1837 2075 1977 2114 nobili·

363 2133 430 2171 bus
446 2134 608 2170 inventis
624 2135 661 2170 ὅ(
677 2134 955 2185 experimentis,
983 2143 1067 2170 tum
1083 2131 1128 2168 ad
1143 2129 1379 2168 reserandam
1395 2139 1580 2176 naturam,
1609 2140 1694 2168 tum
1720 2129 1765 2167 ad
1781 2129 1865 2168 usus
1879 2131 1978 2169 vitae

363 2189 533 2241 apprime
551 2188 712 2235 idoneis,
742 2185 841 2236 quasi
858 2187 978 2225 facem
994 2186 1259 2238 accenderunt.
1902 2232 1906 2236 .

364 2259 367 2262 ·
416 2244 535 2280 ILLA
561 2253 687 2280 autem
704 2243 916 2289 credulitas,
947 2255 1042 2291 quae
1059 2252 1184 2280 certos
1208 2241 1449 2278 scientiarum
1466 2239 1642 2277 authores
1670 2239 1867 2278 didiatoria
1894 2253 1980 2289 qua-

364 2299 452 2336 dam
472 2298 649 2348 potestate
664 2297 842 2346 munivit,
871 2308 912 2336 ut
927 2296 1088 2345 edicant,
1116 2309 1199 2334 non
1226 2296 1412 2334 senatoria
1433 2307 1473 2333 ut
1489 2294 1700 2342 consulant,
1729 2297 1864 2346 ingens
1879 2297 1980 2333 dam-

367 2366 460 2391 num
476 2353 640 2391 scientiis
656 2354 798 2400 intulit,
827 2364 1009 2402 tanquam
1024 2353 1219 2405 praecipua
1236 2350 1340 2388 causa
1355 2363 1448 2399 quac
1473 2361 1671 2400 tantopere
1700 2351 1781 2388 illas
1796 2347 1929 2388 afflixit
1944 2354 1982 2389 ὅ(

369 2405 557 2458 depressit,
589 2420 629 2446 ut
659 2409 795 2458 absque
816 2407 951 2459 insigni
966 2410 1098 2458 aliquo
1110 2418 1318 2458 augmento
1334 2419 1518 2457 exangues
1532 2407 1704 2452 jacerent.
1762 2405 1984 2445 Hi'ncnem'-

370 2477 415 2515 pe
442 2464 581 2501 fadum
609 2464 669 2510 est,
710 2475 751 2502 ut
789 2465 830 2501 in
868 2462 1005 2502 artibus
1042 2463 1271 2501 mechanicis
1309 2462 1424 2515 primi
1467 2463 1685 2498 inventores
1726 2472 1841 2511 pauca
1877 2473 1999 2500 exeo-x

372 2520 584 2567 giraverint,
614 2530 764 2571 tempus
792 2518 934 2568 reliqua
960 2519 1185 2569 suppleverit
1214 2519 1251 2555 ὃς
1279 2517 1502 2570 perfecerim
1531 2527 1567 2553 at
1596 2518 1637 2553 in
1667 2515 1842 2563 scientiis,
1870 2518 1986 2567 primi

372 2574 549 2609 authores
584 2572 801 2624 longiliime
827 2575 1120 2626 penetraverint,
1156 2584 1304 2624 tempus
1319 2574 1482 2622 plurima
1497 2571 1694 2609 detriverit
1709 2573 1747 2609 &
1761 2573 1986 2622 corruperit.

376 2629 438 2664 Sic
457 2628 637 2676 videmus,
666 2632 968 2677 tormentariam,
996 2630 1200 2674 nauticam,
1231 2627 1552 2679 typographicam,
1583 2625 1649 2664 sub
1673 2628 1793 2664 initiis
1815 2625 1988 2678 imperfe-

375 2683 448 2720 cias
465 2685 500 2719 ὃ(
515 2687 795 2733 propemodum
811 2685 997 2723 informes
1013 2683 1129 2731 fuiss'e,
1159 2685 1196 2720 ὃς
1211 2682 1468 2720 exercentibus
1483 2681 1673 2729 onerosas,
1696 2684 1880 2734 temporis
1895 2694 1989 2721 vero

378 2737 569 2787 progress'u
590 2741 767 2788 expolitas
791 2743 827 2779 ὅ(
851 2740 1129 2779 accommodas.
1184 2738 1240 2776 At
1261 2748 1393 2776 contra
1413 2737 1672 2787 philosophiae
1687 2740 1724 2775 ὃ(
1744 2737 1921 2775 scientiae
1934 2738 1988 2774 A-

383 2791 566 2839 ristotelis,
597 2795 775 2843 Platonis,
805 2797 1036 2844 Democriti,
1065 2795 1317 2844 Hippocratis,
1344 2793 1524 2840 Euclidis,
1552 2793 1810 2840 Archimedis,
1838 2794 1881 2832 in
1908 2792 1990 2845 ipfis

382 2846 452 2883 illis
473 2849 693 2885 authoribus
707 2852 920 2899 viguerunt,
950 2852 1070 2891 rtatim
1084 2850 1268 2900 temporis
1282 2849 1560 2899 degenerarunt
1583 2849 1720 2900 potiuS,
1751 2851 1787 2886 &
1809 2861 1892 2886 non
1920 2850 1990 2890 mi-

385 2904 533 2939 nimum
560 2903 763 2952 splendoris
787 2907 1013 2945 amiserunt:
1046 2906 1167 2952 Cujus
1191 2903 1244 2942 rei
1265 2916 1348 2941 non
1376 2904 1424 2941 est
1445 2905 1516 2941 alia
1534 2905 1646 2949 ratio,
1675 2916 1789 2952 quam
1818 2902 1923 2953 quod
1949 2904 1992 2940 in

383 2958 523 2994 artibus
538 2959 764 2996 mechanicis
787 2962 936 3011 ingenia
952 2963 1163 3000 multorum
1194 2961 1236 2998 in
1269 2972 1390 2997 unum
1414 2961 1600 3005 coierunt,
1629 2960 1672 2996 in
1700 2959 1840 2997 artibus
1863 2961 1900 2995 ὅ(
1928 2956 1992 2995 sci-

383 3013 495 3049 entiis
522 3013 735 3050 liberalibus
764 3014 912 3064 ingenia
945 3019 1159 3055 multorum
1183 3015 1249 3053 sub
1277 3027 1359 3052 uno
1386 3012 1687 3054 succubuerunt5
1717 3026 1832 3062 quem
1861 3024 1992 3052 tamen

380 3067 501 3116 jpsum
532 3067 800 3120 saepenumero
831 3070 999 3119 stquaees
1024 3072 1076 3110 sui
1100 3072 1228 3122 potius
1241 3070 1490 3120 depravarunt
1505 3081 1620 3120 quarn
1636 3069 1873 3108 illustrarunt.
1931 3068 1993 3108 Ut

1887 3135 1992 3160 euim
