2040 3439
163 197 227 252 βε

377 191 475 238 DE
531 186 1026 237 AUGMENTIS
1078 182 1678 232 SCIENTIARUM.
1735 179 1905 234 Lib.II.

304 288 442 338 quippe
479 285 662 329 videmus,
704 294 784 318 non
819 281 935 317 libros
972 281 1103 330 magis,
1145 291 1260 328 quam
1294 279 1471 329 sphaeras,
1512 279 1661 329 globos,
1702 279 1906 331 astrolabia,

306 353 457 394 mappas
485 343 521 377 ὅ(
549 340 618 375 alia
646 336 789 382 similia,
827 346 868 372 ut
897 334 1124 372 adminicula
1149 334 1332 383 quaedam
1358 335 1606 372 astronomiae
1634 337 1671 372 &
1696 336 1910 387 cosmogra-

306 398 426 446 phiae,
456 393 665 443 comparari
687 394 723 428 ὅ(
738 391 859 427 studio
873 390 1051 439 praeberi.
1107 389 1292 427 Videmus
1308 388 1433 436 etiam,
1463 390 1546 427 loca
1566 391 1763 438 nonnulla,
1793 393 1911 430 medi-

307 454 413 489 cinae
434 449 555 487 studio
569 449 703 492 dicata,
731 445 862 482 hortos
877 445 1012 482 habere
1030 456 1101 494 pro
1121 442 1343 494 simplicium
1357 443 1533 493 cujusque
1555 447 1701 493 generis
1717 446 1913 496 inspee'tio-

308 520 357 544 ne
380 509 418 543 ὃς
440 504 598 543 notitia3
633 513 704 538 nec
726 499 794 538 usu
817 509 1061 537 mortuorum
1083 511 1289 550 corporum
1312 500 1358 536 ad
1381 498 1659 538 observationes
1681 503 1913 540 anatomicas

308 562 464 598 destitui.
522 559 727 595 Caeterum
750 555 840 592 haec
855 556 900 592 ad
919 567 1033 607 pauca
1057 554 1230 605 spectant.
1286 556 1330 592 In
1353 567 1490 604 genere
1511 567 1582 605 pro
1597 565 1701 592 certo
1721 555 1914 605 habeatur,

307 626 480 665 magnos,
510 614 549 649 in
569 612 678 649 rebus
700 621 853 648 naturae
877 610 1010 648 abditis
1032 611 1206 648 eruendis
1229 612 1265 648 ὃς
1286 609 1500 655 reserandis,
1528 610 1734 661 progressus
1753 609 1811 649 vix
1833 611 1914 650 ficri

311 670 422 721 poll'e,
452 666 520 705 nisi
534 667 579 704 ad
603 667 868 716 experimenta,
898 663 969 702 five
991 666 1155 703 Vulcani
1180 663 1252 703 five
1275 664 1442 711 Daedali,
1474 665 1650 712 (fornacis
1672 664 1822 714 scilicet,
1849 677 1913 705 aut

314 725 520 769 machinae,
550 723 610 761 vel
631 720 883 769 cujuscunque
897 721 1048 758 alterius
1070 719 1241 770 generis,)
1275 720 1443 770 sumptus
1458 720 1605 757 abunde
1620 720 1911 770 suppeditentur.

312 781 479 828 Ideoque
493 777 582 816 ficut
602 776 813 827 principum
831 775 1031 813 secretariis
1054 778 1091 813 ὃς
1106 774 1294 813 emissariis
1317 773 1536 812 conceditur
1551 775 1724 812 exhibere
1747 778 1912 814 rationes

313 835 554 885 expensarum
569 844 639 884 pro
655 832 861 880 diligentiis
878 830 960 877 suis,
991 833 1030 868 in
1046 831 1278 881 explorando
1293 833 1330 868 ὅ(
1345 830 1515 868 eruendo
1529 842 1586 866 res
1601 842 1716 868 novas
1731 833 1767 868 δε
1782 843 1914 870 arcana

313 889 453 931 civilia5
490 887 658 925 similiter
680 889 715 924 ὃ(
739 886 1037 935 exploratoribus
1058 899 1099 923 ac
1122 886 1414 936 speculatoribus
1438 896 1592 922 naturae
1615 884 1914 924 satisfaciendum

314 948 360 983 de
389 942 552 997 expensis
580 943 670 983 fuiss
709 943 794 978 alias
813 941 859 977 de
883 943 1170 993 quamplurimis
1198 941 1289 978 scitu
1315 937 1541 990 digniffimis
1561 952 1756 992 nunquam
1785 940 1917 980 fiemus

314 1003 502 1038 certiores,
561 1000 599 1035 Si
618 999 721 1034 enim
738 997 951 1033 Alexander
967 1009 1143 1046 magnam
1158 998 1236 1034 vim
1257 997 1434 1046 pecuniae
1450 995 1693 1046 suppeditavit
1707 995 1917 1045 Aristoteli,

316 1068 387 1108 qua
416 1055 643 1092 conduceret
680 1062 887 1097 venatore5,
930 1063 1100 1103 aucupes,
1142 1051 1341 1102 piscatores
1375 1053 1412 1088 ὅ(
1441 1052 1546 1097 alios,
1593 1062 1672 1099 quo
1702 1051 1916 1090 instructior

315 1112 507 1148 accederet
536 1109 580 1145 ad
615 1107 924 1144 conscribendam
957 1106 1147 1144 historiam
1182 1108 1416 1152 animalium,
1459 1117 1557 1143 certe
1586 1106 1704 1149 majus
1737 1105 1917 1155 quiddam

317 1167 475 1203 debetur
495 1167 550 1210 iis,
581 1162 643 1211 qui
664 1164 801 1198 nonin
827 1160 975 1198 saltibus
989 1172 1142 1200 naturae
1164 1171 1368 1214 pererrant,
1397 1160 1515 1198 sedin
1535 1160 1756 1209 labyrinthis
1779 1163 1918 1201 artium

316 1223 416 1259 viam
436 1219 500 1256 fibi
516 1220 698 1270 aperiunt.

371 1277 627 1312 DEFEerUs
649 1274 859 1309 etiamnum
879 1272 971 1308 alius
987 1272 1098 1309 nobis
1117 1269 1380 1319 observandus,
1410 1269 1551 1322 (magni
1569 1281 1669 1309 certe
1689 1274 1878 1310 momenti
1891 1273 1918 1321 3)

321 1330 511 1380 negleelus
542 1328 695 1376 quidam
723 1327 784 1372 est,
823 1328 863 1363 in
891 1327 1166 1364 academiarum
1194 1327 1413 1374 rectoribus,
1449 1326 1754 1368 consultationis3
1789 1329 1831 1364 in
1861 1339 1916 1365 re-

319 1387 426 1435 gibus
448 1382 518 1422 five
543 1383 805 1432 superioribuS,
833 1380 1068 1428 visitationis,
1097 1383 1138 1418 in
1153 1381 1254 1420 hune
1274 1381 1403 1429 finem,
1431 1393 1473 1419 ut
1493 1382 1695 1432 diligenter
1716 1379 1923 1420 confidere-

320 1452 382 1478 tur
412 1443 449 1477 ὃ(
477 1438 738 1490 perpendatur,
779 1447 907 1474 utrum
935 1436 1212 1486 praeleffiones,
1253 1436 1534 1488 disputationes,
1574 1438 1718 1485 aliaque
1746 1438 1921 1475 exercitia

322 1493 545 1540 scholastica,
581 1494 787 1541 antiquitus
814 1492 978 1529 instituta
1003 1494 1039 1528 ὅ(
1067 1491 1112 1528 ad
1133 1491 1256 1529 nostra
1282 1492 1398 1541 usquc
1426 1503 1599 1542 tempora
1624 1490 1763 1539 usitata,
1799 1494 1921 1530 conti-

320 1562 437 1588 nuare
459 1550 573 1586 fuerit
597 1560 640 1584 ex
660 1547 738 1593 usu,
769 1548 828 1583 vel
847 1549 973 1598 potius
996 1548 1200 1595 antiquare,
1229 1548 1374 1595 aliaque
1397 1548 1556 1585 meliora
1579 1545 1804 1586 substituere,
1859 1549 1924 1585 Et-

321 1605 424 1644 enim
440 1606 541 1642 inter
564 1602 758 1645 maiestatis
773 1612 858 1639 tuae
877 1614 1040 1639 canones
1055 1598 1377 1654 prudentissimos,
1407 1603 1517 1639 illum
1538 1603 1707 1654 reperi03
1758 1600 1808 1640 In
1821 1602 1924 1640 omni

321 1659 393 1699 ‘vel
411 1655 692 1711 confitetudine,
722 1655 794 1694 vel
811 1655 992 1708 exemplo,
1030 1663 1199 1708 tempora
1211 1654 1427 1709 speHanda
1438 1656 1550 1709 fimf,
1579 1653 1730 1710 quando
1744 1657 1921 1710 primum

323 1728 386 1754 res
414 1721 545 1767 coepta
562 1727 574 1751 .·
619 1714 660 1751 in
690 1709 827 1766 quibus
848 1709 890 1760 st
912 1710 982 1750 vel
1005 1709 1165 1764 configsz'o
1193 1713 1422 1765 regna-verit
1449 1711 1520 1750 vel
1546 1711 1718 1764 institia,
1757 1710 1919 1766 derogat

322 1769 426 1809 illud
449 1769 639 1822 imprimis
663 1765 903 1806 authoritati
926 1779 1062 1814 rerum,
1101 1774 1219 1820 atque
1243 1767 1369 1805 omnia
1392 1765 1521 1805 reddit
1534 1766 1726 1820 fitspec‘la.
1781 1769 1923 1819 Quam-

322 1828 470 1872 obrem,
514 1823 822 1874 quandoquidem
859 1823 1134 1860 academiarum
1163 1823 1326 1860 instituta
1361 1824 1571 1874 plerunque
1607 1824 1797 1872 originem
1828 1833 1924 1861 trax-

324 1884 422 1919 erint
443 1893 463 1918 a
478 1880 725 1929 temporibus,
756 1877 852 1915 hisee
866 1877 998 1915 nostris
1020 1878 1117 1915 haud
1136 1879 1251 1930 paulo
1266 1877 1546 1916 obscurioribus
1567 1880 1604 1915 δε
1623 1878 1897 1917 indoffloribus
1910 1892 1924 1920 3

323 1949 372 1974 eo
395 1938 511 1985 magis
531 1936 723 1979 convenit,
754 1945 794 1971 ut
820 1934 981 1971 examini
1001 1933 1130 1970 denuo
1152 1933 1403 1977 subjiciantur.
1459 1935 1685 1985 Exemplum
1708 1932 1746 1970 in
1767 1934 1842 1971 hoc
1862 1945 1924 1984 ge-

324 2004 426 2038 nere,
455 2002 574 2028 unum
590 2000 651 2026 aut
675 1990 834 2026 alterum
851 2000 1085 2040 proponam3
1114 1990 1155 2025 in
1178 1989 1287 2026 rebus
1302 2001 1396 2038 quae
1419 1988 1578 2025 maxime
1594 1989 1726 2026 obviae
1749 1989 1924 2026 videntur

323 2049 361 2084 ὃ(
381 2045 588 2083 familiares.
645 2046 720 2081 Pro
743 2056 851 2081 more
875 2053 1066 2095 receptum
1090 2042 1150 2090 est,
1182 2044 1295 2091 (licet,
1325 2046 1380 2081 uti
1403 2044 1498 2081 mihi
1521 2043 1677 2090 videtur,
1714 2045 1923 2095 perperam)

324 2113 364 2139 ut
387 2104 578 2138 literarum
600 2097 746 2136 studiosi
770 2100 946 2148 logicam,
983 2101 1020 2135 ὅς
1041 2099 1280 2146 rhetoricam,
1308 2111 1555 2151 praepropere
1580 2101 1693 2136 nimis
1712 2098 1924 2140 addiscant3

324 2168 419 2195 artes
448 2156 532 2193 sane
565 2155 861 2205 provestioribus
890 2152 1006 2203 magis
1042 2155 1323 2201 convenientes,
1367 2166 1481 2202 quam
1508 2155 1631 2206 pueris
1661 2156 1697 2191 ὃ(
1726 2154 1923 2192 tironibus.

324 2213 478 2249 Etenim
502 2211 569 2247 hae
585 2211 690 2256 duae,
720 2208 744 2246 fi
767 2221 851 2247 vere
868 2221 923 2245 res
944 2209 1206 2258 perpendatur,
1237 2209 1321 2246 sunt
1342 2221 1385 2246 cx
1409 2210 1548 2247 artibus
1567 2205 1807 2259 gravissimis3
1837 2221 1926 2247 cum

326 2266 395 2304 Hnt
423 2273 530 2304 artes
556 2265 713 2309 artium,
751 2266 864 2301 altera
887 2268 933 2300 ad
961 2263 1140 2309 judicium
1169 2265 1283 2301 altera
1305 2264 1350 2301 ad
1376 2275 1566 2302 ornatum.
1622 2265 1844 2316 Quinetiam
1873 2277 1927 2302 re-

325 2324 452 2371 gulam
476 2324 512 2358 &
536 2332 711 2358 normam
736 2321 949 2366 continent,
978 2331 1036 2355 res
1054 2321 1089 2356 δε
1112 2318 1306 2356 materiam
1323 2319 1524 2366 subjectam
1547 2320 1605 2358 vel
1620 2318 1843 2368 disponendi
1866 2321 1927 2358 vel

327 2377 540 2414 illustrandi.
597 2376 762 2423 Ideoque
791 2375 828 2411 id
853 2386 972 2423 agere,
1009 2384 1050 2411 ut
1078 2384 1223 2411 mentes
1252 2386 1377 2412 rerum
1407 2377 1556 2424 ignarae
1584 2377 1619 2412 ὃς
1645 2375 1765 2421 rudes,
1805 2375 1927 2422 (quae-

327 2445 399 2480 que
424 2432 599 2469 nondum
624 2432 662 2467 id
689 2431 937 2479 collegerunt,
974 2430 1078 2478 quod
1105 2441 1124 2467 a
1156 2428 1345 2467 Cicerone
1373 2429 1470 2479 sylva
1496 2432 1554 2467 vel
1582 2429 1745 2479 supellex
1770 2431 1927 2479 appella·

327 2498 397 2532 tur,
427 2487 465 2523 id
488 2487 547 2533 est,
585 2487 781 2523 materiem
807 2488 844 2522 ὅ(
864 2482 1012 2535 copiam
1035 2486 1189 2531 rerum,)
1229 2486 1382 2522 initium
1406 2486 1453 2522 ab
1478 2484 1550 2521 istis
1573 2484 1735 2522 scientiis
1758 2483 1926 2527 sumant;

331 2543 391 2591 (ac
413 2539 438 2577 fi
463 2543 544 2589 quis
564 2540 701 2578 discere
726 2541 839 2579 vellet
862 2539 1082 2592 ponderare,
1120 2541 1179 2577 vel
1199 2541 1339 2586 metiri,
1367 2541 1427 2577 vel
1446 2551 1583 2577 ornare
1605 2550 1762 2576 ventum
1775 2540 1797 2587 :)
1828 2536 1928 2578 haud

329 2596 429 2633 aliud
449 2596 619 2644 prostCto
639 2598 747 2646 parit,
776 2607 889 2644 quam
910 2605 950 2631 ut
966 2593 1098 2631 harum
1121 2592 1257 2631 artium
1273 2596 1387 2632 virtus
1403 2596 1440 2631 ὃς
1463 2594 1616 2632 facultas
1633 2595 1740 2643 (quae
1759 2606 1928 2646 permag-

329 2664 397 2688 nae
416 2650 498 2687 sunt
515 2652 549 2687 δε
566 2647 737 2688 latissime
757 2649 908 2688 diffusae
919 2651 943 2696 ς)
972 2647 1050 2686 fere
1065 2659 1304 2699 contemptae
1320 2649 1474 2696 jaceant,
1502 2660 1613 2698 atque
1627 2650 1686 2687 vel
1708 2651 1748 2686 in
1771 2651 1928 2700 puerilia

331 2704 554 2758 sophismata
567 2704 892 2755 affectationesque
907 2705 1080 2742 ridiculas
1095 2704 1414 2754 degeneraverint,
1435 2706 1497 2742 vel
1513 2704 1641 2742 saltem
1658 2705 1928 2743 existimatione

331 2761 392 2798 sua
415 2760 512 2797 haud
532 2771 662 2809 parum
685 2761 882 2798 mulCtatae
905 2758 986 2797 sint.
1042 2761 1263 2812 Quinetiam
1287 2769 1520 2808 praematura
1545 2762 1582 2797 ὃ(
1606 2757 1862 2808 intempestiva
1881 2761 1928 2799 ad

332 2816 394 2852 lias
412 2825 506 2851 artes
529 2811 686 2852 accessio
701 2816 859 2853 dilutam
882 2827 1011 2853 earum
1031 2826 1144 2863 atque
1165 2814 1330 2860 jejunam
1345 2815 1589 2853 traditionem
1610 2827 1650 2851 ac
1665 2815 1928 2853 tractationem

331 2869 532 2908 neccss'ario
553 2868 676 2906 secum
699 2872 822 2917 traxit,
851 2871 969 2919 qualis
991 2868 1172 2907 nimirum
1187 2870 1309 2921 captui
1332 2881 1538 2919 puerorum
1561 2871 1765 2921 adaptetur.
1820 2871 1928 2909 Alte-

332 2937 417 2963 rum
442 2926 656 2976 exemplum
683 2924 798 2974 (quod
821 2926 1016 2971 adducam)
1043 2926 1193 2971 erroris,
1228 2925 1293 2973 qui
1318 2925 1359 2961 in
1383 2925 1581 2963 academiis
1604 2926 1678 2970 jam
1703 2924 1769 2962 diu
1788 2926 1928 2965 invete-

331 2983 436 3027 ravit,
466 2979 650 3021 eiusmodi
673 2978 741 3019 est3
773 2980 877 3028 quod
901 2979 1038 3017 scilieet
1058 2980 1290 3018 inventionis
1305 2989 1416 3028 atque
1431 2981 1649 3026 memoriae,
1680 2981 1721 3016 in
1742 2982 1926 3019 exercitiis

332 3035 563 3081 scholasticis,
591 3034 668 3071 fieri
693 3033 785 3071 solet
809 3037 932 3071 nimio
954 3036 1035 3086 plus
1058 3037 1215 3072 noxium
1232 3035 1459 3072 divortium:
1488 3037 1569 3072 Illic
1590 3033 1771 3083 siquidem
1790 3039 1929 3074 oratio-

332 3105 396 3130 nes
423 3091 632 3143 pleraeque,
672 3099 734 3126 aut
763 3091 928 3128 omnino
950 3088 1238 3141 praemeditatae
1266 3089 1363 3137 sunt,
1401 3091 1499 3129 adeo
1525 3101 1566 3129 ut
1589 3092 1780 3139 conceptis
1808 3091 1929 3130 verbis

1695 3145 1931 3196 proferantur
