2040 3439
221 219 323 267 124
425 197 524 251 DE
576 198 1075 250 AUGMENTIS
1127 198 1730 246 SCIENTIARUM.
1769 196 1967 250 Lib-IV.

356 312 451 353 quae
470 312 552 338 non
573 299 840 337 exercitatione
860 295 1021 345 quadarn
1041 295 1191 348 propria
1210 296 1350 344 corrigi
1371 291 1495 345 possit.
1552 295 1704 333 Morbis
1724 308 1861 336 renum
1877 299 1966 347 glo·

357 357 496 394 borum
511 354 608 392 lusus
620 354 813 399 convenit,
828 352 1058 403 pulmonum
1073 349 1269 400 sagittatio,
1289 351 1468 388 stomachi
1481 350 1739 388 deambulatio
1755 354 1792 389 ὅ(
1803 352 1970 401 gestatio,

360 421 476 460 atque
499 411 580 448 aliis
595 410 698 446 aliae.
753 409 902 447 Verum
925 417 1013 443 cum
1034 407 1125 445 haec
1148 417 1243 457 pars,
1278 406 1325 443 de
1347 404 1570 444 valetudinis
1593 406 1893 454 conservatione,
1920 410 1972 446 se-

360 466 534 505 cundum
550 474 678 501 totum
692 463 844 501 tractata
858 459 914 510 fit,
942 461 1106 498 defecius
1119 463 1288 498 minores
1301 460 1469 511 persequi
1484 473 1565 498 non
1582 461 1630 498 est
1645 461 1760 498 nostri
1774 461 1943 501 instituti.

415 523 558 572 QUOD
577 530 668 557 vero
687 518 733 555 ad
752 515 991 555 curationem
1006 517 1231 554 morborum
1252 519 1400 563 attinet,
1429 517 1493 553 illa
1511 516 1668 553 demum
1689 528 1769 565 pars
1788 517 1838 555 est
1857 518 1972 557 medi-

365 575 472 614 cinae
487 576 527 611 in
548 585 621 622 qua
635 574 842 625 plurimum
858 573 993 609 laboris
1010 570 1243 621 insumptum
1259 571 1319 617 cst,
1348 573 1434 608 licet
1448 572 1569 609 fruciu
1592 570 1673 611 satis
1687 574 1805 610 tenui.
1864 573 1970 613 Con-

360 633 458 668 tinet
481 639 606 667 autem
625 629 837 666 doctrinam
860 627 906 664 de
929 626 1085 674 morbis,
1115 627 1248 676 quibus
1271 639 1407 678 corpus
1427 627 1637 664 humanum
1662 626 1867 674 subjicitur,
1896 641 1971 666 una

361 697 451 723 curn
476 685 687 722 eorundem
710 681 832 729 causis,
872 682 1185 732 symptomatibus
1209 684 1245 719 δ(
1268 683 1435 719 medelis.
1491 683 1534 718 In
1559 683 1632 719 hoe
1655 681 1820 719 secundo
1838 679 1970 722 officio

362 738 583 786 medicinae,
613 740 734 776 multa
748 738 832 776 sunt
848 750 941 786 quae
956 735 1228 775 desiderantur:
1259 738 1311 774 Ex
1328 738 1382 774 his
1397 749 1523 787 pauca,
1545 737 1605 774 sed
1623 736 1781 774 maxime
1795 735 1964 787 insignia,

364 807 636 846 proponemuS,
676 806 770 844 quae
797 793 1028 831 enumerasse
1053 793 1134 831 satis
1163 793 1391 839 duxerimtis,
1429 791 1565 841 absque
1589 794 1712 841 aliqua
1739 793 1884 830 ordinis
1908 803 1972 831 aut

364 850 538 888 methodi
559 851 655 900 lege.
1920 882 1922 884 .

418 906 633 943 PRIMUM
655 905 715 952 est,
753 899 980 942 intermistio
999 901 1214 953 diligentiae
1233 901 1332 940 illius
1354 902 1605 954 Hippocratis,
1642 901 1742 940 utilis
1764 903 1972 946 admodum

363 963 402 998 &
425 970 628 1008 accuratae,
665 962 726 997 cui
742 961 860 996 moris
883 969 973 1006 erat,
1011 960 1235 996 narrativam
1257 970 1489 1008 componere
1510 957 1658 995 casuum
1676 959 1772 995 circa
1795 968 1972 1008 aegrotos

363 1015 604 1066 specialium;
640 1015 841 1052 referendo
861 1016 979 1064 qualis
1001 1014 1121 1052 fuiss'et
1142 1014 1267 1050 morbi
1290 1024 1433 1060 natura,
1463 1014 1581 1062 qualis
1602 1014 1818 1060 medicatio,
1854 1012 1973 1062 qualis

363 1081 531 1109 eventus.
588 1071 719 1119 Atque
734 1070 843 1116 hujus
858 1072 911 1107 rei
933 1070 1048 1107 nactis
1064 1069 1174 1106 nobis
1195 1069 1268 1113 jam
1289 1070 1516 1117 exemplum,
1545 1079 1621 1105 tam
1643 1070 1843 1118 proprium
1857 1079 1973 1117 atque

364 1124 522 1175 infigne,
561 1127 602 1162 in
625 1138 673 1163 eo
697 1124 834 1162 scilicet
855 1127 952 1172 viro,
982 1126 1046 1173 qui
1069 1135 1249 1172 tanquam
1274 1135 1404 1172 parcns
1427 1126 1515 1161 artis
1540 1122 1684 1161 habitus
1708 1124 1769 1170 cst,
1806 1125 1969 1162 minime

365 1193 461 1231 opus
481 1182 564 1225 erit,
594 1182 807 1232 exemplum
830 1180 985 1228 aliquod
1009 1178 1239 1217 forinsecum
1264 1180 1309 1215 ab
1330 1180 1460 1215 alienis
1481 1180 1620 1216 artibus
1640 1189 1787 1231 percre3
1816 1177 1971 1221 veluti-a

364 1235 566 1287 prudentia
586 1234 954 1282 jurisconsultorum,
984 1235 1118 1283 quibus
1140 1234 1235 1271 nihil
1258 1235 1457 1285 antiquius,
1486 1246 1600 1281 quam
1622 1234 1838 1272 illustriores
1852 1234 1974 1281 *casus

365 1293 403 1328 ὅ(
429 1302 546 1328 novas
572 1288 788 1336 decisiones,
817 1290 961 1342 scriptis
977 1290 1176 1330 mandares
1205 1300 1284 1337 quo
1307 1290 1440 1326 melius
1456 1289 1489 1326 se
1505 1290 1551 1326 ad
1567 1290 1714 1326 futuros
1738 1289 1838 1326 casus
1852 1288 1974 1326 muni—

366 1354 434 1382 ant
455 1347 491 1382 ὃ(
508 1345 699 1382 instruant.
758 1344 862 1382 Istam
884 1344 1045 1398 proinde
1064 1342 1395 1382 continuationem
1411 1343 1692 1381 medicinalium
1713 1345 1976 1384 narrationum

364 1398 562 1437 desiderari
582 1398 714 1442 vide03
744 1400 958 1452 praesertim
980 1402 1020 1437 in
1044 1411 1163 1438 unum
1179 1411 1314 1451 corpus
1337 1412 1425 1437 cum
1441 1399 1636 1449 diligentia
1658 1398 1850 1445 &judicio
1873 1399 1974 1450 dige-

365 1455 455 1492 stam
471 1469 478 1491 :
508 1457 635 1507 Quam
656 1466 785 1493 tamen
801 1468 883 1493 non
900 1454 1074 1505 intelligo
1094 1457 1144 1492 ita
1158 1454 1239 1492 fieri
1258 1454 1394 1493 debere
1413 1457 1591 1505 amplam,
1620 1465 1661 1492 ut
1681 1456 1792 1504 plane
1809 1455 1970 1504 vulgata,

367 1513 406 1548 ὃς
436 1522 530 1557 quac
559 1511 731 1559 quotidie
756 1511 974 1558 obveniant,
1013 1512 1191 1562 excipiat3
1234 1509 1284 1556 (id
1309 1512 1413 1547 enim
1443 1511 1634 1547 infinitum
1666 1510 1846 1557 quiddam
1872 1510 1974 1557 esset,

365 1577 489 1613 neque
512 1566 558 1602 ad
584 1578 665 1602 rem
679 1567 701 1614 2)
732 1568 817 1603 Nec
835 1566 956 1603 rursus
979 1576 1057 1603 tam
1081 1564 1283 1614 angustam,
1312 1577 1353 1603 ut
1375 1565 1621 1604 solummodo
1645 1564 1826 1602 mirabilia
1847 1567 1884 1602 δε
1906 1565 1974 1602 stu-

366 1621 489 1672 penda
506 1621 556 1667 (id
573 1621 677 1670 quod
693 1633 713 1658 a
738 1623 937 1658 nonnullis
951 1622 1090 1659 faeium
1111 1618 1176 1670 est)
1194 1622 1475 1670 complectatur.
1530 1622 1654 1658 Multa
1674 1622 1777 1658 enim
1797 1619 1836 1657 in
1853 1621 1975 1658 modo

365 1678 433 1722 rei,
464 1678 500 1712 ὃ(
514 1675 796 1713 circumstantiis
810 1678 900 1724 ejus,
921 1688 1018 1714 nova
1034 1676 1130 1723 sunt,
1159 1688 1254 1724 quae
1269 1675 1307 1713 in
1322 1688 1458 1726 genere
1475 1676 1555 1725 ipso
1573 1688 1671 1712 nova
1686 1687 1768 1713 non
1783 1674 1889 1717 sunt;
1909 1674 1974 1725 qui

364 1740 491 1768 autem
518 1732 563 1768 ad
583 1731 858 1769 observandum
879 1731 1024 1778 adjiciet
1046 1733 1231 1777 animum,
1260 1733 1294 1768 ei
1317 1730 1441 1779 etiam,
1472 1733 1511 1768 in
1533 1732 1655 1777 rebus,
1691 1742 1785 1779 quae
1808 1731 1975 1781 vulgares

364 1786 551 1833 videntur,
582 1788 700 1823 multa
721 1786 923 1825 observatu
938 1789 1051 1837 digna
1072 1797 1283 1824 occurrent.
1942 1818 1943 1821 ,

419 1843 543 1878 ITEM
566 1842 606 1878 in
626 1840 945 1890 disquisitionibus
968 1843 1188 1879 anatomicis
1210 1841 1291 1879 fieri
1315 1841 1422 1888 solet,
1451 1852 1491 1879 ut
1516 1853 1609 1890 quae
1631 1839 1779 1891 corpori
1801 1840 1974 1883 humano

364 1897 405 1932 in
436 1896 649 1934 universum
674 1907 906 1948 competant,
942 1909 984 1935 ea
1009 1893 1307 1946 diligentiss'lme‚
1345 1897 1459 1945 usque
1488 1898 1535 1933 ad
1563 1894 1828 1943 curiositatem,
1867 1895 1972 1934 &in

366 1951 537 1988 minimis
561 1951 780 2002 quibusque,
817 1962 1022 1990 notentur:
1052 1953 1107 1988 At
1122 1953 1219 1989 circa
1242 1954 1473 1998 varietatem,
1501 1965 1594 2003 quae
1615 1952 1652 1988 in
1670 1949 1815 1989 diversis
1839 1963 1974 2002 corpo-

365 2006 468 2043 ribus
493 2008 686 2058 reperitur,
724 2007 963 2045 medicorum
983 2008 1179 2057 diligentia
1198 2007 1343 2045 fatiscit.
1399 2008 1564 2056 ideoque
1584 2008 1813 2044 anatomiam
1838 2004 1975 2058 fimpli-

365 2073 450 2097 cem
473 2058 765 2099 luculentissimc
781 2064 928 2100 tractati
953 2063 1080 2109 affero,
1108 2062 1336 2099 anatomiam
1353 2073 1606 2112 comparatam
1624 2060 1816 2099 desiderari
1840 2060 1970 2100 statuo.

365 2117 492 2154 Partes
518 2116 620 2153 enim
650 2115 808 2166 singulas
833 2120 931 2156 recte
958 2118 1234 2170 perscrutantur
1260 2118 1445 2163 homines,
1483 2130 1683 2168 earumque
1710 2114 1971 2165 commendas,

364 2170 511 2220 figuras,
549 2169 655 2210 fitus:
693 2172 754 2210 sed
778 2175 927 2211 illarum
950 2174 1113 2224 partium
1133 2173 1316 2210 diversam
1340 2172 1379 2209 in
1399 2171 1548 2211 diversis
1571 2173 1790 2209 hominibus
1813 2171 1973 2222 figuram

365 2229 402 2263 ὅ(
418 2227 684 2264 conditionem
700 2227 824 2266 minus
840 2228 1048 2266 observant.
1107 2228 1235 2279 Atque
1251 2229 1358 2274 liujus
1374 2225 1589 2265 omissionis
1604 2228 1748 2264 causam
1765 2239 1845 2264 non
1861 2226 1971 2265 aliam

365 2281 435 2318 ess'e
463 2282 699 2329 arbitramur,
738 2296 852 2332 quam
875 2284 980 2333 quod
1005 2284 1050 2320 ad
1074 2285 1240 2335 primum
1266 2282 1548 2332 inquisitionem
1572 2282 1753 2335 inspeeiio
1776 2284 1886 2320 unius
1908 2292 1971 2320 aut

364 2338 515 2375 alterius
535 2339 747 2375 anatomiae
772 2335 939 2377 sufficere
962 2335 1099 2388 possit3
1135 2339 1182 2376 ad
1201 2337 1447 2392 posteriorem
1472 2351 1563 2376 vero
1590 2339 1697 2385 (quae
1721 2339 1972 2387 comparativa

365 2391 425 2438 cst,
466 2395 503 2429 δ(
531 2392 656 2430 casum
685 2395 835 2446 recipit)
863 2394 1004 2432 necess'e
1032 2394 1092 2441 est,
1132 2405 1173 2431 ut
1202 2393 1450 2446 plurimarum
1478 2393 1737 2430 diss‘eciionum
1765 2402 1906 2430 attenta
1934 2395 1972 2430 ὅ(

363 2447 550 2499 perspicax
572 2447 784 2486 observatio
799 2449 1028 2487 adhibeatur.
1085 2450 1194 2486 Prior
1208 2451 1323 2487 etiam
1347 2461 1402 2486 res
1417 2449 1478 2494 est,
1510 2451 1548 2485 in
1565 2461 1635 2496 qua
1661 2446 1832 2484 homines
1855 2448 1971 2495 dosii,

365 2504 405 2538 in
429 2503 744 2554 praelectionibus
767 2503 839 2541 suis
863 2507 899 2542 &
922 2504 961 2541 in
985 2514 1098 2542 coctu
1121 2503 1328 2551 astantium,
1362 2504 1397 2541 se
1425 2505 1555 2548 jacim-c
1581 2503 1752 2554 poss'unt:
1789 2513 1826 2540 at
1845 2501 1973 2541 secun-

363 2557 410 2593 da
436 2570 477 2593 ea
504 2558 564 2605 est,
604 2571 699 2607 quae
726 2560 838 2596 tacita
858 2562 895 2597 ὅ(
915 2558 1062 2597 diutina
1088 2561 1316 2611 experientia
1342 2568 1492 2595 tantum
1521 2557 1660 2607 acquiri
1685 2557 1815 2610 potest.
1873 2556 1972 2597 Illud

363 2612 506 2648 interea
535 2612 692 2650 minime
717 2614 878 2652 dubium
902 2613 962 2661 est,
999 2614 1103 2663 quod
1136 2617 1371 2652 internarum
1394 2615 1557 2663 partium
1592 2614 1709 2662 figura
1735 2616 1771 2651 &
1797 2611 1972 2650 structura

364 2677 496 2716 parum
520 2668 728 2706 admodum
755 2680 1000 2707 externorum
1023 2670 1285 2706 membrorum
1315 2668 1481 2706 varietati
1510 2672 1546 2706 δε
1570 2669 1810 2706 lineamentis
1837 2668 1968 2709 cedat.;

364 2721 545 2769 quodque
569 2724 694 2770 corda,
723 2735 786 2762 aut
810 2726 989 2772 jecinora,
1018 2733 1080 2762 aut
1104 2725 1314 2770 ventriculi,
1344 2734 1421 2761 tam
1446 2720 1636 2760 diffimilia
1652 2722 1720 2760 sint
1742 2724 1782 2760 in
1805 2723 1971 2760 homini-

364 2776 445 2822 bus,
481 2788 594 2824 quam
618 2788 679 2815 aut
702 2779 859 2828 frontes,
888 2791 950 2818 aut
974 2778 1060 2826 nasi,
1089 2789 1151 2817 aut
1177 2791 1293 2816 aures,
1350 2778 1481 2827 Atque
1507 2780 1546 2816 in
1570 2779 1625 2815 his
1649 2777 1729 2827 ipfls
1751 2777 1972 2816 differentiis

364 2831 527 2883 partium
550 2832 797 2881 internarum,
826 2837 1058 2884 reperiuntur
1075 2833 1214 2883 saepius
1237 2833 1363 2871 causac
1379 2836 1620 2871 continentes
1643 2834 1855 2870 multorum
1871 2845 1970 2870 rnor-

365 2887 529 2926 borum3
566 2888 668 2934 quod
689 2901 769 2926 non
794 2891 1031 2927 attendentes
1061 2891 1211 2935 medici,
1249 2889 1427 2926 humores
1450 2890 1641 2926 interdum
1671 2889 1832 2925 minime
1850 2887 1969 2926 delin-

361 2951 519 2989 quentes
542 2941 806 2980 criminantur:
836 2957 924 2982 cum
944 2945 1016 2995 ipsa
1033 2943 1247 2982 mechanica
1270 2946 1382 2993 partis
1397 2945 1551 2988 alicujus
1572 2944 1707 2981 fabrica
1727 2944 1767 2979 in
1783 2944 1891 2994 cuLpa
1912 2941 1966 2980 sit.

365 2996 408 3032 In
437 3008 602 3044 quorum
627 2999 853 3036 morborum
882 3013 980 3046 cura,
1019 3012 1132 3049 opera
1160 3000 1315 3046 luditur,
1353 2997 1379 3035 fi
1407 2999 1652 3036 adhibeantur
1682 2998 1893 3035 medicinae
1919 2999 1969 3035 al-

366 3061 541 3093 terantes,
570 3049 674 3101 (quia
697 3065 752 3090 res
768 3055 1032 3093 alterationem
1053 3067 1135 3093 non
1157 3055 1291 3104 recipit
1302 3055 1325 3102 5)
1357 3054 1419 3092 sed
1442 3054 1678 3093 emendanda
1694 3064 1750 3089 res
1771 3053 1831 3099 est,
1862 3055 1898 3091 ὅ(
1913 3064 1969 3090 ac-

1676 3107 1970 3158 commodanda,
