2040 3465
220 166 783 226 'REDARGUTIO
834 171 1624 242 PHILosoPfflARUM.

173 275 306 312 H1Nc
323 272 450 313 schola
469 271 700 310 Academica
725 286 819 323 quac
842 276 1080 328 acataleplian
1095 291 1138 316 ex
1153 280 1316 331 profcss'o
1337 286 1473 330 tenuit,
1502 289 1537 323 ὅ(
1559 288 1736 327 homines

59 323 61 327 ¹
117 329 165 366 ad
180 328 424 380 sempiternas
440 328 612 366 tenebras
633 328 838 367 damnavit.
893 333 993 369 Hinc
1017 332 1160 384 opinio,
1191 336 1296 384 quod
1317 337 1463 376 formae
1479 338 1548 377 five
1565 355 1669 380 verae
1686 357 1738 382 rc-

117 396 202 422 rum
217 383 452 421 differentiae
472 384 630 420 inventu
651 381 901 433 impoffibilcs
917 386 1024 428 sunt;
1055 398 1096 425 ut
1120 388 1295 428 homines
1313 394 1350 428 in
1369 395 1471 430 atriis
1494 406 1645 434 naturae
1661 411 1738 448 pcr-

114 449 233 491 petuo
248 437 508 484 obambulenr,
538 449 609 474 nec
624 438 720 475 intra
734 440 914 488 palatium
936 442 1079 479 aditum
1093 440 1157 480 sibi
1173 447 1359 483 muniant.
1415 447 1514 486 Hinc
1530 450 1733 499 politione<

117 493 201 534 illae
216 489 399 532 infirmissi
407 504 502 540 mae,
530 493 699 529 calorem
715 493 801 530 solis
817 497 852 531 ὅ(
868 493 964 544 iguis
979 505 1066 533 toto
1081 509 1219 546 genere
1234 498 1396 548 differre,
1427 514 1537 552 atque
1549 507 1735 556 compost-

115 550 266 588 tionem
282 560 376 597 opus
391 548 573 593 hominis,
603 547 818 585 mistionem
834 561 928 599 opus
948 550 1061 588 solius
1082 562 1235 591 naturae
1258 555 1347 592 csse:
1379 569 1426 594 ne
1440 557 1538 595 forte
1556 573 1612 597 ars
1628 573 1732 600 natu-
1762 599 1765 602 ,

116 616 209 650 ram,
240 614 281 641 ut
309 603 501 642 Vulcanus
522 603 740 640 Minervam
764 602 964 642 sollicitare
985 616 1048 643 aut
1070 618 1283 657 expugnate
1307 620 1427 648 tentet
1453 623 1515 650 aut
1538 613 1675 657 {berem
1697 621 1733 655 ὃς

115 659 326 710 compluria
350 655 578 704 hujusmodi,
609 668 704 706 quae
719 668 795 695 tam
813 659 856 696 ad
882 657 1160 698 confessionem
1190 664 1381 701 tenuitatis
1404 648 1583 717 propriae,
1614 683 1727 720 quain

115 713 160 752 ad
176 709 449 766 repreffionern
464 711 662 750 industriae
682 711 825 751 alienae
847 716 1049 765 pertinent.

166 769 352 820 ITAQJE
369 770 591 816 neutiquam
610 767 728 814 vobis,
750 767 831 815 filii,
862 780 934 820 pro
950 781 1080 807 amore
1096 773 1132 808 ὅ(
1148 771 1382 822 indulgentia
1401 776 1519 814 nostra
1537 779 1728 817 consulue-

115 835 172 870 το,
202 834 243 862 ut
258 835 345 860 eum
371 823 480 860 rebus
497 835 579 860 non
602 822 724 860 solum
749 823 960 875 desperati5‚
992 824 1052 862 sed
1069 828 1105 863 ὅ(
1125 827 1371 878 desperationi
1395 830 1541 869 devotis
1559 833 1730 872 fortunas

111 878 240 917 vestras
260 878 454 916 misceatis.
511 879 671 925 Verum,
700 877 782 924 filii,
810 888 958 930 tempus
975 879 1084 928 fugit,
1115 881 1207 917 dum
1223 884 1318 932 capti
1344 895 1475 922 amore
1493 889 1527 923 ὅ(
1551 899 1675 925 rerum
1694 893 1731 927 8(

110 931 273 973 vestrum
288 934 636 980 circunweecamur,
664 945 708 971 ae
728 935 860 970 omnia
882 945 1091 980 movemUS,
1122 936 1430 985 &initiationem
1453 941 1546 978 hanc
1562 943 1727 989 vestram,

110 989 220 1028 instar
237 989 378 1040 Aprilis
399 998 460 1026 aut
475 989 572 1026 veris
596 987 788 1034 cujusdam
807 988 852 1025 ad
875 991 1183 1038 congelationem
1209 1003 1368 1029 omnem
1384 995 1420 1030 δε
1436 995 1727 1035 obstinationem

110 1042 330 1084 solvendam
347 1046 383 1081 ὅ(
398 1042 637 1093 aperiendam
653 1043 723 1081 effe
744 1044 929 1093 cupimus.

165 1100 361 1137 Rnsrm
383 1097 530 1148 {ignum
557 1094 805 1136 certissimum
823 1099 870 1135 de
900 1099 1036 1136 modis.
1094 1100 1207 1137 Modi
1232 1103 1336 1138 enim
1358 1103 1519 1141 faciendi
1536 1105 1631 1152 sunt,
1663 1120 1727 1159 po-

108 1155 238 1201 tentia,
267 1166 324 1191 res
338 1153 456 1203 ipsae3
487 1156 522 1191 ὃ(
538 1164 653 1205 prout
669 1154 766 1191 bene
783 1164 845 1192 aut
861 1166 972 1204 prave
996 1154 1184 1193 institutae
1210 1155 1365 1203 fuerint,
1396 1159 1445 1195 ita
1470 1171 1525 1196 res
1547 1163 1582 1197 ὅ(
1599 1162 1726 1200 εῆἓᾶιι

107 1207 146 1250 se
160 1208 310 1247 habent.
367 1211 495 1257 Itaque
519 1207 544 1245 fi
573 1208 680 1246 modi
710 1209 819 1256 hujus
844 1208 980 1246 vestrae
999 1209 1260 1262 philosophiae
1284 1213 1504 1251 condendae
1519 1227 1588 1252 nec
1607 1218 1724 1255 debiti

108 1261 179 1303 fint
193 1276 264 1302 nec
278 1264 511 1314 probabiles:
540 1276 622 1302 non
637 1264 808 1302 videmus
824 1276 937 1313 quarn
959 1264 1061 1314 spem
1083 1265 1239 1302 foveatis
1255 1265 1321 1303 nili
1336 1268 1523 1306 credulam
1542 1273 1576 1307 ὅ(
1590 1272 1722 1308 levem.

108 1318 240 1368 Atque
255 1330 366 1366 certe,
396 1318 474 1365 filii,
498 1317 521 1356 ss
537 1318 719 1357 obeliscus
732 1320 867 1371 aliquis
878 1319 1141 1368 magnitudine
1156 1319 1307 1371 infignis
1321 1323 1366 1359 ad
1382 1321 1560 1376 triumphi
1575 1325 1724 1365 fortasse

107 1384 170 1413 aut
185 1374 402 1419 hujusmodi
419 1373 716 1424 magnificentiae
730 1374 843 1412 decus
857 1374 1137 1412 transferendus
1151 1375 1249 1423 effer,-
1278 1386 1388 1428 atque
1406 1376 1443 1413 id
1459 1378 1634 1418 homines
1656 1394 1725 1418 nu-

109 1429 168 1467 dis
188 1431 365 1472 manibus
384 1440 596 1470 tentarent3
625 1441 756 1467 annon
770 1442 836 1467 eos
858 1429 1059 1467 helleboro
1084 1442 1177 1480 opus
1198 1430 1334 1468 habere
1358 1434 1589 1481 cogitaretis?
1619 1438 1723 1483 quod

106 1482 133 1522 fi
142 1497 344 1522 numerum
358 1487 619 1536 operariorum
629 1495 821 1537 augerent,
837 1485 947 1536 atque
963 1485 1038 1523 hoc
1051 1485 1171 1522 modo
1183 1485 1217 1522 sc
1231 1487 1351 1523 valere
1363 1485 1462 1536 poss‘e
1477 1489 1725 1532 confiderent,-

108 1551 240 1579 annon
277 1550 386 1578 tanto
415 1540 557 1590 magis?
588 1541 695 1589 quod
722 1538 747 1577 si
776 1540 891 1578 etiam
923 1540 1112 1578 delectum
1140 1540 1371 1588 adhiberent,
1401 1544 1725 1583 &imbecilliores

108 1594 329 1645 separarent,
359 1598 396 1635 &
418 1594 576 1634 robustis
603 1605 755 1634 tantum
776 1598 814 1634 &
840 1595 1056 1645 vigentibus
1085 1596 1140 1633 uti
1170 1598 1323 1643 vellent,
1352 1596 1492 1634 &hinc
1513 1599 1668 1637 'demum
1690 1601 1726 1638 se

106 1648 187 1688 voti
200 1661 399 1703 compotes
416 1651 498 1689 fore
515 1650 808 1700 praesumerent,
835 1660 898 1688 aut
919 1662 968 1688 ne
991 1650 1066 1688 hoc
1080 1650 1233 1700 quidem
1259 1653 1445 1699 contenti,
1476 1655 1589 1690 etiam
1603 1666 1722 1692 artem

105 1705 321 1749 athleticam
351 1705 606 1752 consulerent,
634 1717 839 1743 acomnes
867 1717 955 1744 cum
971 1705 1144 1744 manibus
1162 1707 1360 1744 &lacertis
1388 1709 1425 1743 ὃ(
1445 1709 1567 1746 nervis
1585 1707 1627 1746 eit
1647 1721 1724 1747 arte

107 1759 204 1798 bene
219 1760 337 1799 unstis
354 1763 389 1798 ὅ(
407 1761 600 1798 medicatis
625 1760 743 1798 adeffe
762 1761 956 1805 juberent;
986 1759 1117 1797 annon
1135 1761 1284 1812 prorsus
1312 1767 1377 1798 eo's
1396 1761 1482 1799 dare
1511 1774 1663 1812 operam
1682 1776 1724 1802 ut

106 1828 195 1853 cum
211 1818 357 1858 ratione
372 1816 533 1868 quadam
550 1818 585 1854 ὅ(
601 1814 799 1865 prudentia
822 1814 1029 1852 insanirent
1056 1816 1287 1853 clamaretis?
1316 1818 1353 1852 &
1376 1825 1505 1853 tamen
1521 1816 1629 1855 fimil'i
1657 1820 1723 1856 ho-

105 1872 226 1908 mines
237 1870 435 1909 malesano
450 1873 594 1920 impetu
608 1871 783 1908 feruntur
810 1871 851 1907 in
871 1869 1198 1917 intellestualibuS,
1228 1871 1320 1907 dum
1342 1871 1576 1909 intellestum
1605 1875 1720 1911 veluti

105 1926 251 1964 nudum
281 1928 481 1977 applicant,
503 1929 540 1965 &
562 1926 611 1963 ab
631 1926 876 1976 ingeniorum
904 1927 962 1963 vel
986 1925 1233 1963 multitudine
1256 1925 1315 1962 vel
1340 1926 1558 1963 excellentia
1584 1939 1721 1977 magna

106 1980 266 2031 sperant,
296 1983 354 2021 vel
379 1983 494 2019 etiam
513 1979 713 2019 dialcffieis
736 1993 831 2030 quae
854 1981 994 2018 mentis
1022 1980 1206 2029 quaedam
1238 1978 1409 2017 athletica
1430 1980 1569 2018 censeri
1593 1979 1725 2033 pollit,

105 2037 349 2086 ingeniorum
366 2049 502 2075 nervos
518 2037 702 2075 roborant
719 2051 727 2073 :
756 2038 878 2085 neque
899 2034 1088 2073 machinas
1113 2035 1292 2073 adhibent
1307 2046 1372 2084 pet
1387 2047 1476 2083 quas
1490 2037 1585 2074 vires
1601 2040 1637 2075 ὅ(
1651 2036 1717 2076 fin-

102 2093 282 2142 gulorum
298 2091 555 2138 intendantur,
584 2094 621 2130 ὅ(
642 2091 819 2129 omnium
838 2093 986 2129 co'eant.
1325 2131 1328 2135 ,

158 2147 344 2199 ATQUE
364 2158 405 2185 ut
428 2149 550 2185 menti
574 2147 700 2184 debita
720 2148 854 2184 auxilia
882 2159 963 2184 non
993 2144 1288 2183 subministrant:
1318 2145 1369 2182 ita
1384 2156 1454 2182 nec
1472 2153 1643 2184 naturam
1661 2160 1713 2185 re-

104 2214 188 2240 tum
205 2203 331 2240 debita
348 2202 583 2240 observantia
607 2201 898 2254 prosequuntur.
955 2201 1060 2253 Qud
1088 2202 1193 2238 enim
1208 2200 1389 2245 dicemus,
1418 2212 1465 2237 an
1493 2201 1590 2238 nihil
1614 2204 1713 2241 aliud

104 2256 152 2294 est
172 2257 448 2308 philosophiam
465 2258 630 2296 condere
646 2269 760 2306 quam
776 2270 816 2295 ex
832 2258 956 2309 paucis
976 2257 1188 2305 vulgaribus
1204 2257 1240 2292 ὃ(
1256 2253 1374 2291 obviis
1390 2256 1653 2306 experimentis
1669 2258 1715 2294 de

103 2323 235 2350 natura
256 2312 434 2358 judicium
450 2313 590 2354 facere3
619 2325 661 2350 ac
681 2313 769 2350 dein
792 2315 871 2350 tota
892 2312 1030 2349 saecula
1046 2313 1085 2347 ln
1102 2309 1410 2347 meditationibus
1425 2311 1615 2347 volutare?
1645 2312 1716 2349 At-

102 2380 187 2418 que,
215 2368 295 2414 filii,
325 2368 533 2406 nesciebam
550 2379 621 2406 nos
635 2379 713 2405 tam
734 2378 885 2409 naturae
910 2366 1014 2404 fuisse
1035 2364 1245 2410 familiares,
1274 2375 1314 2401 ut
1330 2376 1372 2400 cx
1394 2374 1472 2401 tam
1490 2366 1560 2402 levi
1583 2368 1617 2403 ὅ(
1634 2379 1714 2415 per-

102 2423 287 2461 funstoria
300 2422 521 2460 salutatione
537 2435 578 2460 ea
591 2424 702 2461 nobis
716 2434 778 2460 aut
794 2434 924 2460 arcana
940 2420 1000 2458 sua
1015 2420 1218 2472 patefacere
1234 2429 1296 2456 aut
1319 2418 1496 2456 beneficia
1518 2421 1710 2473 impertire

101 2478 329 2528 dignaretur.
390 2480 507 2516 Certe
523 2478 630 2515 nobis
650 2479 806 2528 perinde
821 2477 939 2514 facere
953 2477 1127 2514 videntur
1146 2475 1333 2519 homines,
1362 2485 1403 2510 ac
1432 2472 1455 2510 fi
1471 2486 1642 2514 naturam
1668 2488 1710 2513 ex

102 2536 310 2583 longinqua
326 2536 363 2571 ὅ(
378 2535 536 2583 praealta
557 2535 650 2570 turri
665 2532 866 2582 despiciant
882 2534 919 2569 ὃς
933 2532 1262 2580 contemplentur3
1292 2540 1385 2577 quae
1406 2530 1612 2579 imaginem
1630 2532 1709 2573 ejus

101 2589 290 2638 quandam
307 2588 367 2626 seu
384 2590 523 2626 nubem
545 2591 671 2640 potius
696 2589 851 2638 imagini
881 2583 1037 2624 similem
1063 2586 1113 2622 ob
1129 2585 1261 2621 oculos
1276 2594 1414 2632 ponat:
1443 2596 1567 2621 rerum
1582 2595 1707 2622 autem

100 2643 330 2683 differentias
348 2644 400 2689 (in
416 2644 550 2692 quibus
566 2656 623 2681 res
641 2644 844 2681 hominum
861 2644 897 2679 ὅ(
914 2641 1086 2678 fortunae
1102 2637 1185 2676 fitae
1200 2638 1296 2685 sunt)
1315 2639 1366 2674 ob
1386 2650 1512 2675 earum
1529 2641 1706 2677 minutias

101 2702 138 2737 &
160 2697 346 2737 distantiae
367 2700 608 2736 intervallum
636 2698 844 2736 confundat
872 2699 908 2734 &
930 2696 1141 2732 abscondat.
1198 2694 1244 2730 Et
1267 2704 1394 2730 tamen
1417 2695 1585 2731 laborant
1601 2697 1637 2732 ὃ(
1654 2698 1706 2731 ni-

100 2765 243 2800 tuntur,
273 2757 309 2792 &
325 2755 559 2792 intellestum
574 2765 755 2803 tanquam
770 2753 902 2790 oculos
922 2750 1163 2794 contrahunt,
1194 2747 1434 2795 eiusdemque
1450 2750 1569 2786 aciem
1591 2752 1703 2785 medi-

98 2812 243 2847 tatione
263 2809 396 2857 figunt,
427 2810 632 2858 agitatione
655 2817 804 2854 acuunt,
833 2805 1039 2855 quinetiam
1061 2815 1155 2841 artes
1179 2804 1465 2852 argumentandi
1481 2806 1600 2841 veluti
1624 2804 1702 2855 spe-

99 2866 181 2902 cula
200 2864 397 2901 artificiosa
422 2874 654 2916 comparant,
683 2874 723 2901 ut
755 2861 958 2900 istiusmodi
985 2859 1213 2898 differentias
1236 2861 1272 2894 ὅ(
1302 2856 1521 2895 subtilitates
1551 2869 1701 2895 naturae

98 2930 227 2957 mente
247 2919 568 2969 comprehendere
584 2922 620 2956 ὅ(
639 2920 788 2957 vincere
804 2913 954 2966 possinr.
1011 2915 1139 2962 Atque
1162 2912 1314 2950 ridicula
1329 2924 1428 2950 cette
1449 2913 1534 2950 effer
1550 2916 1585 2949 δε
1598 2925 1697 2962 prae-

99 2975 212 3012 fraela
238 2974 412 3024 sapientia
436 2977 473 3012 ὃς
500 2974 683 3021 sedulitas,
711 2970 737 3010 fi
765 2973 847 3021 quis
866 2981 905 3008 ut
926 2964 1121 3019 perfeslius
1146 2970 1182 3005 ὃς
1205 2968 1407 3004 ἀίίὶίηᾶἰυς
1432 2979 1611 3013 cci-neret,
1640 2968 1698 3004 vel

97 3031 234 3067 turrim
254 3029 479 3066 conscendat
494 3031 554 3067 vel
574 3028 718 3080 specula
741 3029 911 3079 applicet,
940 3026 998 3062 vel
1014 3024 1202 3076 palpebras
1229 3023 1398 3068 adducat,
1427 3034 1513 3058 cum
1530 3022 1562 3058 ei
1578 3023 1699 3066 liceat,

100 3083 236 3132 absque
253 3084 419 3123 universa
450 3084 509 3121 ista
533 3084 687 3133 operosa
710 3085 745 3120 ὅ(
775 3083 916 3119 strenua
945 3079 1222 3117 machinatione
1249 3079 1284 3115 ἃ(
1309 3077 1491 3123 industria,
1521 3076 1599 3112 fieri
1624 3080 1702 3113 voti

154 3140 262 3177 Vox„
294 3140 320 3176 1.
888 3135 960 3171 *H
977 3133 1001 3171 h
1545 3143 1703 3182 compos
1755 3169 1759 3173 ,

1828 201 1918 247 izi
