2040 3439
0 267 69 299 <514²-

652 153 1178 208 INDEX.

75 257 96 290 ’Ξ
109 248 154 264 ””
169 253 286 305 ’324.
303 264 383 303 327.
433 255 565 292 Galeri-s
576 255 773 301 animalium
784 257 888 293 &ra-

9 327 13 332 .
175 303 184 338 Τ
209 304 214 309 ”
235 304 458 341 :coelestium
477 304 662 351 diversitas,
685 317 771 353 327·
811 307 889 342 Ca-

61 340 326 410 }iagcoelestis
351 357 497 406 'auge-tur
515 355 629 390 'tribus
656 356 782 398 modis,
808 354 887 391 ibid.

39 416 43 420 ·
82 411 110 441 n·
130 401 197 448 fus
206 403 492 447 conmunicatio,
521 414 606 451 332,
636 416 654 450 3
662 412 716 450 34.
769 405 891 441 Motus

42 427 123 501 ἐξ
173 453 316 494 anfivus‚
335 452 415 489 ibid.
441 453 570 489 Caloris
582 453 645 488 tria
656 465 793 501 genera,
811 466 891 500 350.

87 499 236 543 'VCaloris
256 501 335 537 solis
365 501 403 537 δε
438 502 525 548 ignis
559 501 778 545 differentiae,
806 515 891 550 331,

243 550 306 586 Est
339 562 452 587 motus
480 551 680 600 expanfivus
709 553 891 596 cohibitus,

719 602 806 649 Pag.
821 603 893 649 336

825 662 890 699 ¹7²

109 743 116 747 ,
819 712 892 747 234

60 749 100 784 In
114 757 270 795 campana
288 748 381 795 pulsa
398 760 457 783 cur
477 749 547 784 soni
570 750 791 792 continuatio,
822 752 892 796 380

60 798 145 844 Cala
161 797 241 834 viva
259 809 346 844 aqua
364 797 540 846 conspersa
558 799 709 848 concipit
726 801 891 842 calorem,

109 564 128 599 3
133 563 190 599 50.

61 647 291 692 Calumniandi
310 649 492 698 praefatio,
521 649 648 693 laudes,

62 698 270 739 Calumniare
286 699 458 741 audacter,
484 699 553 736 &a

270 871 273 875 >
820 859 892 895 324

62 896 268 944 camiletum,
823 909 889 942 142

63 944 214 993 Carmeia,
821 947 890 993 368

61 993 192 1039 Cffldor
208 995 364 1043 pestoris,
820 1008 839 1030 2
847 1008 891 1043 34

61 1045 175 1091 0⁴1⁹?ss
193 1043 320 1081 animal
341 1046 559 1090 scansorium,
844 1049 891 1089 84
908 1074 910 1076 v

60 1091 245 1144 Gq'gdanuss
840 1106 898 1140 42>

60 1142 198 1192 Carmen
215 1142 298 1191 quid
319 1143 370 1185 fit,
400 1155 455 1192 79.
509 1146 700 1181 Carminum
715 1145 811 1180 varia
827 1156 888 1190 ge-
909 1171 912 1175 .

90 1197 198 1237 swa,
820 1195 883 1229 161

54 1261 106 1282 —v
115 1252 198 1286 vera
209 1242 358 1278 narratio
368 1244 522 1285 carmine,
537 1243 575 1278 δε
587 1242 666 1278 fieta
685 1243 717 1278 in
736 1243 888 1278 oratione

103 1288 214 1338 soluta
226 1291 394 1326 conscribi
408 1292 529 1339 potest,
546 1304 602 1340 79.
632 1293 794 1327 Carmina
809 1292 887 1328 faci-

106 1339 169 1375 lius
181 1339 351 1375 discuntur
362 1342 561 1376 memoriter
572 1354 673 1389 quam
687 1341 795 1389 prosa,
820 1355 833 1376 1
842 1352 886 1387 57

57 1388 244 1425 Carneades
273 1390 319 1424 ob
351 1390 576 1438 eloquentiam
596 1392 712 1426 Roma
740 1390 853 1438 pulsus
870 1404 889 1426 a

104 1438 250 1480 Catone,
279 1450 337 1484 31,
367 1451 446 1485 341.
498 1440 538 1475 In
558 1449 734 1488 utramque
751 1449 887 1488 partem

102 1497 301 1535 extempore
319 1488 477 1525 differere
495 1489 605 1536 potuit
618 1490 801 1537 eleganter,
811 1501 822 1523 1
835 1501 847 1524 1
857 1500 887 1536 7.

96 1535 184 1581 Vide
201 1549 236 1584 p.
251 1538 332 1583 287.

56 1581 179 1636 Cly-nes
196 1585 229 1622 in
246 1585 418 1621 nonnullis
451 1586 541 1622 cellis
557 1586 657 1623 citius
686 1588 884 1636 putrefiunt,

104 1644 106 1647 ·
133 1663 137 1669 .
818 1637 886 1681 146

54 1683 283 1730 carnalitates,
818 1697 858 1720 12
864 1697 885 1732 5

55 1733 194 1775 Carolus
211 1734 312 1770 VIII.
339 1746 399 1771 rex
415 1735 586 1776 mancias,
616 1736 672 1770 88.
720 1735 794 1770 Res
815 1735 885 1782 ejus

104 1783 228 1826 melius
243 1784 367 1819 cessere
388 1785 423 1819 in
442 1783 638 1831 longinquis
655 1783 885 1832 expeditioni-

106 1831 169 1869 bus
185 1842 289 1880 quam
309 1833 473 1874 finitimis,
807 1833 884 1869 ibid.

55 1879 170 1918 Caroli
191 1882 235 1918 V.
256 1882 474 1930 imperatoris
490 1881 685 1923 differium,
713 1880 883 1917 fortunam

103 1930 232 1967 imitari
249 1943 359 1966 mores
379 1931 577 1973 mulierum,
814 1942 878 1973 241

57 1979 162 2014 Garri
177 1980 428 2028 praelecffiones,
836 1993 880 2027 39

53 2027 148 2074 Caffii
161 2028 200 2065 &
213 2029 314 2066 Bruti
323 2029 503 2076 imagines,
524 2040 580 2074 35.
631 2027 762 2064 Eorum
775 2041 882 2072 mors,

837 2081 854 2114 8
862 2082 879 2114 8

55 2125 167 2171 Castor
183 2127 222 2163 δε
238 2127 356 2163 Pollux
374 2125 441 2163 five
458 2127 552 2162 focus
569 2127 603 2163 S.
619 2127 729 2170 Ermi,

53 2175 200 2220 Castalis
219 2177 358 2212 minutis
377 2189 444 2212 non
463 2177 735 2219 immorandum,
816 2178 880 2224 167

53 2225 153 2271 Casus
171 2226 282 2261 omiffi
300 2226 398 2272 legis,
811 2237 880 2273 249

52 2273 150 2320 Casus
168 2286 286 2310 omnes
304 2277 452 2311 humana
469 2275 652 2322 prudentia
678 2287 795 2323 capere
813 2288 881 2311 non

99 2323 222 2371 potest,
330 2324 334 2327 '
803 2325 882 2360 ibid.

52 2393 101 2400 —
113 2372 291 2421 quomodo
307 2372 347 2407 iis
365 2372 565 2408 adhibeatur
578 2372 779 2413 remedium,
801 2384 818 2407 2
825 2385 882 2419 50.

101 2421 201 2468 Casus
219 2421 358 2457 omiffus
374 2422 432 2457 ubi
463 2422 604 2458 habetur
633 2434 698 2471 pro
714 2424 882 2469 expresso,

97 2471 174 2508 ibid.
227 2471 325 2517 Casus
341 2469 505 2514 enormes,

55 2519 253 2559 Cataraiiae
268 2521 457 2562 oculorum,
812 2522 881 2568 369

54 2569 111 2606 De
124 2568 249 2606 catena
265 2582 365 2604 aurea
384 2569 513 2612 sabula,
836 2571 883 2618 96

53 2619 227 2654 Catilinae
240 2618 440 2665 conjuratio,
837 2631 855 2666 7
862 2632 879 2666 3

53 2667 199 2703 Catilina
232 2668 455 2702 incendiarius
502 2679 614 2703 rerum
650 2667 878 2714 publicarum,

102 2728 185 2760 240.
238 2716 440 2752 Incendium
461 2717 507 2752 rei
534 2716 691 2764 publicae
709 2729 776 2752 non
793 2730 880 2766 aqua

79 2789 81 2795 ·
97 2766 152 2802 sed
169 2766 265 2802 ruina
284 2765 516 2812 restingueret,
802 2768 876 2804 ibid.

55 2815 138 2852 Cato
157 2815 323 2861 Censorius
342 2815 538 2851 Carneadem
557 2815 800 2850 dimittendum
819 2817 875 2852 de-

101 2865 218 2907 cernit,
261 2876 314 2912 31-
368 2865 542 2911 Linguam
577 2865 748 2900 Graecam
783 2865 880 2902 discit

101 2914 355 2961 septuagenario
375 2913 496 2960 major,
833 2926 878 2960 34

55 2962 135 2996 Cato
148 2973 245 2998 nocet
259 2963 302 2997 rei
321 2963 486 3010 publicae,
516 2963 572 3008 36.
622 2961 796 3010 Loquitur
806 2972 878 2999 tan-

103 3023 205 3058 quam
226 3012 257 3047 in
277 3012 447 3060 republica
465 3011 626 3053 Platonis,
798 3013 878 3049 ibid.

55 3059 137 3095 Cato
151 3059 258 3108 major
269 3061 346 3096 suae
358 3061 511 3096 fortunae
525 3060 633 3103 faber,
663 3063 744 3098 228.
794 3063 877 3097 For-

102 3119 200 3146 tunae
217 3110 416 3155 architectus
433 3111 661 3159 peritiffimus,
690 3119 772 3159 237.
822 3112 879 3146 Eo

99 3158 190 3240 quizd
209 3158 341 3242 Callonis
361 3159 532 3206 ingenium
551 3159 717 3202 versatile,
797 3160 877 3197 ibid.

141 3240 147 3250 ,
186 3217 252 3244 οι,
284 3232 293 3243 .

813 2139 879 2173 322

701 2481 784 2516 255,
813 2473 883 2517 346

931 255 1017 291 Cato
1031 255 1194 292 secundus
1212 255 1391 305 antipodas
1407 266 1524 307 negat,
1613 257 1693 309 Pag.
1717 269 1734 307 3⁶
1742 268 1759 309 3

932 306 1053 340 Catoni
1070 306 1197 341 minori
1229 306 1298 342 laus
1327 321 1346 343 a
1363 309 1530 345 Cicerone
1558 310 1648 353 data,
1680 314 1759 348 206.

956 372 957 375 ¹
982 355 1174 402 Amplexus
1193 355 1441 405 philosophiam
1470 371 1538 394 non
1566 360 1760 408 disputandi

978 403 1032 439 sed
1051 404 1193 439 vivendi
1211 405 1319 448 causa,
1679 410 1771 446 ibid:

931 452 1015 488 Cato
1023 453 1193 489 Uticensis
1205 454 1403 497 laboriosus,
1418 456 1473 493 sed
1487 470 1606 505 parurn
1618 459 1660 494 ad
1672 471 1761 499 rem,

981 503 1099 537 omnia
1116 515 1243 550 magno
1260 503 1371 540 studio
1387 508 1522 553 agebat,
1691 508 1759 553 238

936 551 1058 596 Causae
1070 551 1143 587 sunt
1156 563 1299 599 quatuor
1315 569 1325 594 ;
1353 557 1505 599 materia,
1519 556 1644 600 forma,
1657 557 1763 593 effici-

982 613 1040 636 ens
1058 600 1096 636 δι’
1114 601 1202 643 finis,
1688 619 1758 652 313

933 650 1149 685 ——finalium
1170 650 1339 698 inquisitio
1368 651 1500 694 sterilis,
1533 665 1611 701 109.
1664 656 1761 704 Phy-

982 698 1065 735 ficae
1085 700 1263 735 hominem
1280 713 1299 735 a
1318 701 1395 736 Deo
1413 703 1450 736 &
1467 704 1680 751 providentia
1691 718 1760 741 non

982 748 1167 791 abducunt,
1192 761 1269 785 110.
1296 749 1429 786 Finales
1448 752 1661 800 inquisitione
1679 755 1756 802 dig-

980 807 1053 839 nae,
1079 797 1157 833 ibid.
1182 802 1186 810 ‘
1206 799 1335 834 Finales
1351 811 1575 871 coriuperunt
1606 803 1759 851 philoso-

983 847 1116 893 phiam,
1437 850 1453 868 ‘³
1685 863 1756 900 279

934 895 990 930 De
1007 896 1142 930 cautelis
1159 894 1197 931 &
1213 896 1305 931 vitiis
1329 896 1520 946 respectivis
1552 899 1760 937 desideratur

978 944 1163 992 inquifitio,
1688 962 1760 996 204

933 993 1144 1030 Celeritasin
1164 994 1297 1030 actione
1315 997 1503 1040 necessaria,
1713 1002 1756 1036 88

932 1043 1091 1078 Celeritas
1109 1043 1142 1078 in
1162 1043 1260 1079 servis
1278 1046 1428 1082 maxime
1445 1047 1625 1093 spec‘httur,
1687 1059 1729 1084 22
1737 1062 1756 1096 3

934 1092 1054 1138 Celsus,
1081 1093 1251 1128 anatomia
1269 1093 1427 1131 vivorum
1445 1097 1488 1132 ab
1503 1109 1544 1132 eo
1561 1097 1758 1142 damnatur,

985 1153 1024 1176 12
1031 1154 1062 1187 5.
1078 1147 1084 1177 J
1114 1142 1169 1178 De
1186 1142 1331 1178 inventis
1348 1144 1453 1190 Celsus
1471 1145 1621 1181 medicus
1640 1144 1759 1187 lauda-

979 1200 1047 1233 tur,
1078 1202 1156 1237 139.
1209 1192 1265 1227 De
1296 1194 1536 1241 experimentis
1565 1189 1760 1232 medicin'ae

979 1241 1114 1288 opinio,
1687 1247 1756 1280 288

932 1289 1085 1325 Centrum
1102 1291 1292 1337 gravitatis,
1688 1306 1753 1341 151

930 1338 1085 1374 Centurio
1101 1340 1189 1388 apud
1208 1340 1366 1380 Tacitum,
1688 1354 1701 1379 1
1713 1347 1754 1379 18

932 1388 1036 1434 Cepae
1054 1389 1165 1424 semen
1182 1390 1286 1437 capiti
1304 1389 1439 1426 alterius
1461 1401 1562 1439 cepae
1592 1391 1756 1436 inditum,

977 1449 1020 1472 an
1041 1437 1170 1473 felicius
1187 1439 1405 1485 germinaret,
1687 1448 1754 1489 143

932 1486 1148 1530 Ceremoniae,
1174 1488 1216 1522 de
1234 1488 1271 1523 iis
1288 1488 1450 1535 plurima,
1689 1493 1754 1527 188

930 1536 1060 1572 Cereris
1077 1537 1230 1572 inventio
1248 1537 1331 1572 Pani
1350 1537 1524 1580 tribuitur,
1548 1539 1605 1575 86.
1659 1540 1756 1576 Ceres

978 1585 1100 1620 melior
1119 1586 1281 1629 Dodona,
1688 1600 1752 1636 172

930 1634 1078 1678 Cervfia
1096 1634 1190 1670 citius
1208 1635 1401 1671 maturescit
1418 1637 1452 1672 in
1469 1637 1600 1674 utribus
1626 1639 1754 1688 parvis,

981 1694 1063 1730 372.
1117 1684 1280 1730 Cervisiae
1299 1685 1373 1727 flos,
1473 1723 1477 1730 ,
1684 1689 1755 1734 380

929 1732 1144 1778 Chaeronense
1159 1733 1342 1781 proelium,
1364 1737 1419 1772 88.
1473 1735 1511 1770 In
1524 1748 1564 1772 eo
1575 1736 1756 1785 Philippus

976 1782 1009 1816 in
1023 1782 1182 1817 ultimum
1200 1783 1380 1819 discrimen
1398 1784 1572 1827 adduam,
1674 1786 1754 1822 ibid.

930 1831 1086 1865 Chaldaei
1103 1831 1186 1878 quid
1203 1831 1391 1868 statuebant
1407 1835 1450 1869 de
1467 1834 1659 1881 astrologia,
1685 1846 1749 1870 101

930 1879 1158 1915 Chaldaeorum
1174 1880 1355 1928 astrologia
1371 1883 1488 1929 qualis,
1686 1896 1699 1918 1
1708 1896 1726 1930 3
1732 1894 1754 1930 3

928 1929 1084 1965 Charitas
1103 1929 1253 1965 scientias
1267 1930 1339 1972 alit,
1368 1932 1425 1968 61.
1477 1930 1663 1968 Vinculum
1676 1943 1754 1979 per-

977 1978 1141 2018 feffionis,
1682 1992 1700 2016 2
1711 1993 1751 2018 12

924 2047 973 2053 —
987 2039 1053 2062 non
1072 2028 1222 2063 admittit
1237 2030 1416 2069 excelsum,
1670 2031 1753 2068 ibid.

927 2076 1115 2123 Chinenfis3
1144 2090 1186 2112 an
1203 2078 1352 2113 inventio
1368 2078 1490 2127 papyri
1506 2079 1544 2115 iis
1561 2080 1752 2123 tribuenda,

1683 2140 1696 2164 1
1728 2141 1749 2164 2

928 2174 1124 2219 Chinenfium
1157 2175 1362 2212 charasteres
1393 2176 1508 2220 reales,
1553 2190 1631 2226 159.
1683 2143 1754 2216 ffes

976 2236 1043 2259 non
1079 2225 1183 2260 verba
1217 2226 1453 2273 exprimentes,
1493 2226 1572 2262 ibid.
1622 2226 1754 2264 Modus

977 2274 1206 2309 conficiendae
1225 2275 1448 2322 porcessanae,
1683 2279 1753 2324 387

929 2322 1150 2358 Chiromantia
1169 2336 1219 2359 res
1238 2324 1368 2370 prorsus
1389 2335 1489 2366 vana,
1683 2337 1696 2360 1
1708 2336 1754 2374 19

928 2371 1170 2420 Cborographia
1186 2373 1303 2408 mundi
1315 2374 1493 2421 generalis,
1519 2374 1657 2416 vanitas,
1678 2375 1752 2412 &a

1681 2435 1754 2469 240

930 2469 1074 2514 Christus
1091 2471 1238 2507 summus
1257 2471 1416 2514 medicus,
1571 2484 1651 2515 120,
1683 2484 1748 2508 121

929 2520 1090 2555 Chronica
1116 2521 1380 2568 amplitudinem
1406 2520 1579 2557 astionum
1598 2523 1753 2570 publica-

977 2582 1052 2604 rum
1070 2581 1278 2617 proponunt,
1707 2583 1750 2619 7z

929 2618 1153 2665 Chronolagia,
1705 2630 1753 2667 70

926 2668 1113 2713 Chrffippus
1132 2669 1216 2703 inter
1235 2667 1396 2715 sophistas
1412 2679 1662 2709 annumeratus,
1681 2672 1751 2716 287

927 2717 1073 2762 Chymica
1092 2718 1143 2752 cui
1162 2718 1406 2764 comparanda,
1432 2730 1491 2761 42.
1542 2720 1636 2767 Qas
1664 2718 1697 2753 in
1717 2720 1751 2754 se

974 2766 1107 2814 suscipit
1124 2778 1246 2814 partes,
1671 2767 1751 2804 ibid.

926 2816 954 2849 C
955 2816 1067 2859 hymici
1070 2843 1079 2857 ,
1682 2829 1694 2852 1
1703 2828 1719 2851 2
1727 2828 1747 2861 3

924 2866 1139 2909 Chymicorum
1158 2877 1248 2900 nova
1267 2864 1487 2913 philosophia,
1507 2876 1563 2909 44.
1606 2866 1747 2901 Dietum

972 2926 1091 2948 eorum
1105 2914 1147 2949 de
1157 2914 1324 2955 Vulcano,
1353 2922 1409 2960 97.
1463 2913 1518 2948 Ex
1535 2914 1677 2950 fornacis
1688 2927 1747 2949 ex—

972 2963 1167 3010 perimentis
1177 2963 1428 3010 philosophiam
1437 2963 1635 2999 constituere
1643 2964 1752 3011 phan-

972 3013 1139 3054 tasticam,
1169 3014 1249 3048 280.
1302 3012 1434 3048 Eorum
1448 3012 1622 3058 dogmata,
1677 3014 1745 3058 283

921 3083 971 3090 --
986 3061 1119 3096 Eorum
1132 3061 1281 3096 Phalanx
1299 3061 1454 3103 fanatica,
1485 3072 1562 3105 154.
1613 3060 1747 3096 Eorum

973 3110 1131 3146 industria
1148 3111 1308 3145 nonnulla
1326 3110 1464 3146 fortuito
1480 3109 1610 3158 peperit
1629 3111 1748 3145 inven-

968 3171 1014 3202 ta,
1033 3161 1113 3197 288.
1167 3161 1298 3196 Eorum
1312 3159 1401 3200 trias,
1676 3169 1749 3205 390

1258 3209 1289 3243 E
1304 3222 1319 3243 e
1333 3221 1351 3243 e
1586 3207 1749 3244 Ciceronis
