<?xml version="1.0" encoding="UTF-8"?>
<!DOCTYPE html PUBLIC "-//W3C//DTD XHTML 1.0 Transitional//EN"
    "http://www.w3.org/TR/xhtml1/DTD/xhtml1-transitional.dtd">
<html xmlns="http://www.w3.org/1999/xhtml" xml:lang="en" lang="en">
 <head>
  <title>
</title>
<meta http-equiv="Content-Type" content="text/html;charset=utf-8" />
  <meta name='ocr-system' content='tesseract 3.04.00' />
  <meta name='ocr-capabilities' content='ocr_page ocr_carea ocr_par ocr_line ocrx_word'/>
</head>
<body>
  <div class='ocr_page' id='page_1' title='image "./worksoffrancisb01baco_0341.png"; bbox 0 0 2040 3439; ppageno 0'>
   <div class='ocr_carea' id='block_1_1' title="bbox 128 140 1523 214">
    <p class='ocr_par' dir='ltr' id='par_1_1' title="bbox 128 140 1523 214">
     <span class='ocr_line' id='line_1_1' title="bbox 128 140 1523 214; baseline 0.005 -19"><span class='ocrx_word' id='word_1_1' title='bbox 128 150 307 214; x_wconf 63' lang='lat' dir='ltr'>capit.</span> <span class='ocrx_word' id='word_1_2' title='bbox 379 140 956 198; x_wconf 55' lang='lat' dir='ltr'>DE‘21tU&#39;GMEN‘1&#39;18</span> <span class='ocrx_word' id='word_1_3' title='bbox 991 153 1523 213; x_wconf 74' lang='lat' dir='ltr'>SCIENTIARUM.</span> 
     </span>
    </p>
   </div>
   <div class='ocr_carea' id='block_1_2' title="bbox 75 246 1723 2552">
    <p class='ocr_par' dir='ltr' id='par_1_2' title="bbox 116 246 1723 683">
     <span class='ocr_line' id='line_1_2' title="bbox 124 246 1723 293; baseline 0.004 -6"><span class='ocrx_word' id='word_1_4' title='bbox 124 250 306 288; x_wconf 86' lang='lat' dir='ltr'>foliorum</span> <span class='ocrx_word' id='word_1_5' title='bbox 342 259 534 284; x_wconf 82' lang='lat' dir='ltr'>murmura</span> <span class='ocrx_word' id='word_1_6' title='bbox 567 246 649 284; x_wconf 90' lang='lat' dir='ltr'>sunt</span> <span class='ocrx_word' id='word_1_7' title='bbox 675 250 710 285; x_wconf 70' lang='grc' dir='ltr'>ὅ(</span> <span class='ocrx_word' id='word_1_8' title='bbox 735 249 836 285; x_wconf 89' lang='lat' dir='ltr'>brevi</span> <span class='ocrx_word' id='word_1_9' title='bbox 868 248 1100 286; x_wconf 80' lang='lat' dir='ltr'>evanescunt.</span> <span class='ocrx_word' id='word_1_10' title='bbox 1158 252 1333 288; x_wconf 81' lang='lat' dir='ltr'>Secundo</span> <span class='ocrx_word' id='word_1_11' title='bbox 1348 253 1535 290; x_wconf 62' lang='lat' dir='ltr'>curiositas</span> <span class='ocrx_word' id='word_1_12' title='bbox 1561 257 1622 292; x_wconf 78' lang='lat' dir='ltr'>illa</span> <span class='ocrx_word' id='word_1_13' title='bbox 1642 256 1723 293; x_wconf 78' lang='lat' dir='ltr'>‘aui-</span> 
     </span>
     <span class='ocr_line' id='line_1_3' title="bbox 124 301 1721 359; baseline 0.005 -19"><span class='ocrx_word' id='word_1_14' title='bbox 124 316 230 342; x_wconf 86' lang='lat' dir='ltr'>mum</span> <span class='ocrx_word' id='word_1_15' title='bbox 261 301 527 354; x_wconf 76' lang='lat' dir='ltr'>iiiipieionibus</span> <span class='ocrx_word' id='word_1_16' title='bbox 546 302 673 339; x_wconf 85' lang='lat' dir='ltr'>nimiis</span> <span class='ocrx_word' id='word_1_17' title='bbox 694 313 856 345; x_wconf 61' lang='lat' dir='ltr'>onerat}</span> <span class='ocrx_word' id='word_1_18' title='bbox 885 306 988 355; x_wconf 84' lang='lat' dir='ltr'>quod</span> <span class='ocrx_word' id='word_1_19' title='bbox 1018 303 1178 341; x_wconf 78' lang='lat' dir='ltr'>consiliis</span> <span class='ocrx_word' id='word_1_20' title='bbox 1199 304 1494 345; x_wconf 73' lang='lat' dir='ltr'>inimicitiimum</span> <span class='ocrx_word' id='word_1_21' title='bbox 1516 308 1576 356; x_wconf 81' lang='lat' dir='ltr'>est,</span> <span class='ocrx_word' id='word_1_22' title='bbox 1606 323 1721 359; x_wconf 77' lang='lat' dir='ltr'>eaque</span> 
     </span>
     <span class='ocr_line' id='line_1_4' title="bbox 123 356 1722 414; baseline 0.005 -19"><span class='ocrx_word' id='word_1_23' title='bbox 123 360 244 397; x_wconf 71' lang='lat' dir='ltr'>reddit</span> <span class='ocrx_word' id='word_1_24' title='bbox 268 356 508 394; x_wconf 74' lang='lat' dir='ltr'>inconstantia</span> <span class='ocrx_word' id='word_1_25' title='bbox 530 359 566 393; x_wconf 69' lang='grc' dir='ltr'>ὅ(</span> <span class='ocrx_word' id='word_1_26' title='bbox 595 359 828 407; x_wconf 87' lang='lat' dir='ltr'>complicata.</span> <span class='ocrx_word' id='word_1_27' title='bbox 886 359 1020 396; x_wconf 77' lang='lat' dir='ltr'>Tertio</span> <span class='ocrx_word' id='word_1_28' title='bbox 1036 361 1164 396; x_wconf 81' lang='lat' dir='ltr'>cadem</span> <span class='ocrx_word' id='word_1_29' title='bbox 1184 362 1281 397; x_wconf 87' lang='lat' dir='ltr'>mala</span> <span class='ocrx_word' id='word_1_30' title='bbox 1298 360 1369 412; x_wconf 66' lang='lat' dir='ltr'>ipra</span> <span class='ocrx_word' id='word_1_31' title='bbox 1400 361 1601 414; x_wconf 67' lang='lat' dir='ltr'>ilicpiffime</span> <span class='ocrx_word' id='word_1_32' title='bbox 1630 366 1722 413; x_wconf 53' lang='lat' dir='ltr'>tigit,</span> 
     </span>
     <span class='ocr_line' id='line_1_5' title="bbox 122 408 1721 469; baseline 0.005 -19"><span class='ocrx_word' id='word_1_33' title='bbox 122 413 558 465; x_wconf 77' lang='lat' dir='ltr'>aliasptaetervolatura:</span> <span class='ocrx_word' id='word_1_34' title='bbox 590 412 708 449; x_wconf 83' lang='lat' dir='ltr'>Grave</span> <span class='ocrx_word' id='word_1_35' title='bbox 733 412 833 450; x_wconf 83' lang='lat' dir='ltr'>enim</span> <span class='ocrx_word' id='word_1_36' title='bbox 863 413 911 450; x_wconf 81' lang='lat' dir='ltr'>est</span> <span class='ocrx_word' id='word_1_37' title='bbox 945 413 1187 452; x_wconf 67' lang='lat' dir='ltr'>conscientias</span> <span class='ocrx_word' id='word_1_38' title='bbox 1218 416 1420 453; x_wconf 84' lang='lat' dir='ltr'>hominum</span> <span class='ocrx_word' id='word_1_39' title='bbox 1447 420 1614 462; x_wconf 82' lang='lat' dir='ltr'>irritare3</span> <span class='ocrx_word' id='word_1_40' title='bbox 1644 408 1721 469; x_wconf 57' lang='lat' dir='ltr'>(ini,</span> 
     </span>
     <span class='ocr_line' id='line_1_6' title="bbox 123 466 1720 523; baseline 0.005 -18"><span class='ocrx_word' id='word_1_41' title='bbox 123 467 148 505; x_wconf 74' lang='lat' dir='ltr'><strong>fi</strong></span> <span class='ocrx_word' id='word_1_42' title='bbox 169 470 279 506; x_wconf 81' lang='lat' dir='ltr'>latete</span> <span class='ocrx_word' id='word_1_43' title='bbox 306 467 340 503; x_wconf 84' lang='lat' dir='ltr'>se</span> <span class='ocrx_word' id='word_1_44' title='bbox 363 471 508 518; x_wconf 81' lang='lat' dir='ltr'>putent,</span> <span class='ocrx_word' id='word_1_45' title='bbox 537 466 644 503; x_wconf 81' lang='lat' dir='ltr'>facile</span> <span class='ocrx_word' id='word_1_46' title='bbox 672 478 864 504; x_wconf 84' lang='lat' dir='ltr'>mutantur</span> <span class='ocrx_word' id='word_1_47' title='bbox 893 470 931 505; x_wconf 95' lang='lat' dir='ltr'>in</span> <span class='ocrx_word' id='word_1_48' title='bbox 956 471 1102 514; x_wconf 74' lang='lat' dir='ltr'>inclitis,</span> <span class='ocrx_word' id='word_1_49' title='bbox 1131 467 1182 506; x_wconf 85' lang='lat' dir='ltr'>iin</span> <span class='ocrx_word' id='word_1_50' title='bbox 1212 471 1459 519; x_wconf 80' lang='lat' dir='ltr'>deprehensos</span> <span class='ocrx_word' id='word_1_51' title='bbox 1487 473 1522 510; x_wconf 80' lang='lat' dir='ltr'>sc</span> <span class='ocrx_word' id='word_1_52' title='bbox 1550 473 1720 523; x_wconf 81' lang='lat' dir='ltr'>sentiant,</span> 
     </span>
     <span class='ocr_line' id='line_1_7' title="bbox 121 522 1719 575; baseline 0.004 -15"><span class='ocrx_word' id='word_1_53' title='bbox 121 525 263 560; x_wconf 80' lang='lat' dir='ltr'>malum</span> <span class='ocrx_word' id='word_1_54' title='bbox 289 523 392 558; x_wconf 85' lang='lat' dir='ltr'>malo</span> <span class='ocrx_word' id='word_1_55' title='bbox 420 523 578 570; x_wconf 84' lang='lat' dir='ltr'>pellunt.</span> <span class='ocrx_word' id='word_1_56' title='bbox 635 522 779 559; x_wconf 81' lang='lat' dir='ltr'>Merito</span> <span class='ocrx_word' id='word_1_57' title='bbox 795 524 907 572; x_wconf 69' lang='lat' dir='ltr'>igitur</span> <span class='ocrx_word' id='word_1_58' title='bbox 936 524 1102 560; x_wconf 72' lang='lat' dir='ltr'>summae</span> <span class='ocrx_word' id='word_1_59' title='bbox 1117 524 1334 575; x_wconf 75' lang='lat' dir='ltr'>prudentiae</span> <span class='ocrx_word' id='word_1_60' title='bbox 1359 529 1590 565; x_wconf 78' lang='lat' dir='ltr'>tribuebatur</span> <span class='ocrx_word' id='word_1_61' title='bbox 1608 531 1719 567; x_wconf 86' lang='lat' dir='ltr'>Pom-</span> 
     </span>
     <span class='ocr_line' id='line_1_8' title="bbox 117 576 1721 633; baseline 0.006 -19"><span class='ocrx_word' id='word_1_62' title='bbox 117 579 206 633; x_wconf 78' lang='lat' dir='ltr'>peio</span> <span class='ocrx_word' id='word_1_63' title='bbox 236 578 393 626; x_wconf 75' lang='lat' dir='ltr'>Magno,</span> <span class='ocrx_word' id='word_1_64' title='bbox 423 577 528 624; x_wconf 84' lang='lat' dir='ltr'>quod</span> <span class='ocrx_word' id='word_1_65' title='bbox 561 576 715 614; x_wconf 85' lang='lat' dir='ltr'>Sertorii</span> <span class='ocrx_word' id='word_1_66' title='bbox 743 578 884 614; x_wconf 78' lang='lat' dir='ltr'>chartas</span> <span class='ocrx_word' id='word_1_67' title='bbox 911 577 1108 623; x_wconf 75' lang='lat' dir='ltr'>universas,</span> <span class='ocrx_word' id='word_1_68' title='bbox 1137 592 1208 617; x_wconf 85' lang='lat' dir='ltr'>nec</span> <span class='ocrx_word' id='word_1_69' title='bbox 1228 592 1246 616; x_wconf 81' lang='lat' dir='ltr'>a</span> <span class='ocrx_word' id='word_1_70' title='bbox 1276 579 1310 616; x_wconf 87' lang='lat' dir='ltr'>sc</span> <span class='ocrx_word' id='word_1_71' title='bbox 1334 584 1520 630; x_wconf 47' lang='lat' dir='ltr'>perlectis,</span> <span class='ocrx_word' id='word_1_72' title='bbox 1550 596 1620 621; x_wconf 72' lang='lat' dir='ltr'>nec</span> <span class='ocrx_word' id='word_1_73' title='bbox 1642 586 1721 622; x_wconf 82' lang='lat' dir='ltr'>aliis</span> 
     </span>
     <span class='ocr_line' id='line_1_9' title="bbox 116 630 800 683; baseline 0 -14"><span class='ocrx_word' id='word_1_74' title='bbox 116 630 311 683; x_wconf 70' lang='lat' dir='ltr'>permissas,</span> <span class='ocrx_word' id='word_1_75' title='bbox 340 630 415 680; x_wconf 74' lang='lat' dir='ltr'>igni</span> <span class='ocrx_word' id='word_1_76' title='bbox 445 633 614 680; x_wconf 84' lang='lat' dir='ltr'>protinus</span> <span class='ocrx_word' id='word_1_77' title='bbox 636 632 800 669; x_wconf 72' lang='lat' dir='ltr'>dediss&#39;ct.</span> 
     </span>
    </p>

    <p class='ocr_par' dir='ltr' id='par_1_3' title="bbox 169 684 1715 739">
     <span class='ocr_line' id='line_1_10' title="bbox 169 684 1715 739; baseline 0.005 -15"><span class='ocrx_word' id='word_1_78' title='bbox 169 684 317 725; x_wconf 71' lang='lat' dir='ltr'>Parab.</span> <span class='ocrx_word' id='word_1_79' title='bbox 342 698 374 735; x_wconf 86' lang='lat'>5.</span> <span class='ocrx_word' id='word_1_80' title='bbox 405 686 440 722; x_wconf 87' lang='lat' dir='ltr'><strong>A</strong></span> <span class='ocrx_word' id='word_1_81' title='bbox 455 696 648 724; x_wconf 75' lang='lat' dir='ltr'>DVENlr</span> <span class='ocrx_word' id='word_1_82' title='bbox 673 689 788 724; x_wconf 85' lang='lat' dir='ltr'>veluti</span> <span class='ocrx_word' id='word_1_83' title='bbox 811 686 935 725; x_wconf 84' lang='lat' dir='ltr'>viator</span> <span class='ocrx_word' id='word_1_84' title='bbox 947 689 1150 739; x_wconf 53' lang='lat' dir='ltr'>pauperum,</span> <span class='ocrx_word' id='word_1_85' title='bbox 1173 691 1207 725; x_wconf 70' lang='lat' dir='ltr'>&lt;Sc</span> <span class='ocrx_word' id='word_1_86' title='bbox 1223 688 1355 738; x_wconf 72' lang='lat' dir='ltr'>egestas</span> <span class='ocrx_word' id='word_1_87' title='bbox 1366 689 1462 739; x_wconf 79' lang='lat' dir='ltr'>quasi</span> <span class='ocrx_word' id='word_1_88' title='bbox 1479 692 1715 732; x_wconf 68' lang='lat' dir='ltr'>vii-armatus.</span> 
     </span>
    </p>

    <p class='ocr_par' dir='ltr' id='par_1_4' title="bbox 106 739 1716 1166">
     <span class='ocr_line' id='line_1_11' title="bbox 135 739 1715 797; baseline 0.006 -20"><span class='ocrx_word' id='word_1_89' title='bbox 135 773 138 777; x_wconf 87' lang='lat'>.</span> <span class='ocrx_word' id='word_1_90' title='bbox 167 739 273 794; x_wconf 80' lang='lat' dir='ltr'>Exp.</span> <span class='ocrx_word' id='word_1_91' title='bbox 304 743 615 778; x_wconf 80' lang='lat' dir='ltr'>ELEGANTER</span> <span class='ocrx_word' id='word_1_92' title='bbox 644 741 861 780; x_wconf 83' lang='lat' dir='ltr'>describitur</span> <span class='ocrx_word' id='word_1_93' title='bbox 884 741 925 779; x_wconf 91' lang='lat' dir='ltr'>in</span> <span class='ocrx_word' id='word_1_94' title='bbox 954 743 1140 791; x_wconf 85' lang='lat' dir='ltr'>parabola,</span> <span class='ocrx_word' id='word_1_95' title='bbox 1169 746 1371 791; x_wconf 78' lang='lat' dir='ltr'>quomodo</span> <span class='ocrx_word' id='word_1_96' title='bbox 1396 746 1559 797; x_wconf 72' lang='lat' dir='ltr'>prodigis</span> <span class='ocrx_word' id='word_1_97' title='bbox 1584 752 1618 785; x_wconf 69' lang='grc' dir='ltr'>ὃ(</span> <span class='ocrx_word' id='word_1_98' title='bbox 1648 753 1715 786; x_wconf 87' lang='lat' dir='ltr'>cir-</span> 
     </span>
     <span class='ocr_line' id='line_1_12' title="bbox 114 794 1716 853; baseline 0.004 -18"><span class='ocrx_word' id='word_1_99' title='bbox 114 808 258 838; x_wconf 64' lang='lat' dir='ltr'>cat-em</span> <span class='ocrx_word' id='word_1_100' title='bbox 281 795 503 833; x_wconf 82' lang='lat' dir='ltr'>familiarem</span> <span class='ocrx_word' id='word_1_101' title='bbox 521 794 724 843; x_wconf 70' lang='lat' dir='ltr'>incur-tofis,</span> <span class='ocrx_word' id='word_1_102' title='bbox 754 797 1014 847; x_wconf 83' lang='lat' dir='ltr'>superveniant</span> <span class='ocrx_word' id='word_1_103' title='bbox 1036 797 1224 846; x_wconf 73' lang='lat' dir='ltr'>naufragia</span> <span class='ocrx_word' id='word_1_104' title='bbox 1252 799 1502 838; x_wconf 84' lang='lat' dir='ltr'>fortunarum.</span> <span class='ocrx_word' id='word_1_105' title='bbox 1560 804 1595 838; x_wconf 76' lang='lat' dir='ltr'>A</span> <span class='ocrx_word' id='word_1_106' title='bbox 1617 807 1716 853; x_wconf 85' lang='lat' dir='ltr'>prin—</span> 
     </span>
     <span class='ocr_line' id='line_1_13' title="bbox 108 848 1716 904; baseline 0.005 -16"><span class='ocrx_word' id='word_1_107' title='bbox 108 852 212 904; x_wconf 77' lang='lat' dir='ltr'>,cipio</span> <span class='ocrx_word' id='word_1_108' title='bbox 239 853 344 896; x_wconf 85' lang='lat' dir='ltr'>enim</span> <span class='ocrx_word' id='word_1_109' title='bbox 365 849 595 903; x_wconf 85' lang='lat' dir='ltr'>pedetentim</span> <span class='ocrx_word' id='word_1_110' title='bbox 617 853 653 888; x_wconf 77' lang='grc' dir='ltr'>ὅ(</span> <span class='ocrx_word' id='word_1_111' title='bbox 676 848 834 901; x_wconf 82' lang='lat' dir='ltr'>paffibus</span> <span class='ocrx_word' id='word_1_112' title='bbox 849 853 970 897; x_wconf 85' lang='lat' dir='ltr'>lentis,</span> <span class='ocrx_word' id='word_1_113' title='bbox 999 851 1106 888; x_wconf 87' lang='lat' dir='ltr'>instar</span> <span class='ocrx_word' id='word_1_114' title='bbox 1121 853 1284 899; x_wconf 84' lang='lat' dir='ltr'>viatoris,</span> <span class='ocrx_word' id='word_1_115' title='bbox 1307 855 1457 891; x_wconf 83' lang='lat' dir='ltr'>advenit</span> <span class='ocrx_word' id='word_1_116' title='bbox 1474 857 1663 895; x_wconf 78' lang='lat' dir='ltr'>obaeratio</span> <span class='ocrx_word' id='word_1_117' title='bbox 1679 865 1716 897; x_wconf 60' lang='lat' dir='ltr'>&lt;X</span> 
     </span>
     <span class='ocr_line' id='line_1_14' title="bbox 111 904 1716 962; baseline 0.004 -17"><span class='ocrx_word' id='word_1_118' title='bbox 111 907 220 946; x_wconf 81' lang='lat' dir='ltr'>sortis</span> <span class='ocrx_word' id='word_1_119' title='bbox 246 904 461 951; x_wconf 84' lang='lat' dir='ltr'>diminutio,</span> <span class='ocrx_word' id='word_1_120' title='bbox 491 918 613 954; x_wconf 88' lang='lat' dir='ltr'>neque</span> <span class='ocrx_word' id='word_1_121' title='bbox 640 906 718 943; x_wconf 88' lang='lat' dir='ltr'>fere</span> <span class='ocrx_word' id='word_1_122' title='bbox 745 905 925 944; x_wconf 88' lang='lat' dir='ltr'>sentitur:</span> <span class='ocrx_word' id='word_1_123' title='bbox 955 907 1010 943; x_wconf 92' lang='lat' dir='ltr'>At</span> <span class='ocrx_word' id='word_1_124' title='bbox 1031 918 1113 943; x_wconf 88' lang='lat' dir='ltr'>non</span> <span class='ocrx_word' id='word_1_125' title='bbox 1141 907 1266 944; x_wconf 89' lang='lat' dir='ltr'>multo</span> <span class='ocrx_word' id='word_1_126' title='bbox 1295 908 1374 957; x_wconf 87' lang='lat' dir='ltr'>post</span> <span class='ocrx_word' id='word_1_127' title='bbox 1400 908 1538 948; x_wconf 79' lang='lat' dir='ltr'>invadit</span> <span class='ocrx_word' id='word_1_128' title='bbox 1570 913 1716 962; x_wconf 64' lang='lat' dir='ltr'>egestas,</span> 
     </span>
     <span class='ocr_line' id='line_1_15' title="bbox 109 959 1715 1015; baseline 0.004 -15"><span class='ocrx_word' id='word_1_129' title='bbox 109 972 288 1011; x_wconf 82' lang='lat' dir='ltr'>tanquam</span> <span class='ocrx_word' id='word_1_130' title='bbox 318 963 373 1000; x_wconf 84' lang='lat' dir='ltr'>vir</span> <span class='ocrx_word' id='word_1_131' title='bbox 401 970 575 1006; x_wconf 85' lang='lat' dir='ltr'>armatus,</span> <span class='ocrx_word' id='word_1_132' title='bbox 604 972 720 998; x_wconf 79' lang='lat' dir='ltr'>manu</span> <span class='ocrx_word' id='word_1_133' title='bbox 744 961 883 998; x_wconf 86' lang='lat' dir='ltr'>scilicet</span> <span class='ocrx_word' id='word_1_134' title='bbox 911 972 989 998; x_wconf 82' lang='lat' dir='ltr'>tam</span> <span class='ocrx_word' id='word_1_135' title='bbox 1017 959 1105 997; x_wconf 91' lang='lat' dir='ltr'>forti</span> <span class='ocrx_word' id='word_1_136' title='bbox 1122 963 1158 998; x_wconf 73' lang='grc' dir='ltr'>ὃ(</span> <span class='ocrx_word' id='word_1_137' title='bbox 1183 972 1350 1010; x_wconf 85' lang='lat' dir='ltr'>potente,</span> <span class='ocrx_word' id='word_1_138' title='bbox 1382 974 1420 1001; x_wconf 90' lang='lat' dir='ltr'>ut</span> <span class='ocrx_word' id='word_1_139' title='bbox 1442 963 1474 1000; x_wconf 84' lang='lat' dir='ltr'>ci</span> <span class='ocrx_word' id='word_1_140' title='bbox 1488 969 1646 1015; x_wconf 82' lang='lat' dir='ltr'>amplius</span> <span class='ocrx_word' id='word_1_141' title='bbox 1663 981 1715 1006; x_wconf 89' lang='lat' dir='ltr'>rc-</span> 
     </span>
     <span class='ocr_line' id='line_1_16' title="bbox 108 1012 1713 1068; baseline 0.002 -13"><span class='ocrx_word' id='word_1_142' title='bbox 108 1015 175 1056; x_wconf 81' lang='lat' dir='ltr'>fisti</span> <span class='ocrx_word' id='word_1_143' title='bbox 203 1028 284 1054; x_wconf 93' lang='lat' dir='ltr'>non</span> <span class='ocrx_word' id='word_1_144' title='bbox 303 1012 441 1068; x_wconf 80' lang='lat' dir='ltr'>possit:</span> <span class='ocrx_word' id='word_1_145' title='bbox 473 1016 577 1052; x_wconf 88' lang='lat' dir='ltr'>Cum</span> <span class='ocrx_word' id='word_1_146' title='bbox 606 1017 702 1065; x_wconf 87' lang='lat' dir='ltr'>apud</span> <span class='ocrx_word' id='word_1_147' title='bbox 732 1018 911 1065; x_wconf 84' lang='lat' dir='ltr'>antiquos</span> <span class='ocrx_word' id='word_1_148' title='bbox 939 1016 1036 1052; x_wconf 67' lang='lat' dir='ltr'>reste</span> <span class='ocrx_word' id='word_1_149' title='bbox 1063 1016 1205 1053; x_wconf 62' lang='lat' dir='ltr'>dicium</span> <span class='ocrx_word' id='word_1_150' title='bbox 1225 1014 1278 1063; x_wconf 81' lang='lat' dir='ltr'>fit,</span> <span class='ocrx_word' id='word_1_151' title='bbox 1309 1015 1562 1056; x_wconf 72' lang='lat' dir='ltr'>neccffitatcm</span> <span class='ocrx_word' id='word_1_152' title='bbox 1580 1034 1620 1059; x_wconf 79' lang='lat' dir='ltr'>cx</span> <span class='ocrx_word' id='word_1_153' title='bbox 1633 1036 1713 1059; x_wconf 90' lang='lat' dir='ltr'>om-</span> 
     </span>
     <span class='ocr_line' id='line_1_17' title="bbox 108 1066 1713 1121; baseline 0.003 -11"><span class='ocrx_word' id='word_1_154' title='bbox 108 1072 222 1115; x_wconf 18' lang='lat' dir='ltr'>nibus,</span> <span class='ocrx_word' id='word_1_155' title='bbox 244 1071 352 1109; x_wconf 88' lang='lat' dir='ltr'>rebus</span> <span class='ocrx_word' id='word_1_156' title='bbox 379 1071 447 1108; x_wconf 79' lang='lat' dir='ltr'>effe</span> <span class='ocrx_word' id='word_1_157' title='bbox 478 1066 730 1108; x_wconf 82' lang='lat' dir='ltr'>fortiffimam.</span> <span class='ocrx_word' id='word_1_158' title='bbox 790 1073 917 1121; x_wconf 80' lang='lat' dir='ltr'>ltaque</span> <span class='ocrx_word' id='word_1_159' title='bbox 946 1072 1079 1108; x_wconf 88' lang='lat' dir='ltr'>viatori</span> <span class='ocrx_word' id='word_1_160' title='bbox 1109 1074 1398 1119; x_wconf 86' lang='lat' dir='ltr'>occurrendum,</span> <span class='ocrx_word' id='word_1_161' title='bbox 1430 1086 1562 1112; x_wconf 85' lang='lat' dir='ltr'>contra</span> <span class='ocrx_word' id='word_1_162' title='bbox 1599 1090 1713 1115; x_wconf 85' lang='lat' dir='ltr'>arma-</span> 
     </span>
     <span class='ocr_line' id='line_1_18' title="bbox 106 1127 471 1166; baseline -0.011 0"><span class='ocrx_word' id='word_1_163' title='bbox 106 1137 196 1166; x_wconf 51' lang='lat' dir='ltr'>tum*</span> <span class='ocrx_word' id='word_1_164' title='bbox 207 1127 471 1164; x_wconf 86' lang='lat' dir='ltr'>muniendum.</span> 
     </span>
    </p>

    <p class='ocr_par' dir='ltr' id='par_1_5' title="bbox 104 1179 1712 1287">
     <span class='ocr_line' id='line_1_19' title="bbox 162 1179 1712 1237; baseline 0.003 -17"><span class='ocrx_word' id='word_1_165' title='bbox 162 1179 311 1220; x_wconf 79' lang='lat' dir='ltr'>Parab.</span> <span class='ocrx_word' id='word_1_166' title='bbox 330 1183 366 1219; x_wconf 91' lang='lat'>6.</span> <span class='ocrx_word' id='word_1_167' title='bbox 397 1183 494 1232; x_wconf 76' lang='lat' dir='ltr'>QUI</span> <span class='ocrx_word' id='word_1_168' title='bbox 524 1182 647 1219; x_wconf 86' lang='lat' dir='ltr'>crudit</span> <span class='ocrx_word' id='word_1_169' title='bbox 671 1182 887 1229; x_wconf 87' lang='lat' dir='ltr'>derisorem,</span> <span class='ocrx_word' id='word_1_170' title='bbox 917 1180 991 1232; x_wconf 88' lang='lat' dir='ltr'>ipse</span> <span class='ocrx_word' id='word_1_171' title='bbox 1013 1179 1269 1228; x_wconf 77' lang='lat' dir='ltr'>fibiinjuriam</span> <span class='ocrx_word' id='word_1_172' title='bbox 1298 1183 1409 1227; x_wconf 58' lang='lat' dir='ltr'>facim</span> <span class='ocrx_word' id='word_1_173' title='bbox 1441 1186 1477 1221; x_wconf 72' lang='grc' dir='ltr'>δε</span> <span class='ocrx_word' id='word_1_174' title='bbox 1507 1185 1570 1234; x_wconf 90' lang='lat' dir='ltr'>qui</span> <span class='ocrx_word' id='word_1_175' title='bbox 1590 1189 1712 1237; x_wconf 79' lang='lat' dir='ltr'>arguit</span> 
     </span>
     <span class='ocr_line' id='line_1_20' title="bbox 104 1235 776 1287; baseline 0 -12"><span class='ocrx_word' id='word_1_176' title='bbox 104 1238 278 1287; x_wconf 85' lang='lat' dir='ltr'>impium,</span> <span class='ocrx_word' id='word_1_177' title='bbox 308 1235 372 1273; x_wconf 79' lang='lat' dir='ltr'>sibi</span> <span class='ocrx_word' id='word_1_178' title='bbox 396 1237 582 1273; x_wconf 81' lang='lat' dir='ltr'>maculam</span> <span class='ocrx_word' id='word_1_179' title='bbox 610 1249 776 1286; x_wconf 82' lang='lat' dir='ltr'>generat.</span> 
     </span>
    </p>

    <p class='ocr_par' dir='ltr' id='par_1_6' title="bbox 96 1289 1710 1892">
     <span class='ocr_line' id='line_1_21' title="bbox 159 1289 1710 1349; baseline 0.003 -19"><span class='ocrx_word' id='word_1_180' title='bbox 159 1289 265 1344; x_wconf 83' lang='lat' dir='ltr'>Exp.</span> <span class='ocrx_word' id='word_1_181' title='bbox 297 1292 573 1329; x_wconf 79' lang='lat' dir='ltr'>CoNGRUIT</span> <span class='ocrx_word' id='word_1_182' title='bbox 594 1304 683 1328; x_wconf 90' lang='lat' dir='ltr'>cum</span> <span class='ocrx_word' id='word_1_183' title='bbox 697 1301 895 1343; x_wconf 86' lang='lat' dir='ltr'>praecepto</span> <span class='ocrx_word' id='word_1_184' title='bbox 913 1290 1121 1338; x_wconf 68' lang='lat' dir='ltr'>Salvator-is,</span> <span class='ocrx_word' id='word_1_185' title='bbox 1151 1289 1204 1329; x_wconf 91' lang='lat' dir='ltr'>Ut</span> <span class='ocrx_word' id='word_1_186' title='bbox 1233 1305 1312 1330; x_wconf 89' lang='lat' dir='ltr'>non</span> <span class='ocrx_word' id='word_1_187' title='bbox 1340 1295 1534 1332; x_wconf 74' lang='lat' dir='ltr'>mittamus</span> <span class='ocrx_word' id='word_1_188' title='bbox 1563 1308 1710 1349; x_wconf 81' lang='lat' dir='ltr'>marga-</span> 
     </span>
     <span class='ocr_line' id='line_1_22' title="bbox 105 1343 1709 1401; baseline 0.003 -17"><span class='ocrx_word' id='word_1_189' title='bbox 105 1346 209 1390; x_wconf 79' lang='lat' dir='ltr'>ritas</span> <span class='ocrx_word' id='word_1_190' title='bbox 222 1343 369 1396; x_wconf 80' lang='lat' dir='ltr'>nostras</span> <span class='ocrx_word' id='word_1_191' title='bbox 384 1351 478 1382; x_wconf 84' lang='lat' dir='ltr'>ante</span> <span class='ocrx_word' id='word_1_192' title='bbox 482 1354 631 1396; x_wconf 83' lang='lat' dir='ltr'>porcos.</span> <span class='ocrx_word' id='word_1_193' title='bbox 661 1347 951 1395; x_wconf 79' lang='lat' dir='ltr'>Distinguuntur</span> <span class='ocrx_word' id='word_1_194' title='bbox 967 1357 1092 1383; x_wconf 85' lang='lat' dir='ltr'>autem</span> <span class='ocrx_word' id='word_1_195' title='bbox 1109 1347 1146 1382; x_wconf 91' lang='lat' dir='ltr'>in</span> <span class='ocrx_word' id='word_1_196' title='bbox 1163 1346 1230 1383; x_wconf 76' lang='lat' dir='ltr'>hac</span> <span class='ocrx_word' id='word_1_197' title='bbox 1245 1349 1417 1397; x_wconf 85' lang='lat' dir='ltr'>parabola</span> <span class='ocrx_word' id='word_1_198' title='bbox 1432 1351 1596 1388; x_wconf 58' lang='lat' dir='ltr'>actiones</span> <span class='ocrx_word' id='word_1_199' title='bbox 1609 1364 1709 1401; x_wconf 80' lang='lat' dir='ltr'>prae-</span> 
     </span>
     <span class='ocr_line' id='line_1_23' title="bbox 101 1398 1708 1452; baseline 0.002 -13"><span class='ocrx_word' id='word_1_200' title='bbox 101 1401 285 1451; x_wconf 79' lang='lat' dir='ltr'>ceptionis</span> <span class='ocrx_word' id='word_1_201' title='bbox 311 1404 346 1438; x_wconf 78' lang='grc' dir='ltr'>ὃ(</span> <span class='ocrx_word' id='word_1_202' title='bbox 372 1398 689 1452; x_wconf 76' lang='lat' dir='ltr'>reprehensionis3</span> <span class='ocrx_word' id='word_1_203' title='bbox 719 1401 991 1450; x_wconf 76' lang='lat' dir='ltr'>distinguuntur</span> <span class='ocrx_word' id='word_1_204' title='bbox 1030 1402 1162 1438; x_wconf 88' lang='lat' dir='ltr'>itidem</span> <span class='ocrx_word' id='word_1_205' title='bbox 1196 1402 1374 1451; x_wconf 82' lang='lat' dir='ltr'>personae</span> <span class='ocrx_word' id='word_1_206' title='bbox 1399 1403 1568 1442; x_wconf 85' lang='lat' dir='ltr'>derisoris</span> <span class='ocrx_word' id='word_1_207' title='bbox 1584 1409 1618 1442; x_wconf 69' lang='grc' dir='ltr'>δε</span> <span class='ocrx_word' id='word_1_208' title='bbox 1640 1406 1708 1443; x_wconf 87' lang='lat' dir='ltr'>im-</span> 
     </span>
     <span class='ocr_line' id='line_1_24' title="bbox 100 1454 1708 1511; baseline 0.003 -17"><span class='ocrx_word' id='word_1_209' title='bbox 100 1455 172 1509; x_wconf 73' lang='lat' dir='ltr'>pii:</span> <span class='ocrx_word' id='word_1_210' title='bbox 200 1454 447 1505; x_wconf 77' lang='lat' dir='ltr'>Distinguitur</span> <span class='ocrx_word' id='word_1_211' title='bbox 468 1455 656 1504; x_wconf 88' lang='lat' dir='ltr'>postremo</span> <span class='ocrx_word' id='word_1_212' title='bbox 677 1456 714 1493; x_wconf 91' lang='lat' dir='ltr'>id</span> <span class='ocrx_word' id='word_1_213' title='bbox 729 1457 833 1507; x_wconf 91' lang='lat' dir='ltr'>quod</span> <span class='ocrx_word' id='word_1_214' title='bbox 855 1456 1090 1508; x_wconf 80' lang='lat' dir='ltr'>rependitur.</span> <span class='ocrx_word' id='word_1_215' title='bbox 1148 1457 1190 1492; x_wconf 88' lang='lat' dir='ltr'>In</span> <span class='ocrx_word' id='word_1_216' title='bbox 1219 1459 1344 1508; x_wconf 89' lang='lat' dir='ltr'>priore</span> <span class='ocrx_word' id='word_1_217' title='bbox 1368 1460 1471 1495; x_wconf 87' lang='lat' dir='ltr'>enim</span> <span class='ocrx_word' id='word_1_218' title='bbox 1492 1460 1708 1511; x_wconf 80' lang='lat' dir='ltr'>rependitur</span> 
     </span>
     <span class='ocr_line' id='line_1_25' title="bbox 99 1509 1707 1564; baseline 0.002 -15"><span class='ocrx_word' id='word_1_219' title='bbox 99 1523 213 1564; x_wconf 87' lang='lat' dir='ltr'>opera</span> <span class='ocrx_word' id='word_1_220' title='bbox 240 1511 316 1548; x_wconf 85' lang='lat' dir='ltr'>lusa</span> <span class='ocrx_word' id='word_1_221' title='bbox 332 1528 344 1553; x_wconf 67' lang='grc' dir='ltr'><strong><em>ς</em></strong></span> <span class='ocrx_word' id='word_1_222' title='bbox 375 1512 415 1546; x_wconf 87' lang='lat' dir='ltr'>in</span> <span class='ocrx_word' id='word_1_223' title='bbox 442 1509 644 1561; x_wconf 86' lang='lat' dir='ltr'>posteriore</span> <span class='ocrx_word' id='word_1_224' title='bbox 672 1510 783 1548; x_wconf 85' lang='lat' dir='ltr'>etiam</span> <span class='ocrx_word' id='word_1_225' title='bbox 802 1514 838 1548; x_wconf 73' lang='grc' dir='ltr'>ὅ(</span> <span class='ocrx_word' id='word_1_226' title='bbox 862 1512 1017 1549; x_wconf 86' lang='lat' dir='ltr'>macula.</span> <span class='ocrx_word' id='word_1_227' title='bbox 1076 1511 1178 1548; x_wconf 91' lang='lat' dir='ltr'>Cum</span> <span class='ocrx_word' id='word_1_228' title='bbox 1201 1510 1301 1548; x_wconf 90' lang='lat' dir='ltr'>enim</span> <span class='ocrx_word' id='word_1_229' title='bbox 1318 1514 1399 1560; x_wconf 87' lang='lat' dir='ltr'>quis</span> <span class='ocrx_word' id='word_1_230' title='bbox 1420 1515 1541 1551; x_wconf 89' lang='lat' dir='ltr'>erudit</span> <span class='ocrx_word' id='word_1_231' title='bbox 1559 1517 1594 1552; x_wconf 84' lang='lat'>&amp;</span> <span class='ocrx_word' id='word_1_232' title='bbox 1612 1517 1707 1554; x_wconf 87' lang='lat' dir='ltr'>insti-</span> 
     </span>
     <span class='ocr_line' id='line_1_26' title="bbox 99 1565 1706 1617; baseline 0.002 -14"><span class='ocrx_word' id='word_1_233' title='bbox 99 1565 170 1607; x_wconf 82' lang='lat' dir='ltr'>tuit</span> <span class='ocrx_word' id='word_1_234' title='bbox 188 1565 405 1611; x_wconf 84' lang='lat' dir='ltr'>derisorem,</span> <span class='ocrx_word' id='word_1_235' title='bbox 434 1565 569 1610; x_wconf 59' lang='lat' dir='ltr'>jastura</span> <span class='ocrx_word' id='word_1_236' title='bbox 584 1567 750 1616; x_wconf 87' lang='lat' dir='ltr'>primum</span> <span class='ocrx_word' id='word_1_237' title='bbox 765 1566 806 1603; x_wconf 88' lang='lat' dir='ltr'>fit</span> <span class='ocrx_word' id='word_1_238' title='bbox 821 1567 1003 1617; x_wconf 88' lang='lat' dir='ltr'>temporis</span> <span class='ocrx_word' id='word_1_239' title='bbox 1019 1579 1029 1606; x_wconf 79' lang='lat'><em>3</em></span> <span class='ocrx_word' id='word_1_240' title='bbox 1058 1566 1195 1602; x_wconf 88' lang='lat' dir='ltr'>deinde</span> <span class='ocrx_word' id='word_1_241' title='bbox 1212 1569 1245 1603; x_wconf 76' lang='grc' dir='ltr'>ὅ(</span> <span class='ocrx_word' id='word_1_242' title='bbox 1261 1566 1322 1604; x_wconf 89' lang='lat' dir='ltr'>alii</span> <span class='ocrx_word' id='word_1_243' title='bbox 1337 1579 1517 1605; x_wconf 87' lang='lat' dir='ltr'>conatum</span> <span class='ocrx_word' id='word_1_244' title='bbox 1538 1567 1706 1617; x_wconf 87' lang='lat' dir='ltr'>irrident,</span> 
     </span>
     <span class='ocr_line' id='line_1_27' title="bbox 97 1620 1707 1677; baseline 0.002 -18"><span class='ocrx_word' id='word_1_245' title='bbox 97 1631 277 1670; x_wconf 76' lang='lat' dir='ltr'>tanquam</span> <span class='ocrx_word' id='word_1_246' title='bbox 306 1632 386 1657; x_wconf 86' lang='lat' dir='ltr'>rem</span> <span class='ocrx_word' id='word_1_247' title='bbox 419 1631 564 1665; x_wconf 85' lang='lat' dir='ltr'>vanam,</span> <span class='ocrx_word' id='word_1_248' title='bbox 596 1622 632 1657; x_wconf 78' lang='grc' dir='ltr'>δ(</span> <span class='ocrx_word' id='word_1_249' title='bbox 659 1633 812 1669; x_wconf 85' lang='lat' dir='ltr'>operam</span> <span class='ocrx_word' id='word_1_250' title='bbox 843 1623 940 1657; x_wconf 81' lang='lat' dir='ltr'>male</span> <span class='ocrx_word' id='word_1_251' title='bbox 967 1622 1219 1662; x_wconf 83' lang='lat' dir='ltr'>collocatam3</span> <span class='ocrx_word' id='word_1_252' title='bbox 1248 1620 1437 1670; x_wconf 84' lang='lat' dir='ltr'>postremo</span> <span class='ocrx_word' id='word_1_253' title='bbox 1465 1624 1606 1660; x_wconf 85' lang='lat' dir='ltr'>derisor</span> <span class='ocrx_word' id='word_1_254' title='bbox 1631 1626 1707 1677; x_wconf 85' lang='lat' dir='ltr'>ipsc</span> 
     </span>
     <span class='ocr_line' id='line_1_28' title="bbox 97 1673 1706 1728; baseline 0.002 -14"><span class='ocrx_word' id='word_1_255' title='bbox 97 1675 299 1723; x_wconf 86' lang='lat' dir='ltr'>scientiam,</span> <span class='ocrx_word' id='word_1_256' title='bbox 327 1687 441 1724; x_wconf 86' lang='lat' dir='ltr'>quam</span> <span class='ocrx_word' id='word_1_257' title='bbox 461 1673 604 1722; x_wconf 83' lang='lat' dir='ltr'>didicit,</span> <span class='ocrx_word' id='word_1_258' title='bbox 632 1675 778 1712; x_wconf 74' lang='lat' dir='ltr'>fastidio</span> <span class='ocrx_word' id='word_1_259' title='bbox 804 1676 925 1713; x_wconf 85' lang='lat' dir='ltr'>habet.</span> <span class='ocrx_word' id='word_1_260' title='bbox 981 1675 1038 1712; x_wconf 90' lang='lat' dir='ltr'>At</span> <span class='ocrx_word' id='word_1_261' title='bbox 1054 1676 1197 1721; x_wconf 85' lang='lat' dir='ltr'>majore</span> <span class='ocrx_word' id='word_1_262' title='bbox 1211 1688 1298 1713; x_wconf 89' lang='lat' dir='ltr'>cum</span> <span class='ocrx_word' id='word_1_263' title='bbox 1314 1679 1481 1728; x_wconf 88' lang='lat' dir='ltr'>periculo</span> <span class='ocrx_word' id='word_1_264' title='bbox 1496 1677 1706 1728; x_wconf 73' lang='lat' dir='ltr'>transigitur</span> 
     </span>
     <span class='ocr_line' id='line_1_29' title="bbox 96 1728 1705 1782; baseline 0.001 -13"><span class='ocrx_word' id='word_1_265' title='bbox 96 1743 155 1769; x_wconf 79' lang='lat' dir='ltr'>res</span> <span class='ocrx_word' id='word_1_266' title='bbox 182 1733 221 1769; x_wconf 91' lang='lat' dir='ltr'>in</span> <span class='ocrx_word' id='word_1_267' title='bbox 243 1728 526 1782; x_wconf 69' lang='lat' dir='ltr'>reprehensione</span> <span class='ocrx_word' id='word_1_268' title='bbox 546 1729 650 1782; x_wconf 89' lang='lat' dir='ltr'>impii</span> <span class='ocrx_word' id='word_1_269' title='bbox 665 1748 678 1773; x_wconf 81' lang='lat'>,-</span> <span class='ocrx_word' id='word_1_270' title='bbox 707 1733 794 1782; x_wconf 89' lang='lat' dir='ltr'>quia</span> <span class='ocrx_word' id='word_1_271' title='bbox 823 1743 904 1767; x_wconf 90' lang='lat' dir='ltr'>non</span> <span class='ocrx_word' id='word_1_272' title='bbox 934 1730 1056 1767; x_wconf 89' lang='lat' dir='ltr'>solum</span> <span class='ocrx_word' id='word_1_273' title='bbox 1086 1732 1222 1782; x_wconf 87' lang='lat' dir='ltr'>impius</span> <span class='ocrx_word' id='word_1_274' title='bbox 1244 1744 1326 1769; x_wconf 86' lang='lat' dir='ltr'>non</span> <span class='ocrx_word' id='word_1_275' title='bbox 1349 1733 1551 1774; x_wconf 85' lang='lat' dir='ltr'>auscultat3</span> <span class='ocrx_word' id='word_1_276' title='bbox 1582 1734 1641 1771; x_wconf 88' lang='lat' dir='ltr'>sed</span> <span class='ocrx_word' id='word_1_277' title='bbox 1668 1738 1705 1774; x_wconf 86' lang='lat'>&amp;</span> 
     </span>
     <span class='ocr_line' id='line_1_30' title="bbox 96 1783 1702 1834; baseline 0.002 -10"><span class='ocrx_word' id='word_1_278' title='bbox 96 1799 240 1824; x_wconf 86' lang='lat' dir='ltr'>cornua</span> <span class='ocrx_word' id='word_1_279' title='bbox 268 1786 443 1831; x_wconf 81' lang='lat' dir='ltr'>obvertit,</span> <span class='ocrx_word' id='word_1_280' title='bbox 480 1787 516 1821; x_wconf 88' lang='lat'>&amp;</span> <span class='ocrx_word' id='word_1_281' title='bbox 536 1785 842 1834; x_wconf 81' lang='lat' dir='ltr'>reprehensorem</span> <span class='ocrx_word' id='word_1_282' title='bbox 857 1785 1034 1823; x_wconf 89' lang='lat' dir='ltr'>odiosum</span> <span class='ocrx_word' id='word_1_283' title='bbox 1054 1783 1119 1822; x_wconf 81' lang='lat' dir='ltr'>fibi</span> <span class='ocrx_word' id='word_1_284' title='bbox 1143 1787 1217 1831; x_wconf 86' lang='lat' dir='ltr'>jam</span> <span class='ocrx_word' id='word_1_285' title='bbox 1241 1786 1392 1834; x_wconf 74' lang='lat' dir='ltr'>fastum,</span> <span class='ocrx_word' id='word_1_286' title='bbox 1421 1798 1483 1825; x_wconf 85' lang='lat' dir='ltr'>aut</span> <span class='ocrx_word' id='word_1_287' title='bbox 1505 1788 1702 1828; x_wconf 88' lang='lat' dir='ltr'>confestim</span> 
     </span>
     <span class='ocr_line' id='line_1_31' title="bbox 96 1840 1383 1892; baseline -0.001 -13"><span class='ocrx_word' id='word_1_288' title='bbox 96 1843 271 1880; x_wconf 75' lang='lat' dir='ltr'>convitiis</span> <span class='ocrx_word' id='word_1_289' title='bbox 294 1840 511 1892; x_wconf 85' lang='lat' dir='ltr'>proscindit,</span> <span class='ocrx_word' id='word_1_290' title='bbox 540 1850 603 1876; x_wconf 90' lang='lat' dir='ltr'>aut</span> <span class='ocrx_word' id='word_1_291' title='bbox 623 1840 751 1877; x_wconf 88' lang='lat' dir='ltr'>saltem</span> <span class='ocrx_word' id='word_1_292' title='bbox 769 1841 890 1892; x_wconf 87' lang='lat' dir='ltr'>postea</span> <span class='ocrx_word' id='word_1_293' title='bbox 909 1841 1004 1892; x_wconf 89' lang='lat' dir='ltr'>apud</span> <span class='ocrx_word' id='word_1_294' title='bbox 1030 1841 1123 1877; x_wconf 89' lang='lat' dir='ltr'>alios</span> <span class='ocrx_word' id='word_1_295' title='bbox 1151 1843 1383 1879; x_wconf 87' lang='lat' dir='ltr'>criminatur.</span> 
     </span>
    </p>

    <p class='ocr_par' dir='ltr' id='par_1_7' title="bbox 95 1893 1700 1992">
     <span class='ocr_line' id='line_1_32' title="bbox 153 1893 1700 1947; baseline 0.003 -13"><span class='ocrx_word' id='word_1_296' title='bbox 153 1893 299 1934; x_wconf 77' lang='lat' dir='ltr'>Parab.</span> <span class='ocrx_word' id='word_1_297' title='bbox 327 1901 361 1943; x_wconf 92' lang='lat'>7.</span> <span class='ocrx_word' id='word_1_298' title='bbox 393 1896 561 1932; x_wconf 82' lang='lat' dir='ltr'>F1L1Us</span> <span class='ocrx_word' id='word_1_299' title='bbox 590 1894 730 1947; x_wconf 82' lang='lat' dir='ltr'>sapiens</span> <span class='ocrx_word' id='word_1_300' title='bbox 756 1894 925 1932; x_wconf 77' lang='lat' dir='ltr'>laetificat</span> <span class='ocrx_word' id='word_1_301' title='bbox 950 1905 1118 1944; x_wconf 83' lang='lat' dir='ltr'>patrem:</span> <span class='ocrx_word' id='word_1_302' title='bbox 1147 1895 1257 1933; x_wconf 80' lang='lat' dir='ltr'>Pilius</span> <span class='ocrx_word' id='word_1_303' title='bbox 1281 1909 1371 1934; x_wconf 90' lang='lat' dir='ltr'>vcro</span> <span class='ocrx_word' id='word_1_304' title='bbox 1399 1897 1526 1936; x_wconf 83' lang='lat' dir='ltr'>stultus</span> <span class='ocrx_word' id='word_1_305' title='bbox 1555 1900 1700 1938; x_wconf 87' lang='lat' dir='ltr'>moesti-</span> 
     </span>
     <span class='ocr_line' id='line_1_33' title="bbox 95 1948 477 1992; baseline -0.01 -2"><span class='ocrx_word' id='word_1_306' title='bbox 95 1952 168 1992; x_wconf 83' lang='lat' dir='ltr'>tiae</span> <span class='ocrx_word' id='word_1_307' title='bbox 188 1952 237 1989; x_wconf 90' lang='lat' dir='ltr'>cst</span> <span class='ocrx_word' id='word_1_308' title='bbox 257 1948 368 1988; x_wconf 83' lang='lat' dir='ltr'>matri</span> <span class='ocrx_word' id='word_1_309' title='bbox 386 1950 477 1987; x_wconf 86' lang='lat' dir='ltr'>suae.</span> 
     </span>
    </p>

    <p class='ocr_par' dir='ltr' id='par_1_8' title="bbox 75 2004 1698 2496">
     <span class='ocr_line' id='line_1_34' title="bbox 108 2004 1698 2060; baseline 0.002 -15"><span class='ocrx_word' id='word_1_310' title='bbox 108 2025 112 2029; x_wconf 85' lang='lat'>-</span> <span class='ocrx_word' id='word_1_311' title='bbox 147 2004 253 2059; x_wconf 83' lang='lat' dir='ltr'>Exp.</span> <span class='ocrx_word' id='word_1_312' title='bbox 282 2007 717 2043; x_wconf 83' lang='lat' dir='ltr'>DISTINGUUNTUR</span> <span class='ocrx_word' id='word_1_313' title='bbox 746 2005 873 2043; x_wconf 81' lang='lat' dir='ltr'>solatia</span> <span class='ocrx_word' id='word_1_314' title='bbox 901 2016 1012 2054; x_wconf 87' lang='lat' dir='ltr'>atquc</span> <span class='ocrx_word' id='word_1_315' title='bbox 1043 2006 1294 2055; x_wconf 79' lang='lat' dir='ltr'>aegritudines</span> <span class='ocrx_word' id='word_1_316' title='bbox 1325 2007 1608 2055; x_wconf 82' lang='lat' dir='ltr'>oeconomicae,</span> <span class='ocrx_word' id='word_1_317' title='bbox 1638 2023 1698 2060; x_wconf 88' lang='lat' dir='ltr'>pa—</span> 
     </span>
     <span class='ocr_line' id='line_1_35' title="bbox 93 2060 1698 2115; baseline 0.001 -14"><span class='ocrx_word' id='word_1_318' title='bbox 93 2060 355 2101; x_wconf 65' lang='lat' dir='ltr'>trisvidelicet</span> <span class='ocrx_word' id='word_1_319' title='bbox 384 2062 420 2097; x_wconf 74' lang='grc' dir='ltr'>ὅ(</span> <span class='ocrx_word' id='word_1_320' title='bbox 452 2060 580 2097; x_wconf 84' lang='lat' dir='ltr'>matris</span> <span class='ocrx_word' id='word_1_321' title='bbox 609 2060 702 2098; x_wconf 86' lang='lat' dir='ltr'>eirca</span> <span class='ocrx_word' id='word_1_322' title='bbox 723 2062 860 2098; x_wconf 85' lang='lat' dir='ltr'>liberos</span> <span class='ocrx_word' id='word_1_323' title='bbox 891 2060 986 2098; x_wconf 77' lang='lat' dir='ltr'>suOS.</span> <span class='ocrx_word' id='word_1_324' title='bbox 1043 2062 1194 2098; x_wconf 85' lang='lat' dir='ltr'>Etenim</span> <span class='ocrx_word' id='word_1_325' title='bbox 1226 2061 1320 2099; x_wconf 84' lang='lat' dir='ltr'>filius</span> <span class='ocrx_word' id='word_1_326' title='bbox 1339 2063 1500 2114; x_wconf 89' lang='lat' dir='ltr'>prudens</span> <span class='ocrx_word' id='word_1_327' title='bbox 1525 2066 1561 2101; x_wconf 75' lang='grc' dir='ltr'>ὅ(</span> <span class='ocrx_word' id='word_1_328' title='bbox 1588 2065 1698 2115; x_wconf 80' lang='lat' dir='ltr'>frugi,</span> 
     </span>
     <span class='ocr_line' id='line_1_36' title="bbox 92 2114 1694 2168; baseline 0.002 -14"><span class='ocrx_word' id='word_1_329' title='bbox 92 2116 292 2168; x_wconf 80' lang='lat' dir='ltr'>praecipuo</span> <span class='ocrx_word' id='word_1_330' title='bbox 319 2115 456 2152; x_wconf 88' lang='lat' dir='ltr'>solatio</span> <span class='ocrx_word' id='word_1_331' title='bbox 484 2115 533 2152; x_wconf 88' lang='lat' dir='ltr'>cst</span> <span class='ocrx_word' id='word_1_332' title='bbox 547 2118 653 2165; x_wconf 81' lang='lat' dir='ltr'>patri,</span> <span class='ocrx_word' id='word_1_333' title='bbox 683 2117 748 2164; x_wconf 83' lang='lat' dir='ltr'>qui</span> <span class='ocrx_word' id='word_1_334' title='bbox 778 2114 923 2153; x_wconf 87' lang='lat' dir='ltr'>virtutis</span> <span class='ocrx_word' id='word_1_335' title='bbox 938 2117 1101 2166; x_wconf 89' lang='lat' dir='ltr'>pretium</span> <span class='ocrx_word' id='word_1_336' title='bbox 1119 2116 1253 2153; x_wconf 86' lang='lat' dir='ltr'>melius</span> <span class='ocrx_word' id='word_1_337' title='bbox 1272 2115 1390 2164; x_wconf 89' lang='lat' dir='ltr'>novit,</span> <span class='ocrx_word' id='word_1_338' title='bbox 1420 2130 1532 2166; x_wconf 86' lang='lat' dir='ltr'>quam</span> <span class='ocrx_word' id='word_1_339' title='bbox 1548 2130 1694 2161; x_wconf 88' lang='lat' dir='ltr'>mater;</span> 
     </span>
     <span class='ocr_line' id='line_1_37' title="bbox 75 2169 1694 2226; baseline 0.002 -18"><span class='ocrx_word' id='word_1_340' title='bbox 75 2183 134 2209; x_wconf 62' lang='lat' dir='ltr'>‹ac</span> <span class='ocrx_word' id='word_1_341' title='bbox 161 2182 357 2223; x_wconf 86' lang='lat' dir='ltr'>propterea</span> <span class='ocrx_word' id='word_1_342' title='bbox 384 2169 448 2206; x_wconf 80' lang='lat' dir='ltr'>tilii</span> <span class='ocrx_word' id='word_1_343' title='bbox 466 2169 519 2206; x_wconf 87' lang='lat' dir='ltr'>sui</span> <span class='ocrx_word' id='word_1_344' title='bbox 536 2171 669 2216; x_wconf 86' lang='lat' dir='ltr'>indoli,</span> <span class='ocrx_word' id='word_1_345' title='bbox 700 2171 745 2207; x_wconf 84' lang='lat' dir='ltr'>ad</span> <span class='ocrx_word' id='word_1_346' title='bbox 760 2172 938 2208; x_wconf 88' lang='lat' dir='ltr'>virtutem</span> <span class='ocrx_word' id='word_1_347' title='bbox 955 2170 1173 2220; x_wconf 72' lang='lat' dir='ltr'>propensae,</span> <span class='ocrx_word' id='word_1_348' title='bbox 1191 2173 1307 2221; x_wconf 73' lang='lat' dir='ltr'>magis</span> <span class='ocrx_word' id='word_1_349' title='bbox 1322 2175 1528 2222; x_wconf 81' lang='lat' dir='ltr'>gratulatur</span> <span class='ocrx_word' id='word_1_350' title='bbox 1546 2188 1552 2210; x_wconf 92' lang='lat'>:</span> <span class='ocrx_word' id='word_1_351' title='bbox 1573 2176 1694 2226; x_wconf 70' lang='lat' dir='ltr'>Quin-</span> 
     </span>
     <span class='ocr_line' id='line_1_38' title="bbox 90 2224 1697 2280; baseline 0.002 -16"><span class='ocrx_word' id='word_1_352' title='bbox 90 2225 202 2264; x_wconf 86' lang='lat' dir='ltr'>etiam</span> <span class='ocrx_word' id='word_1_353' title='bbox 229 2226 409 2276; x_wconf 75' lang='lat' dir='ltr'>gaudium</span> <span class='ocrx_word' id='word_1_354' title='bbox 434 2225 490 2260; x_wconf 92' lang='lat' dir='ltr'>illi</span> <span class='ocrx_word' id='word_1_355' title='bbox 521 2224 666 2262; x_wconf 79' lang='lat' dir='ltr'>fortasse</span> <span class='ocrx_word' id='word_1_356' title='bbox 687 2225 794 2263; x_wconf 85' lang='lat' dir='ltr'>affert</span> <span class='ocrx_word' id='word_1_357' title='bbox 817 2225 1022 2263; x_wconf 87' lang='lat' dir='ltr'>institutum</span> <span class='ocrx_word' id='word_1_358' title='bbox 1047 2224 1166 2270; x_wconf 88' lang='lat' dir='ltr'>suum,</span> <span class='ocrx_word' id='word_1_359' title='bbox 1196 2227 1300 2274; x_wconf 89' lang='lat' dir='ltr'>quod</span> <span class='ocrx_word' id='word_1_360' title='bbox 1326 2226 1444 2264; x_wconf 84' lang='lat' dir='ltr'>tilium</span> <span class='ocrx_word' id='word_1_361' title='bbox 1469 2238 1547 2265; x_wconf 85' lang='lat' dir='ltr'>tam</span> <span class='ocrx_word' id='word_1_362' title='bbox 1580 2230 1697 2280; x_wconf 88' lang='lat' dir='ltr'>probe</span> 
     </span>
     <span class='ocr_line' id='line_1_39' title="bbox 91 2279 1696 2333; baseline 0.002 -14"><span class='ocrx_word' id='word_1_363' title='bbox 91 2281 269 2328; x_wconf 86' lang='lat' dir='ltr'>educarit,</span> <span class='ocrx_word' id='word_1_364' title='bbox 297 2279 426 2328; x_wconf 87' lang='lat' dir='ltr'>illique</span> <span class='ocrx_word' id='word_1_365' title='bbox 452 2279 683 2317; x_wconf 87' lang='lat' dir='ltr'>honestatem</span> <span class='ocrx_word' id='word_1_366' title='bbox 702 2292 868 2327; x_wconf 87' lang='lat' dir='ltr'>morum,</span> <span class='ocrx_word' id='word_1_367' title='bbox 896 2281 1099 2330; x_wconf 85' lang='lat' dir='ltr'>praeceptis</span> <span class='ocrx_word' id='word_1_368' title='bbox 1128 2282 1165 2316; x_wconf 68' lang='grc' dir='ltr'>δε</span> <span class='ocrx_word' id='word_1_369' title='bbox 1188 2282 1361 2332; x_wconf 85' lang='lat' dir='ltr'>exemplo</span> <span class='ocrx_word' id='word_1_370' title='bbox 1381 2283 1610 2333; x_wconf 76' lang='lat' dir='ltr'>impress&#39;erit.</span> <span class='ocrx_word' id='word_1_371' title='bbox 1665 2285 1696 2322; x_wconf 89' lang='lat' dir='ltr'>E</span> 
     </span>
     <span class='ocr_line' id='line_1_40' title="bbox 90 2332 1695 2384; baseline 0.002 -10"><span class='ocrx_word' id='word_1_372' title='bbox 90 2345 225 2374; x_wconf 86' lang='lat' dir='ltr'>contra</span> <span class='ocrx_word' id='word_1_373' title='bbox 253 2345 372 2372; x_wconf 85' lang='lat' dir='ltr'>mater</span> <span class='ocrx_word' id='word_1_374' title='bbox 396 2332 594 2371; x_wconf 79' lang='lat' dir='ltr'>calamitati</span> <span class='ocrx_word' id='word_1_375' title='bbox 624 2333 689 2372; x_wconf 88' lang='lat' dir='ltr'>filii</span> <span class='ocrx_word' id='word_1_376' title='bbox 709 2337 790 2384; x_wconf 86' lang='lat' dir='ltr'>plus</span> <span class='ocrx_word' id='word_1_377' title='bbox 817 2336 1047 2384; x_wconf 86' lang='lat' dir='ltr'>compatitur</span> <span class='ocrx_word' id='word_1_378' title='bbox 1075 2337 1112 2372; x_wconf 71' lang='grc' dir='ltr'>ὃς</span> <span class='ocrx_word' id='word_1_379' title='bbox 1133 2335 1306 2376; x_wconf 80' lang='lat' dir='ltr'>indolet3</span> <span class='ocrx_word' id='word_1_380' title='bbox 1335 2346 1418 2373; x_wconf 90' lang='lat' dir='ltr'>tum</span> <span class='ocrx_word' id='word_1_381' title='bbox 1439 2337 1490 2373; x_wconf 93' lang='lat' dir='ltr'>ob</span> <span class='ocrx_word' id='word_1_382' title='bbox 1518 2337 1695 2377; x_wconf 61' lang='lat' dir='ltr'>affectum</span> 
     </span>
     <span class='ocr_line' id='line_1_41' title="bbox 89 2389 1694 2439; baseline 0.002 -11"><span class='ocrx_word' id='word_1_383' title='bbox 89 2401 306 2429; x_wconf 83' lang='lat' dir='ltr'>maternum</span> <span class='ocrx_word' id='word_1_384' title='bbox 329 2390 448 2438; x_wconf 84' lang='lat' dir='ltr'>magis</span> <span class='ocrx_word' id='word_1_385' title='bbox 469 2391 630 2426; x_wconf 88' lang='lat' dir='ltr'>mollem</span> <span class='ocrx_word' id='word_1_386' title='bbox 650 2392 897 2430; x_wconf 79' lang='lat' dir='ltr'>&amp;tenerum3</span> <span class='ocrx_word' id='word_1_387' title='bbox 927 2400 1010 2427; x_wconf 88' lang='lat' dir='ltr'>tum</span> <span class='ocrx_word' id='word_1_388' title='bbox 1039 2389 1186 2427; x_wconf 72' lang='lat' dir='ltr'>fortass&#39;c</span> <span class='ocrx_word' id='word_1_389' title='bbox 1206 2390 1461 2439; x_wconf 79' lang='lat' dir='ltr'>indulgentiae</span> <span class='ocrx_word' id='word_1_390' title='bbox 1490 2390 1573 2430; x_wconf 84' lang='lat' dir='ltr'>suae</span> <span class='ocrx_word' id='word_1_391' title='bbox 1601 2406 1694 2431; x_wconf 89' lang='lat' dir='ltr'>con-</span> 
     </span>
     <span class='ocr_line' id='line_1_42' title="bbox 89 2445 963 2496; baseline -0.001 -13"><span class='ocrx_word' id='word_1_392' title='bbox 89 2445 171 2493; x_wconf 79' lang='lat' dir='ltr'>scia,</span> <span class='ocrx_word' id='word_1_393' title='bbox 201 2458 272 2495; x_wconf 88' lang='lat' dir='ltr'>qua</span> <span class='ocrx_word' id='word_1_394' title='bbox 290 2457 377 2483; x_wconf 88' lang='lat' dir='ltr'>eum</span> <span class='ocrx_word' id='word_1_395' title='bbox 405 2446 613 2495; x_wconf 89' lang='lat' dir='ltr'>corruperit</span> <span class='ocrx_word' id='word_1_396' title='bbox 639 2447 676 2482; x_wconf 88' lang='lat'>&amp;</span> <span class='ocrx_word' id='word_1_397' title='bbox 698 2446 963 2496; x_wconf 84' lang='lat' dir='ltr'>depravaverit.</span> 
     </span>
    </p>

    <p class='ocr_par' dir='ltr' id='par_1_9' title="bbox 87 2498 1694 2552">
     <span class='ocr_line' id='line_1_43' title="bbox 87 2498 1694 2552; baseline 0 -12"><span class='ocrx_word' id='word_1_398' title='bbox 87 2519 92 2521; x_wconf 91' lang='lat'>·</span> <span class='ocrx_word' id='word_1_399' title='bbox 143 2498 291 2540; x_wconf 75' lang='lat' dir='ltr'>Parab.</span> <span class='ocrx_word' id='word_1_400' title='bbox 325 2500 361 2539; x_wconf 90' lang='lat'>8.</span> <span class='ocrx_word' id='word_1_401' title='bbox 390 2499 646 2537; x_wconf 76' lang='lat' dir='ltr'>MEM0R1A</span> <span class='ocrx_word' id='word_1_402' title='bbox 687 2499 767 2546; x_wconf 86' lang='lat' dir='ltr'>justi</span> <span class='ocrx_word' id='word_1_403' title='bbox 793 2511 882 2538; x_wconf 88' lang='lat' dir='ltr'>cum</span> <span class='ocrx_word' id='word_1_404' title='bbox 917 2498 1108 2541; x_wconf 51' lang='lat' dir='ltr'>laudibus</span> <span class='ocrx_word' id='word_1_405' title='bbox 1137 2510 1174 2538; x_wconf 87' lang='lat' dir='ltr'>at</span> <span class='ocrx_word' id='word_1_406' title='bbox 1211 2511 1357 2538; x_wconf 87' lang='lat' dir='ltr'>nomeu</span> <span class='ocrx_word' id='word_1_407' title='bbox 1389 2502 1597 2552; x_wconf 87' lang='lat' dir='ltr'>impiorum</span> <span class='ocrx_word' id='word_1_408' title='bbox 1624 2515 1694 2552; x_wconf 88' lang='lat' dir='ltr'>pu-</span> 
     </span>
    </p>
   </div>
   <div class='ocr_carea' id='block_1_3' title="bbox 88 2556 1690 2663">
    <p class='ocr_par' dir='ltr' id='par_1_10' title="bbox 88 2556 1690 2663">
     <span class='ocr_line' id='line_1_44' title="bbox 89 2556 233 2594; baseline 0 -1"><span class='ocrx_word' id='word_1_409' title='bbox 89 2556 233 2594; x_wconf 81' lang='lat' dir='ltr'>trescet.</span> 
     </span>
     <span class='ocr_line' id='line_1_45' title="bbox 88 2609 1690 2663; baseline 0.001 -14"><span class='ocrx_word' id='word_1_410' title='bbox 88 2629 91 2631; x_wconf 29' lang='lat' dir='ltr'>v</span> <span class='ocrx_word' id='word_1_411' title='bbox 143 2609 250 2663; x_wconf 86' lang='lat' dir='ltr'>Exp.</span> <span class='ocrx_word' id='word_1_412' title='bbox 280 2612 316 2649; x_wconf 95' lang='lat' dir='ltr'>D</span> <span class='ocrx_word' id='word_1_413' title='bbox 326 2623 341 2648; x_wconf 93' lang='lat'>1</span> <span class='ocrx_word' id='word_1_414' title='bbox 349 2622 366 2648; x_wconf 88' lang='lat' dir='ltr'>s</span> <span class='ocrx_word' id='word_1_415' title='bbox 376 2623 400 2648; x_wconf 87' lang='lat' dir='ltr'>T</span> <span class='ocrx_word' id='word_1_416' title='bbox 410 2621 424 2648; x_wconf 95' lang='lat'>1</span> <span class='ocrx_word' id='word_1_417' title='bbox 433 2621 462 2647; x_wconf 86' lang='lat' dir='ltr'>N</span> <span class='ocrx_word' id='word_1_418' title='bbox 471 2623 495 2649; x_wconf 87' lang='lat' dir='ltr'>G</span> <span class='ocrx_word' id='word_1_419' title='bbox 506 2623 536 2648; x_wconf 89' lang='lat' dir='ltr'>U</span> <span class='ocrx_word' id='word_1_420' title='bbox 544 2622 559 2648; x_wconf 91' lang='lat'>1</span> <span class='ocrx_word' id='word_1_421' title='bbox 570 2622 594 2648; x_wconf 81' lang='grc' dir='ltr'><strong>Τ</strong></span> <span class='ocrx_word' id='word_1_422' title='bbox 605 2622 633 2649; x_wconf 85' lang='lat' dir='ltr'>U</span> <span class='ocrx_word' id='word_1_423' title='bbox 642 2623 670 2648; x_wconf 85' lang='lat' dir='ltr'>R</span> <span class='ocrx_word' id='word_1_424' title='bbox 696 2611 795 2648; x_wconf 88' lang='lat' dir='ltr'>inter</span> <span class='ocrx_word' id='word_1_425' title='bbox 821 2610 960 2647; x_wconf 89' lang='lat' dir='ltr'>famam</span> <span class='ocrx_word' id='word_1_426' title='bbox 989 2611 1159 2647; x_wconf 88' lang='lat' dir='ltr'>vitorum</span> <span class='ocrx_word' id='word_1_427' title='bbox 1195 2609 1388 2648; x_wconf 87' lang='lat' dir='ltr'>bonorum</span> <span class='ocrx_word' id='word_1_428' title='bbox 1417 2612 1455 2648; x_wconf 90' lang='lat'>&amp;</span> <span class='ocrx_word' id='word_1_429' title='bbox 1487 2613 1690 2660; x_wconf 85' lang='lat' dir='ltr'>malorum,</span> 
     </span>
    </p>
   </div>
   <div class='ocr_carea' id='block_1_4' title="bbox 85 2664 1690 2935">
    <p class='ocr_par' dir='ltr' id='par_1_11' title="bbox 85 2664 1690 2935">
     <span class='ocr_line' id='line_1_46' title="bbox 87 2664 1686 2718; baseline 0.001 -14"><span class='ocrx_word' id='word_1_430' title='bbox 87 2668 205 2718; x_wconf 87' lang='lat' dir='ltr'>qualis</span> <span class='ocrx_word' id='word_1_431' title='bbox 228 2666 298 2703; x_wconf 83' lang='lat' dir='ltr'>effe</span> <span class='ocrx_word' id='word_1_432' title='bbox 328 2665 441 2703; x_wconf 82' lang='lat' dir='ltr'>soleat</span> <span class='ocrx_word' id='word_1_433' title='bbox 467 2665 547 2716; x_wconf 90' lang='lat' dir='ltr'>post</span> <span class='ocrx_word' id='word_1_434' title='bbox 566 2665 725 2704; x_wconf 91' lang='lat' dir='ltr'>obitum.</span> <span class='ocrx_word' id='word_1_435' title='bbox 781 2667 883 2704; x_wconf 89' lang='lat' dir='ltr'>Viris</span> <span class='ocrx_word' id='word_1_436' title='bbox 900 2666 1004 2702; x_wconf 89' lang='lat' dir='ltr'>enim</span> <span class='ocrx_word' id='word_1_437' title='bbox 1025 2664 1132 2702; x_wconf 89' lang='lat' dir='ltr'>bonis</span> <span class='ocrx_word' id='word_1_438' title='bbox 1154 2665 1313 2702; x_wconf 71' lang='lat' dir='ltr'>extinCta</span> <span class='ocrx_word' id='word_1_439' title='bbox 1327 2666 1479 2712; x_wconf 85' lang='lat' dir='ltr'>invidia,</span> <span class='ocrx_word' id='word_1_440' title='bbox 1501 2665 1613 2716; x_wconf 80' lang='lat' dir='ltr'>(quae</span> <span class='ocrx_word' id='word_1_441' title='bbox 1637 2668 1686 2705; x_wconf 84' lang='lat' dir='ltr'>fa-</span> 
     </span>
     <span class='ocr_line' id='line_1_47' title="bbox 87 2715 1690 2772; baseline 0.001 -13"><span class='ocrx_word' id='word_1_442' title='bbox 87 2733 190 2759; x_wconf 84' lang='lat' dir='ltr'>mam</span> <span class='ocrx_word' id='word_1_443' title='bbox 211 2733 357 2768; x_wconf 88' lang='lat' dir='ltr'>eorum,</span> <span class='ocrx_word' id='word_1_444' title='bbox 387 2721 479 2758; x_wconf 92' lang='lat' dir='ltr'>dum</span> <span class='ocrx_word' id='word_1_445' title='bbox 502 2723 679 2768; x_wconf 85' lang='lat' dir='ltr'>vixerant,</span> <span class='ocrx_word' id='word_1_446' title='bbox 707 2721 892 2772; x_wconf 86' lang='lat' dir='ltr'>carpebat)</span> <span class='ocrx_word' id='word_1_447' title='bbox 910 2731 1054 2757; x_wconf 87' lang='lat' dir='ltr'>nomen</span> <span class='ocrx_word' id='word_1_448' title='bbox 1071 2718 1258 2757; x_wconf 87' lang='lat' dir='ltr'>continuo</span> <span class='ocrx_word' id='word_1_449' title='bbox 1273 2715 1484 2767; x_wconf 86' lang='lat' dir='ltr'>efflorescit,</span> <span class='ocrx_word' id='word_1_450' title='bbox 1507 2724 1543 2759; x_wconf 86' lang='lat'>&amp;</span> <span class='ocrx_word' id='word_1_451' title='bbox 1564 2723 1690 2760; x_wconf 88' lang='lat' dir='ltr'>laudes</span> 
     </span>
     <span class='ocr_line' id='line_1_48' title="bbox 87 2773 1687 2826; baseline -0.001 -12"><span class='ocrx_word' id='word_1_452' title='bbox 87 2778 206 2826; x_wconf 82' lang='lat' dir='ltr'>magis</span> <span class='ocrx_word' id='word_1_453' title='bbox 225 2777 348 2814; x_wconf 71' lang='lat' dir='ltr'>&#39;indies</span> <span class='ocrx_word' id='word_1_454' title='bbox 373 2775 601 2813; x_wconf 88' lang='lat' dir='ltr'>invalescunt</span> <span class='ocrx_word' id='word_1_455' title='bbox 619 2790 626 2812; x_wconf 91' lang='lat'>:</span> <span class='ocrx_word' id='word_1_456' title='bbox 657 2776 712 2813; x_wconf 89' lang='lat' dir='ltr'>At</span> <span class='ocrx_word' id='word_1_457' title='bbox 733 2777 820 2814; x_wconf 87' lang='lat' dir='ltr'>viris</span> <span class='ocrx_word' id='word_1_458' title='bbox 835 2774 940 2813; x_wconf 88' lang='lat' dir='ltr'>malis</span> <span class='ocrx_word' id='word_1_459' title='bbox 957 2773 1060 2824; x_wconf 88' lang='lat' dir='ltr'>(licet</span> <span class='ocrx_word' id='word_1_460' title='bbox 1076 2774 1176 2811; x_wconf 87' lang='lat' dir='ltr'>fama</span> <span class='ocrx_word' id='word_1_461' title='bbox 1195 2787 1340 2822; x_wconf 86' lang='lat' dir='ltr'>eorum,</span> <span class='ocrx_word' id='word_1_462' title='bbox 1351 2787 1416 2825; x_wconf 87' lang='lat' dir='ltr'>per</span> <span class='ocrx_word' id='word_1_463' title='bbox 1425 2775 1582 2825; x_wconf 81' lang='lat' dir='ltr'>gratiam</span> <span class='ocrx_word' id='word_1_464' title='bbox 1597 2779 1687 2814; x_wconf 81' lang='lat' dir='ltr'>ami-</span> 
     </span>
     <span class='ocr_line' id='line_1_49' title="bbox 89 2829 1685 2883; baseline 0 -15"><span class='ocrx_word' id='word_1_465' title='bbox 89 2842 222 2869; x_wconf 84' lang='lat' dir='ltr'>corum</span> <span class='ocrx_word' id='word_1_466' title='bbox 251 2833 288 2869; x_wconf 72' lang='grc' dir='ltr'>ὅ(</span> <span class='ocrx_word' id='word_1_467' title='bbox 308 2831 480 2868; x_wconf 67' lang='lat' dir='ltr'>factionis</span> <span class='ocrx_word' id='word_1_468' title='bbox 506 2830 588 2869; x_wconf 88' lang='lat' dir='ltr'>suae</span> <span class='ocrx_word' id='word_1_469' title='bbox 607 2829 821 2875; x_wconf 87' lang='lat' dir='ltr'>hominum,</span> <span class='ocrx_word' id='word_1_470' title='bbox 857 2830 903 2867; x_wconf 85' lang='lat' dir='ltr'>ad</span> <span class='ocrx_word' id='word_1_471' title='bbox 932 2830 1040 2866; x_wconf 89' lang='lat' dir='ltr'>breve</span> <span class='ocrx_word' id='word_1_472' title='bbox 1066 2840 1214 2880; x_wconf 88' lang='lat' dir='ltr'>tempus</span> <span class='ocrx_word' id='word_1_473' title='bbox 1240 2829 1430 2878; x_wconf 88' lang='lat' dir='ltr'>manserit)</span> <span class='ocrx_word' id='word_1_474' title='bbox 1464 2832 1578 2883; x_wconf 82' lang='lat' dir='ltr'>paulo</span> <span class='ocrx_word' id='word_1_475' title='bbox 1604 2831 1685 2883; x_wconf 84' lang='lat' dir='ltr'>post</span> 
     </span>
     <span class='ocr_line' id='line_1_50' title="bbox 85 2883 1684 2935; baseline 0 -13"><span class='ocrx_word' id='word_1_476' title='bbox 85 2884 269 2924; x_wconf 73' lang='lat' dir='ltr'>‘fastidium</span> <span class='ocrx_word' id='word_1_477' title='bbox 293 2885 461 2923; x_wconf 85' lang='lat' dir='ltr'>nominis</span> <span class='ocrx_word' id='word_1_478' title='bbox 480 2885 667 2933; x_wconf 87' lang='lat' dir='ltr'>oboritur,</span> <span class='ocrx_word' id='word_1_479' title='bbox 696 2887 733 2922; x_wconf 88' lang='lat'>&amp;</span> <span class='ocrx_word' id='word_1_480' title='bbox 756 2885 945 2935; x_wconf 89' lang='lat' dir='ltr'>postremo</span> <span class='ocrx_word' id='word_1_481' title='bbox 964 2883 1090 2922; x_wconf 89' lang='lat' dir='ltr'>laudes</span> <span class='ocrx_word' id='word_1_482' title='bbox 1105 2886 1188 2923; x_wconf 87' lang='lat' dir='ltr'>illae</span> <span class='ocrx_word' id='word_1_483' title='bbox 1215 2885 1392 2924; x_wconf 78' lang='lat' dir='ltr'>evanidae</span> <span class='ocrx_word' id='word_1_484' title='bbox 1420 2884 1458 2924; x_wconf 91' lang='lat' dir='ltr'>in</span> <span class='ocrx_word' id='word_1_485' title='bbox 1479 2885 1684 2931; x_wconf 73' lang='lat' dir='ltr'>infamiam,</span> 
     </span>
    </p>
   </div>
   <div class='ocr_carea' id='block_1_5' title="bbox 89 2937 1679 3035">
    <p class='ocr_par' dir='ltr' id='par_1_12' title="bbox 89 2937 1679 3035">
     <span class='ocr_line' id='line_1_51' title="bbox 89 2937 1117 2990; baseline 0 -12"><span class='ocrx_word' id='word_1_486' title='bbox 89 2942 124 2978; x_wconf 75' lang='grc' dir='ltr'>ὅ(</span> <span class='ocrx_word' id='word_1_487' title='bbox 147 2942 261 2979; x_wconf 90' lang='lat' dir='ltr'>veluti</span> <span class='ocrx_word' id='word_1_488' title='bbox 287 2943 327 2978; x_wconf 89' lang='lat' dir='ltr'>in</span> <span class='ocrx_word' id='word_1_489' title='bbox 347 2941 505 2979; x_wconf 84' lang='lat' dir='ltr'>odorem</span> <span class='ocrx_word' id='word_1_490' title='bbox 534 2952 683 2990; x_wconf 75' lang='lat' dir='ltr'>gravem</span> <span class='ocrx_word' id='word_1_491' title='bbox 703 2942 739 2977; x_wconf 66' lang='grc' dir='ltr'>ὅ(</span> <span class='ocrx_word' id='word_1_492' title='bbox 767 2951 905 2979; x_wconf 89' lang='lat' dir='ltr'>tetrum</span> <span class='ocrx_word' id='word_1_493' title='bbox 935 2937 1117 2978; x_wconf 82' lang='lat' dir='ltr'>desinunt.</span> 
     </span>
     <span class='ocr_line' id='line_1_52' title="bbox 90 2992 1679 3035; baseline -0.001 -1"><span class='ocrx_word' id='word_1_494' title='bbox 90 3012 93 3016; x_wconf 89' lang='lat'>·</span> <span class='ocrx_word' id='word_1_495' title='bbox 114 3012 118 3015; x_wconf 61' lang='lat'>¹</span> <span class='ocrx_word' id='word_1_496' title='bbox 140 2995 255 3035; x_wconf 60' lang='lat' dir='ltr'>vor.</span> <span class='ocrx_word' id='word_1_497' title='bbox 278 2997 302 3033; x_wconf 90' lang='grc' dir='ltr'>Ι.</span> <span class='ocrx_word' id='word_1_498' title='bbox 889 2995 918 3032; x_wconf 87' lang='lat' dir='ltr'><strong>E</strong></span> <span class='ocrx_word' id='word_1_499' title='bbox 934 3005 954 3031; x_wconf 91' lang='lat' dir='ltr'>e</span> <span class='ocrx_word' id='word_1_500' title='bbox 985 3005 1004 3031; x_wconf 90' lang='lat'>2</span> <span class='ocrx_word' id='word_1_501' title='bbox 1531 2992 1679 3033; x_wconf 62' lang='grc' dir='ltr'><em>Ῥαγαύ.</em></span> 
     </span>
    </p>
   </div>
   <div class='ocr_carea' id='block_1_6' title="bbox 1817 176 1909 222">
    <p class='ocr_par' dir='ltr' id='par_1_13' title="bbox 1817 176 1909 222">
     <span class='ocr_line' id='line_1_53' title="bbox 1817 176 1909 222; baseline -0.022 -14"><span class='ocrx_word' id='word_1_502' title='bbox 1817 176 1909 222; x_wconf 70' lang='lat'>219</span> 
     </span>
    </p>
   </div>
  </div>
 </body>
</html>
