2040 3439
77 197 265 262 Canu.
332 196 458 243 D-E'
485 195 987 244 AUGMENTIS
1040 199 1649 252 SCIENTIARUM.

72 291 303 344 contigisset)
333 293 457 331 nihilo
471 294 554 345 plus
572 294 618 330 ad
632 293 724 331 fines
740 294 825 332 suos
839 296 1070 348 proficiebat,
1099 310 1146 336 eo
1161 298 1265 348 quod
1279 300 1392 336 etiam
1412 299 1479 346 illi,
1509 302 1574 350 qui
1592 313 1676 352 pra

70 350 250 390 culdubio
266 361 354 387 eum
368 348 517 386 fuiss'ent
534 349 709 395 adjuturi,
738 351 828 398 quid
853 353 965 390 vellet
990 365 1072 391 non
1097 356 1344 405 perciperent.
1401 355 1514 392 Adeo
1536 368 1576 393 ut
1597 368 1674 394 tan-

70 407 159 445 dem
186 405 334 443 coactus
361 401 415 449 fit,
445 402 569 440 tritam
604 406 640 441 &
674 405 865 454 vulgarem
894 409 991 445 inire
1016 410 1129 453 viam,
1160 420 1201 446 ut
1236 409 1386 453 scilicet,
1414 421 1605 461 praetextu
1636 412 1671 449 se

70 459 222 499 Caesari
236 458 470 509 opponendi,
499 470 603 495 arma
624 460 660 495 δε
680 459 880 498 exercitum
891 474 1136 512 compararet.
1193 464 1307 501 Adeo
1327 466 1439 511 lenta,
1456 463 1593 503 casibus
1607 468 1671 504 ob-

69 517 196 561 noxia,
228 516 264 551 &
284 515 493 563 plerunque
512 512 675 551 infelicia
695 514 817 552 solent
833 516 902 554 effe
917 529 959 554 ea
979 516 1142 565 consilia,
1173 531 1266 568 quae
1286 519 1474 570 profunda
1503 518 1670 559 dissimu-

66 572 210 610 latione
231 569 482 617 obteguntur!
511 569 596 620 Qia
615 569 662 605 de
685 581 735 615 re,
765 571 868 608 idem
892 570 1032 610 seniiss'e
1055 574 1201 611 videtur
1221 575 1385 621 Tacitus,
1416 587 1502 612 cum
1526 574 1668 613 simula-

68 627 185 664 tionis
200 623 350 661 artificia
365 634 542 671 tanquam
559 623 748 661 inferioris
764 625 925 663 subsellii
940 628 1179 679 prudentiam
1193 628 1394 676 constituit,
1423 642 1509 678 prae
1531 632 1668 668 artibus

69 681 257 731 politicis:
287 679 391 715 illam
416 677 583 725 Tiberio,
613 678 676 716 has
698 691 789 717 vero
803 680 974 730 Augusto
992 681 1139 720 Caesari
1160 683 1374 721 attribuens.
1432 684 1594 731 Etenim,
1624 687 1671 723 de

67 735 174 774 Livia
193 734 304 771 verba
319 734 470 777 faciens,
501 731 548 770 fic
569 732 757 782 loquitur3
785 732 1059 789 Qtodfitiffet
1077 734 1148 776 illa
1163 749 1247 775 cum
1275 735 1427 776 artibus
1442 740 1589 788 mariti,
1621 736 1669 783 (ἐν

55 785 303 842 famulatione
322 785 417 839 filii,
447 786 536 825 bene
556 785 764 841 composita.

80 871 86 876 ⁷
103 846 260 897 aQuoD
274 844 318 880 ad
335 842 504 881 animum
528 843 756 881 fleetendum
779 847 816 882 δ(
830 841 1090 895 effingendam
1109 847 1270 888 attinct3'
1299 849 1390 885 totis
1410 847 1546 886 viribus
1570 860 1670 887 certe

65 899 378 945 incumbendum,
407 909 448 936 ut
477 900 624 936 animus
652 899 826 937 reddatur
856 898 1111 938 occasionibus
1136 903 1173 939 ὅ(
1195 903 1538 952 opportunitatibus
1563 905 1668 940 obse-

65 967 196 1005 quenS,
223 966 347 1002 neque
367 955 448 991 ullo
472 954 592 991 modo
607 966 691 1003 erga
720 966 778 991 eas
806 955 920 992 durus
947 967 1010 992 aut
1035 955 1209 994 renitens.
1250 959 1402 1009 ·Neque
1425 960 1528 994 enim
1550 960 1669 1004 majus

65 1011 179 1049 fuerit
203 1009 521 1058 impedimentum
553 1010 600 1046 ad
628 1021 685 1046 res
711 1011 901 1058 gerendaS,
930 1023 1040 1062 quarn
1063 1012 1178 1053 illuds
1209 1011 1311 1049 idem
1331 1012 1518 1060 manebat,
1548 1025 1669 1064 neque

63 1065 166 1104 idem
194 1064 372 1102 decebat:
406 1065 592 1111 videlicet,
621 1076 710 1101 cum
730 1065 904 1103 homines
924 1065 1039 1103 iidem
1069 1064 1150 1113 sint,
1181 1069 1218 1104 δεῖ
1246 1078 1377 1105 natura
1410 1067 1470 1104 sua
1504 1078 1669 1115 utantur,

58 1119 258 1172 >postquam
285 1117 496 1157 occasiones
526 1119 562 1156 se
589 1118 826 1157 mutaverint.
883 1121 984 1158 Bene
1017 1123 1141 1172 itaque
1174 1123 1313 1169 Livius,
1346 1134 1434 1159 cum
1475 1123 1669 1160 Catonem

63 1177 254 1221 Maiorem
270 1174 491 1221 introducit,
520 1184 698 1226 tanquam
719 1174 893 1213 fortunae
913 1176 996 1213 suae
1012 1175 1250 1214 architc'Ctum
1270 1173 1545 1228 peritissimum,
1575 1178 1670 1215 illud.

61 1231 254 1279 subjungit
264 1247 278 1272 ,-
309 1231 413 1277 quod
442 1232 476 1267 ei
502 1230 615 1267 fuerit
637 1228 835 1279 ingenium
854 1231 1034 1268 versatile.
1090 1231 1221 1280 Atque
1245 1232 1332 1269 hine
1357 1232 1411 1278 fit,
1441 1233 1544 1279 quod
1568 1234 1667 1282 inge-

60 1287 126 1323 nia
139 1287 262 1336 gravia
281 1286 319 1322 &
345 1284 525 1332 solennia,
555 1287 591 1322 δε
615 1295 760 1321 mutare
785 1284 919 1332 nescia,
948 1287 1030 1338 plus
1049 1287 1258 1338 plerunque
1279 1286 1437 1323 habeant
1461 1288 1666 1336 dignitatiS,

63 1352 177 1390 quam
191 1339 388 1377 felicitatis.
445 1342 531 1378 Hoc
550 1352 642 1378 vero
657 1340 791 1377 vitium
807 1341 847 1376 in
870 1339 1055 1389 aliquibus
1077 1353 1098 1378 a
1120 1352 1251 1380 natura
1265 1341 1410 1391 penitus
1425 1340 1574 1379 insitum
1601 1342 1662 1389 cst,

62 1398 129 1445 qui
143 1395 275 1447 suopte
295 1395 453 1444 ingenio
476 1395 561 1433 sunt
581 1392 709 1432 viscosi
740 1396 776 1432 ὅ(
800 1394 945 1442 nodosi,
974 1397 1011 1433 ὅ(
1034 1396 1080 1432 ad
1106 1396 1327 1434 versandum
1356 1397 1485 1445 inepti.
1542 1397 1598 1434 At
1626 1398 1667 1434 in

61 1452 143 1489 aliis
161 1450 435 1488 consuetudine
451 1451 619 1487 obtinuit
650 1448 763 1499 (quae
786 1449 835 1486 cst
857 1451 970 1488 altera
993 1451 1141 1500 natura)
1170 1461 1281 1500 atque
1295 1453 1479 1500 opinione
1494 1452 1667 1499 quadam,

64 1506 174 1556 (quac
192 1507 234 1543 in
253 1506 403 1542 animos
418 1504 622 1542 hominum
647 1505 757 1541 facile
778 1503 946 1555 obrepit)
978 1515 1018 1543 ut
1037 1507 1200 1543 minime
1215 1506 1434 1543 mutandam
1452 1504 1515 1542 fibi
1532 1516 1666 1557 putent

60 1568 188 1599 terum
207 1560 455 1610 gerendarum
476 1562 676 1606 rationem,
705 1571 818 1610 quam
840 1562 942 1609 prius
967 1561 1109 1598 bonam
1131 1563 1168 1598 ὅ(
1187 1560 1399 1613 prosperam
1423 1558 1492 1597 sint
1516 1560 1668 1610 experti.

57 1616 267 1656 Prudenter
286 1616 394 1653 enim
412 1614 584 1652 observat
604 1614 875 1652 Machiaveilus
895 1617 935 1652 in
956 1616 1072 1653 Fabio
1097 1617 1295 1657 Maximo;
1326 1612 1450 1668 Qiod
1461 1614 1668 1666 pristinum

51 1670 169 1724 situm
190 1666 246 1713 ,ὅγ’
273 1669 541 1709 inveteratam
560 1665 767 1707 canaandi
785 1664 834 1712 ἕν’
850 1667 949 1708 bella
969 1668 1152 1708 trahendi
1173 1682 1312 1708 morem
1339 1670 1504 1708 retinere
1531 1668 1668 1707 mordi-

61 1738 131 1765 cus
157 1724 342 1772 voluerit,
372 1737 457 1763 cum
489 1731 633 1763 natura
660 1721 751 1762 belli
774 1721 866 1776 effla?
893 1723 986 1773 alia,
1017 1721 1065 1768 ὠ
1093 1726 1244 1764 acriora
1264 1723 1477 1778 postularet
1503 1723 1666 1773 confilia.

56 1783 104 1820 ,In
117 1782 200 1819 aliis
213 1793 329 1831 porro
350 1781 451 1818 idem
474 1779 607 1818 vitium
632 1793 675 1817 ex
698 1781 827 1829 inopia
848 1780 978 1826 judicii
993 1783 1260 1832 progignitur3
1291 1793 1378 1818 cum
1407 1780 1581 1817 homines
1606 1792 1667 1830 pe-

53 1837 192 1875 riodos
207 1847 330 1873 rerum
348 1839 384 1873 ὅ(
399 1837 591 1873 affionum
607 1847 689 1872 non
703 1835 918 1884 tempestive
932 1835 1144 1874 discernant
1154 1854 1168 1879 ‚-
1191 1836 1252 1874 sed
1268 1846 1353 1873 tum
1367 1836 1521 1872 demum
1539 1835 1572 1872 se
1588 1848 1666 1872 ver-

51 1902 155 1939 -tant,
184 1889 376 1941 postquam
395 1892 655 1942 opportunitas
678 1891 752 1935 jam
782 1889 900 1939 elapsa
919 1888 972 1927 fit.
1030 1892 1122 1928 Tale
1143 1891 1336 1943 quidpiam
1366 1892 1407 1926 in
1428 1889 1664 1926 Atheniensi-

50 1947 128 1984 bus
146 1946 217 1984 suis
237 1947 423 1996 redarguit
440 1945 721 1991 Demosthean
751 1957 815 1982 eos
834 1944 934 1982 aiens
957 1945 1027 1982 effe
1055 1943 1207 1996 rusticis
1223 1942 1384 1996 similes,
1412 1944 1479 1997 qui
1506 1944 1548 1981 in
1576 1942 1664 1981 ludo

54 2000 296 2054 gladiatorio
300 2000 347 2053 ft
353 1998 577 2053 probantes,
596 1999 748 2052 fimper
767 1997 852 2053 post
870 1998 1028 2052 plagam
1042 2007 1239 2053 acceptam
1258 2000 1300 2038 in
1316 2011 1398 2037 eam
1410 2005 1567 2050 partem
1582 2011 1658 2036 ma-

59 2054 239 2094 mendam
250 2055 408 2109 scutum
428 2053 688 2106 transferunt,
717 2053 970 2107 qztapercnſjl
981 2054 1103 2108 fimt3
1132 2067 1205 2093 non
1227 2055 1354 2108 prius.
1412 2056 1455 2090 In
1480 2055 1558 2091 aliis
1586 2066 1662 2091 rur-

60 2111 118 2149 sus
138 2113 214 2149 hoc
235 2112 356 2164 ipsum
375 2113 576 2160 contingit,
595 2110 680 2159 quia
695 2122 860 2159 operam,
872 2112 911 2147 in
922 2113 979 2149 via
995 2124 1048 2159 ea,
1064 2123 1178 2160 quam
1194 2105 1467 2159 semelingressi
1482 2109 1576 2154 sunt,
1587 2109 1663 2145 col-

58 2168 234 2213 locatam,
264 2168 419 2218 perdere
439 2176 650 2214 gravantur,
683 2177 754 2202 nec
770 2168 933 2217 receptui
949 2178 1079 2204 canere
1096 2165 1237 2207 sciunt3
1267 2165 1328 2202 sed
1351 2166 1477 2216 potius
1501 2163 1537 2200 se
1559 2175 1663 2200 occa-

52 2220 222 2259 sionibus
255 2221 461 2273 superiores
487 2221 569 2258 fore
599 2220 803 2257 constantia
831 2220 892 2258 sua
920 2221 1128 2258 confidunt.
1188 2223 1333 2259 Verum
1359 2218 1419 2256 ista
1447 2220 1563 2255 animi
1587 2217 1654 2255 vis-

59 2275 187 2314 cositas
209 2278 246 2313 ὅ(
272 2278 484 2321 renitentia,
514 2288 533 2312 a
561 2287 783 2323 quacunque
807 2276 869 2312 illa
889 2276 1042 2312 tandem
1072 2277 1193 2312 radice
1218 2273 1419 2326 pullularit,
1450 2274 1557 2310 rebus
1595 2285 1656 2321 ge·

58 2333 184 2369 tendis
209 2334 244 2368 ὅ(
267 2331 442 2368 fortunae
468 2331 671 2367 hominum
697 2330 745 2367 est
764 2327 1067 2367 damnosiflima:
1098 2330 1280 2380 Nihilque
1300 2330 1418 2378 magis
1448 2328 1660 2377 politicum,

58 2399 172 2435 quam
188 2388 304 2423 animi
321 2396 419 2423 rotas
434 2386 584 2422 reddere
599 2397 686 2422 cum
704 2386 794 2422 rotis
806 2385 979 2422 fortunae
995 2388 1262 2430 coneentricas,
1293 2386 1327 2420 ὃ(
1343 2382 1449 2420 simul
1466 2382 1659 2420 volubiles.

57 2443 189 2490 Atque
209 2442 256 2478 de
280 2442 482 2492 praeceptis
498 2441 646 2477 duobus
662 2440 884 2486 luminariis,
914 2442 1011 2477 circa
1027 2440 1199 2477 fortunae
1216 2438 1510 2484 arcliitecturam,
1540 2437 1660 2473 hafte-

56 2508 139 2534 nuS.
196 2498 393 2547 Praecepta
416 2505 541 2533 autem
566 2494 681 2546 sparsa
702 2495 798 2533 haud
823 2507 936 2545 pauca
961 2495 1072 2536 1i1nt5
1101 2507 1172 2532 nos
1187 2505 1315 2531 tamen
1330 2505 1509 2545 perpauca
1523 2493 1661 2541 delige-

58 2563 153 2597 mus,
182 2563 252 2601 pro
268 2551 388 2588 modo
398 2549 567 2600 exempli.

109 2608 324 2644 PRIMUM
352 2617 590 2657 praeceptum
620 2605 691 2645 est3
728 2605 831 2642 faber
871 2605 1057 2651 fortunae,
1100 2604 1236 2642 amuss'e
1274 2603 1336 2640 sua
1373 2600 1491 2654 perite
1524 2611 1659 2648 utatur,

52 2673 214 2710 eamque
243 2664 311 2698 rite
334 2663 516 2712 applicem
547 2661 618 2698 hoc
638 2659 697 2707 est,
727 2662 898 2698 animum
924 2660 1139 2705 assuefaciat,
1168 2671 1209 2696 ut
1226 2670 1351 2696 rerum
1377 2659 1553 2695 omnium
1578 2668 1658 2705 pre-

57 2717 152 2753 tium
176 2719 212 2753 δε
233 2718 398 2754 valorem
413 2715 588 2761 aestimet,
617 2727 729 2766 prout
745 2715 788 2752 ad
804 2715 1000 2752 fortunam
1024 2717 1060 2751 &
1083 2714 1174 2751 fines
1203 2714 1286 2751 suos
1306 2714 1424 2762 magis
1447 2722 1508 2748 aut
1529 2713 1654 2748 minus

57 2772 270 2808 conducant
287 2786 296 2812 ς
327 2771 472 2818 hocque
492 2781 596 2807 curet
615 2770 754 2817 sedulo,
785 2782 865 2806 non
880 2770 1145 2821 perfuneiorie.
1201 2770 1303 2806 Mira
1312 2769 1415 2804 enim
1434 2779 1502 2813 res,
1521 2765 1581 2803 sed
1595 2778 1653 2804 ve-

52 2822 221 2867 vrissima3
250 2828 494 2863 inveniuntur
523 2826 687 2875 plurimi,
717 2837 881 2874 quorum
909 2826 1047 2861 mentis
1062 2836 1141 2874 pars
1157 2825 1278 2874 logica
1308 2821 1346 2869 (si
1362 2824 1410 2859 ita
1426 2823 1532 2871 loqui
1548 2818 1652 2867 licet)

51 2879 106 2917 -est
122 2881 233 2926 bona,
263 2882 524 2918 mathematica
545 2877 723 2928 pessima:
751 2879 934 2923 videlieet,
964 2881 1029 2930 qui
1054 2880 1101 2916 de
1129 2891 1255 2916 rerum
1277 2877 1553 2925 consequentiis
1574 2875 1656 2912 satis

57 2934 210 2972 firmiter
227 2937 420 2982 judicant3
448 2936 494 2972 de
509 2936 635 2986 pretiis
649 2947 738 2972 vero
755 2930 1041 2983 imperitissime.
1098 2935 1198 2971 Hine
1223 2934 1278 2980 fit,
1305 2942 1346 2969 ut
1372 2933 1434 2969 alii
1457 2934 1595 2982 privata
1618 2932 1654 2966 δε

59 2989 195 3026 secreta
219 3003 306 3027 cum
331 2989 559 3041 principibus
583 2990 787 3038 colloquia,
817 2990 879 3026 alii
901 3001 1004 3026 auras
1025 2990 1235 3038 populares,
1263 2999 1442 3036 tanquam
1465 2997 1597 3034 magna
1626 2996 1659 3019 a·

57 3045 173 3095 depti,
190 3046 423 3084 admirentur
440 3059 449 3086 3
480 3057 568 3083 cum
582 3043 622 3082 sit
640 3055 843 3093 utrumque
859 3043 1126 3095 iaepenumcro
1145 3056 1202 3082 res
1226 3047 1263 3082 ὅ(
1286 3041 1424 3081 invidia
1441 3045 1474 3093 ἃ
1492 3039 1658 3092 periculo

1534 3095 1661 3143 plena:

1750 222 1843 270 237
