2040 3465
220 185 1639 263 numito-:UT10.PH11„05012H1ARUM,
1803 217 1893 265 115

125 285 370 327 strumonem
378 286 583 332 tenuerint,
613 284 967 337 phaenomenorum
983 290 1021 326 in
1036 290 1151 331 coelis
1159 294 1367 340 patrocinia
1378 304 1492 342 aequa
1509 294 1609 331 sunt:
1633 298 1724 347 quin

126 343 167 379 ὅ(
184 340 395 382 tabularum
409 337 732 388 calculiqutril'quc
754 340 1003 390 respondent:
1031 345 1168 389 codem
1190 348 1321 393 modo,
1350 360 1391 386 ac
1406 349 1531 386 multo
1547 350 1655 386 etiam
1675 351 1719 387 fa-

125 392 302 438 cilimcst
322 395 366 433 in
390 394 548 434 naturali
571 392 807 447 philosophia
819 398 1034 448 complures
1049 398 1206 437 theorias
1226 404 1435 449 excogitare
1454 404 1550 440 inter
1572 403 1605 440 se
1627 408 1719 443 mus

125 445 212 492 turn
233 446 463 494 differ-cutm,
492 446 708 494 sedtamen
724 447 879 501 singulas
903 450 964 488 sibi
986 453 1207 501 constantes,
1237 459 1272 492 ὅ(
1287 446 1552 506 cipe-rimulam
1569 460 1604 495 ὅ(
1621 472 1718 510 prae-

125 502 251 551 settim
271 501 456 544 instantias
481 504 648 554 vulgares
674 516 768 553 quae
790 503 830 542 in
858 506 1131 555 quaestionibus
1159 510 1422 561 philosophicis
1453 511 1511 561 (ut
1536 526 1638 550 nune
1657 514 1717 564 fit)

123 557 259 605 judicia
272 570 443 598 exercere
457 556 592 604 solent,
621 560 662 596 in
687 559 874 598 diversum
893 561 1078 600 trahentes
1095 566 1131 601 δε
1154 576 1225 614 pro
1250 566 1397 604 testibus
1424 569 1590 605 citantes.

176 615 354 666 NEQUE
383 613 488 650 enim
510 613 711 653 defuerunt
733 614 845 652 etiam
874 616 996 653 nostra
1023 627 1153 664 aetate,
1182 621 1221 657 in
1244 620 1374 659 nostris
1396 623 1550 671 inquam
1574 623 1719 673 frigidis

122 669 347 720 praecordiis
360 676 472 716 atque
487 678 657 718 tempore
671 680 750 717 quo
766 681 822 707 res
837 671 1031 720 religionis
1046 673 1195 723 ingenia
1211 675 1497 724 consumserint‚
1523 679 1587 728 qui
1602 690 1718 716 novas

79 772 82 777 Ι
121 722 382 775 philosophiae
407 724 584 761 naturalis
610 723 766 761 fabricas
789 724 955 764 meditati
977 726 1072 765 sunt.
1129 730 1231 767 Nam
1252 728 1410 768 Tilesius
1437 744 1480 768 ex
1509 732 1717 771 Consentia

120 777 270 823 scenam
284 776 504 816 conscendit
519 779 557 816 &
571 789 711 815 novam
725 778 889 817 fabulam
905 781 993 830 egit,
1022 793 1250 831 argumento
1263 784 1433 834 profesto
1448 788 1566 836 magis
1586 788 1716 837 proba-

121 832 239 878 bilem
255 844 370 883 quarn
384 832 515 884 plausu
541 833 740 871 celebrem.
797 835 845 872 Et
861 835 1052 875 Gilbertus
1069 849 1112 875 ex
1135 837 1288 889 Anglia,
1316 852 1405 877 cum
1421 851 1592 878 naturam
1616 854 1715 891 mag-

115 889 220 938 netis
243 882 525 926 laboriofissime
540 889 577 924 &
592 886 729 938 magna
743 886 994 940 inquisitionis
1012 891 1244 931 firmitudine
1266 897 1303 931 ὅ(
1322 895 1536 939 constantia,
1565 908 1717 934 necnon

120 944 467 993 experimentorum
482 954 624 992 magno
632 942 860 982 comitatu&
875 944 952 982 fere
967 948 1118 995 agmine
1132 948 1374 997 perscrutatus
1389 949 1486 994 ess'et,
1514 951 1632 988 statim
1649 954 1717 989 im-

120 998 289 1044 minebat
315 1000 352 1035 &
375 996 452 1049 ipse
480 1009 599 1035 novae
614 997 872 1050 philosophiae
892 1001 1123 1049 condendae,
1150 1014 1221 1039 nec
1239 1004 1479 1055 Xenophanis
1506 1017 1648 1042 nomen
1676 1009 1716 1042 in

118 1054 385 1092 Xenomancm
408 1063 474 1102 per
495 1050 699 1090 ludibrium
726 1051 873 1091 versum
888 1056 1043 1104 expavit,
1071 1057 1111 1094 in
1132 1058 1235 1102 cujus
1257 1058 1478 1096 sententiam
1502 1060 1714 1098 inclinabat.

119 1109 227 1161 Quin
248 1110 285 1146 &
299 1106 555 1154 Fracastorius,
584 1108 671 1145 licet
687 1107 822 1145 sediam
835 1120 917 1147 non
930 1110 1151 1157 condiderit,
1180 1123 1308 1150 tamen
1324 1114 1490 1151 libertate
1505 1114 1632 1161 judicii
1648 1115 1712 1152 ho-

118 1163 217 1202 neste
234 1161 316 1200 usus
335 1162 400 1203 est3
428 1161 560 1200 eadem
579 1162 684 1201 ausus
701 1162 750 1200 cst
767 1163 972 1211 Cardanus,
1002 1165 1062 1203 sed
1079 1166 1209 1205 levior.

166 1216 350 1270 ATQJE
379 1217 560 1264 existimo,
589 1216 668 1264 filii,
696 1230 762 1255 vos
781 1219 830 1255 ad
847 1217 950 1256 istam
965 1233 1080 1269 quam
1094 1234 1137 1258 cx
1157 1220 1265 1259 nobis
1281 1222 1423 1269 auditis,
1454 1232 1529 1261 tam
1549 1225 1658 1262 latam
1679 1226 1715 1261 «St

115 1274 332 1324 generalem
353 1270 581 1324 opinionum
610 1275 647 1311 ὅ(
666 1272 869 1311 authorum
897 1275 1140 1319 rejectionem
1168 1276 1430 1326 obstupescere.
1488 1277 1591 1317 Licet
1609 1280 1713 1316 eninr

116 1328 164 1374 de.
179 1327 290 1366 nobis
309 1327 404 1365 bene
419 1325 639 1372 existimetis,
669 1338 797 1365 tamen
811 1328 929 1367 vereri
945 1330 1139 1377 videmini,
1168 1342 1207 1369 ut
1225 1332 1403 1370 invidiam
1415 1332 1564 1377 hujusce
1581 1335 1631 1370 rei
1648 1345 1713 1370 no-

118 1381 261 1430 biseum
272 1394 346 1421 una
362 1381 533 1420 sustinere
547 1378 703 1434 possitis.
759 1381 863 1435 Quin
879 1386 915 1421 ὅ(
930 1383 991 1436 ipsi
1022 1384 1168 1435 (credo)
1199 1386 1391 1424 miremini
1402 1389 1562 1424 &animi
1581 1390 1714 1439 pende-

115 1436 187 1486 tis,.
202 1437 383 1488 quorsum
401 1450 456 1474 res
485 1438 574 1474 hacc
600 1438 747 1477 evasura
762 1435 816 1483 sit,
846 1440 882 1475 &
901 1451 1018 1487 quam
1043 1441 1197 1478 tandem
1220 1441 1480 1479 conditionem
1508 1442 1611 1480 vobis
1631 1442 1714 1480 affe-

115 1501 254 1547 ramus.
312 1494 441 1542 ltaque
469 1493 609 1531 diutius
638 1492 828 1542 suspensos
859 1506 923 1530 vos
947 1507 1025 1532 non
1055 1497 1286 1533 tenebimus:
1323 1507 1431 1547 atque
1450 1491 1557 1534 simul
1584 1500 1619 1535 ἃ
1649 1510 1715 1535 vos

116 1548 380 1594 admiratione,
409 1550 446 1586 ὅ(
475 1559 545 1585 nos
573 1547 722 1594 invidia,
753 1558 793 1585 ut
820 1547 1014 1598 speramuS,
1043 1549 1110 1587 nisi
1126 1551 1333 1588 admodum
1351 1551 1475 1600 iniqua
1501 1551 1626 1601 suerit,
1658 1564 1714 1589 ex·

116 1604 300 1642 olvemus.
358 1602 489 1651 Atque
517 1600 735 1640 meministis
761 1603 933 1653 profesto
949 1607 1060 1642 etiam
1082 1607 1127 1642 ab
1152 1607 1264 1643 initio
1279 1618 1349 1643 nos
1369 1607 1441 1643 tale
1457 1605 1634 1655 quiddam
1652 1605 1714 1656 sig,-

115 1657 286 1697 nificass'c.
342 1658 525 1707 Antiquis
548 1669 629 1694 non
644 1668 744 1695 certe
761 1658 1028 1696 authoritatem
1045 1662 1081 1697 ὃ(
1105 1660 1217 1696 fidem
1248 1660 1300 1709 <id
1323 1662 1426 1698 enim
1447 1661 1713 1709 perniciosum)

115 1714 178 1752 sed
193 1714 384 1750 honorem
399 1725 440 1750 ac
457 1712 704 1749 reverentiam
722 1713 854 1749 intaeta
870 1716 904 1749 &
932 1712 1132 1752 imminuta
1147 1715 1248 1755 forc;
1276 1713 1418 1752 tametsi
1440 1715 1624 1765 pollemus
1644 1729 1715 1768 pro

113 1770 197 1815 jure
211 1768 352 1814 nostro,
379 1780 501 1818 neque
516 1779 564 1804 eo
579 1766 658 1818 ipso
674 1766 746 1804 alio
761 1779 874 1816 quam
891 1770 1080 1815 omnium,
1109 1766 1133 1806 fi
1149 1770 1239 1818 quid
1259 1770 1354 1819 apud
1371 1781 1436 1806 eos
1451 1781 1532 1806 non
1549 1771 1645 1808 recte
1660 1769 1713 1808 in-

114 1833 274 1862 ventum
297 1833 360 1860 aut
384 1819 547 1872 politum
565 1819 619 1869 stt,
649 1821 687 1859 id
712 1822 981 1871 reprehendere
1000 1834 1062 1860 aut
1087 1835 1230 1861 notare.
1288 1823 1359 1861 Sed
1375 1836 1431 1860 res
1446 1821 1520 1873 ipsa
1542 1825 1616 1862 hoc
1631 1838 1713 1864 non

113 1876 286 1932 postulat,
314 1877 394 1915 fato
409 1876 576 1926 quodam
600 1886 643 1914 ut
663 1877 884 1914 arbitramur
904 1876 950 1913 ad
967 1877 1148 1916 invidiam
1170 1882 1206 1916 &
1231 1878 1574 1916 contradictionem
1591 1881 1709 1917 extin-

113 1934 306 1985 guendam
322 1935 359 1970 &
371 1931 634 1982 depellendam
650 1929 817 1969 meliore.

140 2026 142 2028 .
168 1989 370 2027 Aumrr:
398 1988 534 2036 itaque,
564 1983 642 2034 filii,
670 1985 1037 2036 quaejamdicemus.
1093 1985 1463 2038 Nossiprofiteamur
1478 1988 1713 2027 nosmcliora

113 2041 247 2090 afferre
262 2055 376 2093 quarn
401 2041 560 2091 antiqui,
588 2042 747 2079 eandem
761 2053 874 2092 quam
894 2043 1041 2091 antiqui
1055 2042 1154 2080 viam
1174 2041 1362 2092 ingressos,
1390 2043 1493 2081 nulla
1512 2044 1715 2082 verborum

114 2109 192 2138 arte
211 2095 358 2137 efficere
378 2092 574 2148 poffimus,
602 2096 695 2145 quin
717 2097 915 2134 inducatur
938 2097 1120 2145 quaedam
1144 2096 1299 2147 ingenii,
1326 2099 1383 2135 vel
1403 2100 1641 2137 excellentiae
1656 2100 1715 2137 vel

112 2153 299 2204 facultatis
323 2152 558 2205 comparatio
580 2149 651 2189 five
674 2150 895 2189 contentio:
923 2164 1005 2190 non
1031 2163 1073 2189 ea
1090 2151 1244 2202 quidem
1273 2151 1400 2191 illicita
1423 2163 1485 2191 aut
1508 2165 1623 2195 nova;
1651 2153 1714 2192 scd

111 2208 234 2260 impar
260 2209 314 2246 ob
332 2210 472 2245 virium
488 2205 694 2244 nostrarum
717 2206 897 2247 modum5
923 2218 1038 2255 quem
1059 2219 1146 2245 eum
1167 2207 1235 2245 css'c
1251 2206 1333 2245 satis
1352 2207 1542 2256 sentimus,
1569 2219 1611 2246 ut
1631 2221 1714 2246 non

114 2263 241 2303 solum
254 2264 430 2312 antiquis,
459 2261 520 2299 scd
536 2263 573 2300 ὅ(
593 2258 682 2298 vivis
707 2261 824 2298 cedat.
883 2261 986 2299 Cum
1001 2272 1126 2300 autem
1157 2260 1215 2311 (ut
1234 2255 1447 2312 simpliciter
1465 2264 1562 2313 apud
1576 2275 1643 2301 vos
1658 2264 1712 2300 lo-

113 2319 288 2369 quamur)
318 2318 469 2356 claudus
493 2316 533 2354 in
556 2313 614 2354 viai
644 2316 762 2365 (quod
789 2315 863 2353 dici
889 2315 1000 2364 solet)
1030 2316 1220 2354 cursorem
1246 2326 1348 2354 extra
1370 2319 1468 2356 viam
1493 2328 1712 2364 antevertat,

113 2384 347 2421 commutata
363 2373 460 2410 ratio
487 2371 545 2409 est.
600 2370 731 2420 Atque
759 2371 806 2408 de
829 2368 887 2409 vid
917 2370 1180 2420 (mementote)
1211 2384 1292 2409 non
1316 2372 1363 2409 de
1383 2373 1522 2410 viribus
1548 2372 1712 2421 quaestio

110 2430 246 2477 oritur,
275 2426 419 2477 nosque
434 2423 568 2464 indicis
581 2438 662 2463 non
682 2423 811 2471 judicis
826 2436 946 2476 partes
961 2425 1187 2464 sustinemus.
1246 2428 1371 2476 Itaque
1386 2437 1510 2479 aperte
1527 2429 1605 2465 vale
1619 2426 1714 2472 juss'o

111 2485 223 2530 omni
236 2483 328 2525 fuco
343 2485 379 2521 ὅ(
398 2481 570 2528 artificio,
599 2480 759 2519 fatemur
774 2492 844 2518 nos
867 2482 908 2518 in
931 2481 998 2519 hac
1012 2482 1196 2531 opinione
1211 2481 1291 2527 css'e,
1321 2482 1451 2519 omnia
1465 2481 1640 2520 omnium
1657 2494 1712 2520 ae-

112 2548 234 2585 tatum
250 2540 402 2589 ingenia
416 2534 442 2574 fi
456 2538 497 2574 in
508 2548 628 2574 unum
645 2532 804 2573 coierint
821 2547 868 2573 eo
883 2548 962 2584 quo
976 2548 1080 2573 nunc
1094 2549 1150 2573 res
1164 2538 1306 2586 geritur
1319 2535 1452 2584 modo,
1480 2536 1554 2574 hoc
1565 2537 1625 2584 cst,
1655 2536 1710 2583 (ut

111 2595 211 2641 clare
224 2590 444 2642 loquamur)
474 2604 517 2629 ex
537 2591 787 2629 meditatione
807 2593 841 2628 δ(
859 2592 1195 2640 argumentatione,
1226 2592 1265 2628 in
1285 2591 1445 2629 scientiis
1456 2603 1613 2641 magnos
1626 2602 1712 2640 pro-

110 2648 225 2687 cessus
238 2648 359 2690 facere
380 2659 462 2685 non
476 2646 588 2699 posse.
643 2644 748 2698 Quin
762 2658 885 2694 neque
907 2645 969 2683 hic
983 2645 1078 2692 finis,
1107 2645 1167 2685 sed
1183 2645 1354 2684 addimus
1381 2645 1540 2698 insuper,
1568 2656 1714 2695 quanto

111 2705 198 2753 quis
225 2705 384 2752 ingenio
398 2703 479 2754 plus
492 2702 603 2746 valet,
632 2700 795 2738 eundem
810 2696 836 2737 si
858 2711 1008 2737 naturae
1024 2702 1159 2747 lucem,
1186 2699 1224 2738 id
1240 2699 1300 2748 est,
1328 2700 1518 2740 historiam
1537 2702 1573 2739 &
1590 2712 1712 2740 rerum

112 2757 393 2810 particularium
408 2755 633 2795 evidentiam
649 2755 904 2805 intempestive
919 2754 1079 2796 deserat3
1107 2765 1215 2793 tanto
1232 2757 1270 2792 in
1285 2754 1519 2794 obscuriores
1535 2757 1572 2793 δε
1592 2757 1712 2805 magis

113 2814 307 2865 perplexos
322 2807 591 2864 phantasiarum
617 2810 784 2857 recessus,
814 2811 850 2847 &
869 2806 966 2860 quasi
984 2808 1108 2862 specus
1128 2809 1164 2846 se
1179 2810 1377 2848 detrudere
1391 2812 1429 2850 ὃ(
1448 2811 1654 2848 involvere.

170 2868 355 2906 ANNoN
384 2866 486 2904 forte
503 2864 820 2912 animadvertistis,
847 2863 929 2911 filii,
956 2874 1094 2913 quanta
1110 2863 1351 2914 ingeniorum
1366 2867 1403 2903 &
1417 2864 1587 2903 acumina
1603 2866 1638 2902 δ(
1653 2875 1711 2901 ro-

112 2922 205 2961 bora
220 2923 319 2974 apud
333 2920 578 2972 philosophos
593 2919 828 2958 scholasticos
846 2920 931 2957 otio
957 2921 994 2957 &
1013 2919 1325 2958 meditationibus
1340 2921 1576 2966 luxuriantes,
1603 2921 1640 2956 δε
1659 2919 1711 2959 ob

114 2977 285 3016 tenebras
299 2976 392 3028 ipsas
414 2977 454 3014 in
469 2974 602 3025 quibus
621 2975 777 3012 enutriti
803 2982 909 3010 erant
932 2971 1087 3021 feroces,
1116 2976 1243 3024 quales
1258 2974 1369 3012 nobis
1394 2975 1483 3012 telas
1498 2984 1713 3011 aranearum

113 3033 341 3086 pepererint,
369 3040 515 3070 textura
539 3032 576 3068 ὅ(
606 3028 809 3067 subtilitate
835 3027 886 3065 fili
917 3029 1116 3075 mirabiles,
1147 3027 1230 3067 ulus
1250 3027 1507 3067 &commodi
1535 3038 1709 3118 expEer'tes

1300 3093 1321 3126 1K
1623 3092 1714 3118 tram
