2040 3439
82 251 196 330 cap.
216 265 298 311 111.
325 264 424 311 DE
447 239 884 314 AUGMEN'Tis
919 229 1450 316 SCIENTIARUM.

75 355 640 404 admodumealoraugeturper
651 353 919 393 refleffionem.
980 358 1137 396 Sedhoe
1152 357 1582 411 suppositionemnegat,
1611 367 1695 402 nori

74 409 258 448 fallaciam
282 410 484 458 redarguit.
539 409 728 446 Elenchus
761 423 851 452 vcro
879 413 962 449 talis
988 412 1048 450 est.
1105 414 1220 462 Dato,
1249 415 1491 466 quod‘vittus
1523 417 1695 468 (praeser-

76 467 149 503 tim
164 477 218 513 ea,
246 476 340 517 quae
368 464 515 501 labores
541 466 578 501 &
594 464 790 502 conflictus
805 464 919 515 subit)
950 479 1030 504 non
1056 469 1270 518 eligeretur,
1299 468 1368 507 nisi
1384 472 1488 522 quod
1512 472 1638 510 laudes
1659 477 1696 512 δεῖ

74 520 175 558 fama
202 531 285 558 eam
312 516 487 556 comitati
513 517 674 560 soleant5
703 519 801 558 haud
831 520 920 559 inde
950 521 1128 572 sequitur,
1157 525 1262 573 quod
1285 528 1472 577 appetitus
1496 529 1532 564 δε
1559 538 1690 566 motus

79 575 126 613 ad
147 576 339 621 virtutem,
369 585 451 611 non
466 570 508 611 {it
531 575 728 624 praecipue
747 586 900 626 propter
917 575 963 614 se.
1024 573 1218 629 Siquidem
1240 579 1350 627 fama,
1379 577 1496 630 poffit
1506 582 1575 620 effe
1589 576 1695 622 causa

77 640 227 668 tantum
254 626 458 678 impulsiva,
485 638 548 666 aut
564 626 639 666 fine
659 641 732 678 qua
761 643 864 672 non3
906 630 1127 682 neutiquam
1161 630 1326 673 efficiens
1353 646 1417 672 aut
1450 635 1691 677 constituens.

77 686 250 734 Exempli
265 685 400 734 gratia;
428 681 454 720 fi
482 683 562 722 duo
584 683 721 722 fuerint
742 688 841 735 equi,
871 699 1036 737 quorum
1060 700 1170 736 unus,
1198 688 1398 728 calcaribus
1420 703 1503 728 non
1517 693 1693 741 admotis,

75 739 224 791 quaevis
243 739 341 777 haud
367 737 528 788 segniter
549 739 759 789 praestarem
788 752 824 777 at
853 742 958 789 alter,
988 743 1189 781 calcaribus
1213 744 1392 792 admotis,
1422 748 1591 796 priorem
1612 749 1694 786 lon·

74 799 122 847 ge
137 792 340 845 superaret:
368 793 549 845 posterior
564 793 628 831 iste
657 793 850 843 (arbitror)
881 797 1044 845 palmam
1066 794 1215 845 referet,
1246 800 1283 837 ὃ(
1311 811 1382 849 pro
1407 813 1509 850 equo
1535 803 1695 842 meliore

73 850 311 898 judicabitur.
371 851 507 897 Neque
522 861 736 900 quenquam
752 848 878 896 judicii
899 850 977 887 sani
994 855 1249 891 commoverit
1270 854 1434 892 formula
1450 856 1529 894 illa:
1559 858 1693 907 Apage

74 900 186 945 istum
205 900 359 956 equum,
386 904 491 949 cujus
520 902 666 955 spiritus
696 902 752 942 siti
783 904 867 942 sunt
895 903 934 942 in
964 903 1175 946 calcaribus.
1232 909 1554 960 Quandoquidem
1584 900 1690 950 enlin

75 957 368 1006 instrumentum
384 958 619 999 ordinarium
634 960 820 1008 equitanti
834 954 877 1000 sit
886 961 1015 1008 calcar,
1043 973 1168 1011 neque
1185 956 1266 1000 ullo
1280 965 1403 1001 modo
1417 967 1525 1003 oneri
1545 977 1608 1004 aut
1623 969 1692 1004 im-

104 1016 112 1021 ’
125 1013 300 1063 dimento
315 1015 350 1051 ei
370 1011 432 1055 fit3
461 1025 543 1051 non
566 1015 729 1051 minoris
753 1026 951 1068 propterea
979 1015 1225 1055 aestimandus
1239 1017 1288 1056 est
1307 1031 1435 1070 equus,
1464 1022 1530 1069 qui
1550 1023 1693 1061 calcare

75 1067 272 1123 incitatur:
302 1081 426 1118 neque
454 1067 566 1106 etiam
601 1070 666 1106 ille
700 1071 805 1118 alter,
834 1072 900 1122 qui
930 1069 1067 1122 absque
1095 1073 1297 1111 calcaribus
1324 1073 1418 1113 mira
1447 1073 1615 1126 praestet,
1644 1090 1693 1115 eo

49 1123 169 1179 ‘ipso'
192 1124 340 1171 melior,
372 1123 432 1161 sed
460 1125 656 1162 delicatior
676 1135 825 1163 tantum
848 1126 1040 1164 habendus
1064 1125 1124 1177 est.
1181 1125 1303 1166 Simili
1325 1131 1483 1178 ratione,
1511 1132 1631 1180 gloria
1655 1137 1696 1174 δε

52 1176 56 1178 ’
77 1175 217 1233 honor,
246 1179 386 1226 virtuti,
416 1191 487 1231 pro
502 1178 656 1217 stimulis
680 1182 716 1218 ὃ(
735 1181 952 1228 calcaribus,
979 1179 1236 1221 subserviunt:
1265 1184 1327 1221 Ac
1350 1184 1437 1223 licet
1457 1187 1586 1233 virtus,
1616 1186 1692 1224 {inc

53 1280 56 1285 r
77 1233 165 1282 inis»,
191 1236 306 1288 paulo
329 1234 455 1272 futura
478 1234 564 1272 essct
588 1234 820 1284 languidior3
849 1246 978 1274 tamen
1007 1249 1096 1274 cum
1126 1235 1271 1288 semper
1298 1238 1361 1277 illa
1388 1241 1530 1290 praesto
1550 1240 1620 1279 sint
1646 1242 1693 1284 ei,

68 1289 194 1331 'etiam
213 1302 299 1329 non
317 1291 491 1331 invitata3
520 1290 576 1326 nil
605 1287 738 1338 officit,
766 1303 845 1342 quo
868 1293 994 1329 minus
1022 1291 1138 1331 virtus
1160 1304 1314 1346 propter
1340 1294 1376 1332 se
1403 1308 1557 1346 quoque
1586 1309 1691 1347 expe-

53 1349 192 1397 tatur.
245 1344 375 1394 Itaque
398 1345 496 1382 redte
523 1345 756 1395 redarguitur
784 1345 846 1383 illa
869 1343 1027 1398 politio:
1057 1346 1164 1386 Nota
1196 1350 1274 1393 ejus
1303 1352 1369 1397 rei,
1399 1352 1504 1399 quod
1535 1363 1692 1402 propter

77 1399 317 1453 opinionem,
346 1403 481 1438 &non
508 1411 661 1452 propter
683 1403 877 1441 veritatem
899 1399 1060 1451 eligitur,
1087 1401 1180 1440 haec
1207 1404 1274 1445 est3
1303 1405 1407 1454 quod
1424 1405 1518 1454 quis,
1548 1405 1573 1442 fi
1591 1409 1695 1446 clam

54 1458 228 1509 'putaret
242 1455 337 1502 fore,
367 1456 528 1493 facturus
542 1464 624 1492 non
641 1455 770 1494 fuiffct.

56 1519 63 1552 g
82 1508 92 1552 ’,
114 1559 117 1562 ¹
135 1506 334 1562 Sophisma
370 1522 427 1547 11.
457 1511 602 1562 Quoi>
630 1518 742 1560 opera
766 1514 803 1550 ὃς
825 1509 960 1550 virtute
975 1510 1096 1550 nostra
1116 1524 1264 1563 partum
1281 1512 1343 1561 est,
1371 1516 1494 1562 maius
1523 1516 1694 1559 bonum;

80 1567 186 1616 quod
213 1565 260 1603 ab
282 1564 408 1603 alieno
430 1565 628 1613 beneficio,
658 1567 717 1604 vel
741 1567 788 1604 ab
816 1568 1052 1617 indulgentia
1078 1563 1255 1608 fortunae
1284 1570 1466 1619 delatum,
1494 1571 1543 1608 est
1567 1574 1695 1610 minus

75 1616 239 1667 bojnum.
1208 1672 1212 1677 ι

136 1670 458 1728 ζῖᾼυεΑΕΙιιῑίυε
470 1677 522 1713 rei
535 1676 602 1715 hae
615 1675 710 1714 sunt.
751 1675 897 1727 >Primo
912 1688 1066 1730 propter
1078 1677 1179 1730 spem
1190 1679 1388 1718 defuturo.
1447 1679 1638 1732 Siquidem
1655 1685 1696 1720 in

80 1725 247 1776 aliorum
265 1733 393 1781 gratia,
423 1741 485 1769 aut
501 1732 675 1770 fortunae
692 1729 797 1784 ipsius
825 1736 946 1772 ventis
960 1733 1142 1780 secundis,
1171 1747 1254 1772 non
1282 1737 1452 1773 multum
1480 1736 1568 1773 inest
1589 1738 1698 1775 certi-

81 1782 242 1825 tudinis;
269 1788 418 1838 propria
437 1798 528 1825 vero
554 1787 729 1825 industria
757 1799 819 1825 aut
849 1791 974 1835 virtus,
1005 1789 1147 1839 semper
1168 1789 1276 1828 domi
1308 1791 1451 1828 adsunt.
1509 1792 1625 1830 Adeo
1655 1804 1695 1830 ut

83 1836 278 1895 postquam
299 1840 390 1878 boni
410 1842 501 1890 quid
529 1841 639 1880 nobis
659 1843 733 1880 hoc
749 1844 869 1881 modo
890 1855 1057 1895 paratum
1078 1845 1203 1892 fuerit,
1233 1857 1411 1883 maneant
1426 1845 1540 1883 ctiam
1565 1848 1698 1886 eadem

83 1896 329 1934 instrumenta
351 1895 390 1933 in
412 1909 533 1934 novos
555 1897 638 1934 usus
663 1908 798 1947 parata,
827 1897 918 1946 quin
941 1899 978 1935 δε,
1007 1899 1282 1937 consuetudine
1310 1904 1347 1938 ὅ(
1367 1900 1527 1938 successu
1554 1902 1698 1941 reddita

83 1950 276 1991 validiora.
334 1953 522 2000 Secundo,
552 1954 639 2004 quia
661 1953 766 2002 quod
795 1954 921 1992 alieno
945 1953 1130 1992 beneficio
1154 1955 1405 2007 adipiscimur,
1435 1957 1511 2002 ejus
1532 1958 1646 1994 etiam
1662 1971 1697 1994 a-

81 2006 145 2044 liis
171 2006 360 2044 debitores
388 2007 529 2045 sumus:
560 2020 649 2045 curn
674 2020 768 2057 quae
794 2022 858 2061 per
887 2021 958 2046 nos
982 2004 1046 2059 ipsi
1069 2009 1419 2059 comparaverimus,
1448 2011 1544 2048 nihil
1574 2012 1699 2050 oneris

85 2059 211 2100 sccurn
228 2062 387 2099 trahant.
444 2064 568 2100 Etiam
592 2061 617 2100 si
637 2063 727 2114 quid
744 2065 978 2113 indulgentia
1002 2065 1129 2103 divina
1148 2066 1189 2102 in
1209 2078 1280 2103 nos
1304 2068 1564 2113 cumulaverit,
1594 2069 1696 2104 retri-

86 2117 288 2155 butionem
304 2117 493 2168 quandam
516 2131 602 2168 erga
622 2117 693 2155 Dei
716 2119 927 2156 bonitatem
957 2115 1148 2169 efflagitat,
1177 2121 1281 2171 quod
1304 2120 1480 2158 homines
1497 2133 1635 2172 pravos
1659 2125 1696 2159 δε

84 2169 282 2223 improbos
299 2172 464 2218 mordet,
494 2174 556 2211 ubi
578 2173 616 2210 in
637 2176 764 2223 priore
792 2187 929 2224 genere
955 2176 1047 2211 illud
1077 2175 1280 2226 prophetae
1309 2176 1532 2223 usuvenerst,
1562 2178 1698 2213 laetan-

87 2236 162 2274 tur,
190 2228 226 2264 ὃ(
242 2229 422 2279 exultant,
451 2226 653 2265 immolant
665 2226 799 2280 plagis
813 2227 904 2280 fitis
922 2225 969 2273 d„
979 2227 1214 2280 sacreficant
1230 2230 1307 2267 reti
1345 2242 1401 2267 uo.
1459 2232 1595 2268 Tertio
1610 2234 1700 2280 quia-

87 2293 144 2329 ea,
170 2294 265 2331 quac
286 2294 304 2318 a
320 2284 458 2319 virtute
483 2283 603 2319 nostra
629 2282 785 2320 minime
801 2284 967 2334 profetia
988 2284 1085 2331 sunt,
1113 2285 1218 2321 nulla
1232 2285 1398 2334 sequitur
1426 2285 1504 2323 laus
1519 2289 1556 2323 ὃς
1585 2286 1698 2324 existi-

89 2336 220 2374 matio.
276 2338 382 2390 Quae
398 2339 501 2374 enim
518 2336 701 2375 felicitatis
717 2337 813 2384 finnt,
842 2338 1128 2376 admirationem
1146 2340 1334 2387 quandam
1356 2340 1518 2390 pariunt,
1546 2342 1701 2379 laudem

86 2391 258 2430 minime.
317 2393 420 2430 Sicut
436 2391 484 2429 ait
501 2392 640 2430 Cicero
656 2394 699 2430 ad
719 2393 936 2430 Caesarem:
964 2394 1070 2445 Quae
1083 2395 1264 2432 miremur
1284 2395 1484 2439 habemus;
1512 2408 1606 2447 quae
1622 2398 1697 2434 lau-

87 2447 222 2484 demus
245 2448 487 2498 expeclamus.
544 2449 693 2499 Qiarto
722 2450 809 2498 quia
837 2460 931 2498 quae
960 2447 1132 2486 industria
1151 2452 1299 2500 propria
1324 2451 1579 2498 acquiruntur,
1607 2463 1698 2489 cum

90 2502 281 2540 laboribus
296 2505 331 2540 ὅ(
352 2504 604 2539 contentione
632 2502 707 2541 fere
736 2504 936 2548 conjuncia
959 2502 1060 2544 sunt3
1088 2504 1191 2554 quod
1214 2506 1441 2543 nonnullam
1457 2504 1567 2543 habet
1590 2507 1631 2543 in
1660 2506 1696 2544 se

90 2555 325 2598 suavitatemz
354 2559 410 2594 uti
432 2559 635 2604 Solomon,
653 2556 801 2609 fitaw's
818 2555 923 2595 cibus
943 2570 967 2595 a
982 2565 1142 2596 venatu.

143 2608 355 2649 Elenchns.
386 2613 461 2649 Ar
491 2623 651 2664 quatuor
681 2613 925 2651 inveniuntur
940 2616 1085 2651 colores
1108 2611 1278 2664 oppositi,
1308 2613 1465 2663 quirem
1491 2616 1532 2652 in
1547 2626 1693 2653 contra-

89 2665 182 2704 riam
206 2678 350 2718 partem
369 2667 565 2714 inclinant,
594 2664 810 2718 possintque
823 2669 893 2706 effe
909 2667 1092 2720 prioribus
1109 2670 1215 2706 instar
1238 2670 1495 2707 elenchorum.
1554 2670 1701 2717 Primo,-

90 2722 181 2770 quia
209 2721 362 2760 felicitas
395 2723 542 2760 videtur
572 2723 640 2760 effe
661 2721 808 2774 signum
841 2724 1032 2772 quoddam
1058 2726 1094 2761 ὃς
1123 2724 1307 2761 character
1332 2724 1464 2762 favoris
1491 2726 1629 2762 divini:
1660 2730 1696 2764 δε

90 2787 287 2829 propterea
308 2789 390 2814 tum
424 2779 464 2815 in
499 2776 770 2831 nobismetiplis
809 2777 1077 2817 confidentiam
1113 2781 1149 2816 ὅ(
1178 2780 1404 2817 alacritatem
1419 2792 1586 2829 generat,
1614 2792 1698 2818 tum

91 2832 188 2883 apud
203 2833 296 2868 alios
311 2833 577 2870 authoritatem
603 2835 639 2869 ὅ(
667 2832 923 2870 reverentiam.
981 2835 1146 2871 Felicitas
1175 2845 1299 2871 autem
1323 2834 1382 2872 issa
1403 2835 1514 2872 etiam
1540 2835 1698 2873 fortuita

91 2887 367 2937 complectitur,
397 2888 441 2924 ad
466 2900 559 2936 quae
587 2890 703 2924 virtus
719 2900 825 2937 aegre
858 2887 1007 2937 aspirans
1037 2887 1150 2925 veluti
1177 2901 1264 2925 cum
1291 2889 1424 2927 Cacsar
1452 2892 1496 2928 ad
1516 2892 1618 2929 navis
1632 2904 1696 2940 gu-

92 2941 344 2987 bernatorem,
360 2944 508 2979 animos
518 2942 692 2979 addendo
703 2943 812 2980 dixit:
844 2942 1040 2980 Caesarem
1050 2944 1424 2995 portas&fortunam
1439 2944 1524 2995 ejus.
1581 2946 1698 2997 Quod

95 2993 122 3032 si
140 2995 292 3043 dixiss'ct,
322 2997 520 3034 Caesarem
548 3007 672 3046 portas
704 3000 739 3034 δε
761 2996 936 3034 virtutem
965 2999 1054 3046 ejus,
1082 2997 1259 3048 frigidum
1285 2999 1432 3050 prorsus
1460 3001 1579 3038 suill'et
1607 3001 1697 3036 sola-

93 3051 192 3088 tium
212 3051 434 3101 periclitanti
450 3054 487 3089 in
508 3053 683 3101 procella.
739 3053 924 3099 Secundo,
955 3055 1040 3101 quia
1069 3066 1110 3090 ea
1125 3066 1219 3102 quae
1246 3067 1265 3091 a
1286 3057 1422 3092 virtute
1439 3068 1501 3093 aut
1522 3054 1699 3095 industria

93 3106 426 3156 procedunt,‘iiint
454 3107 649 3145 imitabilia
679 3109 714 3145 ὅ(
739 3107 815 3145 aliis
843 3117 993 3158 patent3
1023 3120 1111 3147 cum
1144 3107 1348 3148 felicitasfit
1378 3122 1433 3147 res
1453 3109 1697 3152 inimitabilis,

147 3161 256 3201 vor.
290 3163 315 3198 1.
879 3164 912 3201 Z
1659 3167 1697 3202 δε

1777 285 1873 342 Ϊ77
