2040 3439
769 171 967 233 155,va
993 168 1178 229 DsE*
1207 168 1317 217 Χ

174 277 422 328 Hieroglyphica
450 276 569 312 literis⁴
590 271 798 321 antiquiora,
842 273 901 313 8⁷1·
955 269 1011 306 Ex

220 321 374 377 congruo
391 340 441 363 res
458 325 662 373 significant,
837 321 922 368 Pag.
943 331 1011 367 159

176 374 494 426 Hieroglyphicorum
507 374 583 410 usus
596 370 745 408 vetustus
758 370 795 405 &
810 369 901 406 sacer
917 370 1013 426 apud

223 426 452 475 -AEgyptios‚
932 418 1013 455 ibid.

177 472 322 525 Hippias
340 472 558 519 iaCtabundus
573 483 653 506 cum
669 470 807 506 Socrate
824 468 1013 518 disputans,

226 528 282 574 67.
333 518 416 559 'Vide
426 536 461 571 p.
480 522 562 567 285.
805 567 812 573 ⁶

176 579 406 624 Hippocrates,
431 572 503 617 laus
518 569 601 618 ejus,
633 570 713 604 118.
766 567 959 614 Diligentia
976 566 1015 602 &

224 622 406 662 methodus
436 620 507 669 ejus
535 621 570 655 in
591 618 721 654 morbis
740 617 905 659 sanandis,
936 627 1016 659 124.

227 673 326 711 Artis
342 683 462 718 parens
473 669 609 705 habitus
622 667 682 708 est,
710 666 790 702 ibid.
845 666 1017 714 Aphoris-

227 735 305 759 mus
322 720 392 770 ejus
409 721 451 756 de
469 719 508 755 iis
526 719 586 767 qui
604 715 704 766 gravi
725 717 850 752 morbo
866 715 1017 763 correpti

228 773 316 812 sunt,
946 764 1017 800 206

182 821 362 859 Hirudinis
376 818 504 862 fabula,
830 864 836 870 ι
945 826 1016 861 225

181 873 364 919 Hispanico
384 869 497 916 lingua
516 877 630 902 tenues
649 866 763 902 literas
781 864 867 905 odit,
948 867 1012 900 161

179 922 320 969 Hispani
333 931 433 969 parce
449 916 651 964 impertiunt
660 915 718 964 jus
731 914 894 957 civitatis,
920 924 955 949 at
968 915 1018 949 in-

226 971 427 1018 digenarum
447 968 652 1016 paucitatem
664 965 740 1013 jam
756 963 916 1005 sentiunt,
933 975 1017 1009 245.

227 1019 385 1058 Bellicosi
403 1019 502 1059 olim,
531 1015 611 1057 246.
666 1013 868 1049 Exercitum
887 1022 1019 1049 vetera-

229 1061 313 1105 num
333 1068 438 1111 alunt,
467 1077 547 1114 247.
602 1063 650 1100 Et
669 1063 746 1100 Itali
771 1073 844 1098 arte
870 1063 946 1099 loca
965 1076 1018 1098 re-

231 1119 407 1166 frigerant,
808 1162 816 1168 ἱ

182 1169 399 1215 Hispanorum
417 1165 582 1211 adagium
600 1163 642 1199 de
661 1162 854 1205 mendacio,
1010 1211 1016 1217 ι

182 1219 403 1266 Hispanorum
421 1215 620 1263 imperium,
649 1224 731 1258 245.
784 1211 926 1259 Hispani
959 1212 1020 1247 solt

230 1267 436 1316 profitentur
455 1264 602 1300 studium
620 1274 810 1305 armorum,
947 1261 1018 1304 246

182 1318 330 1363 Historia
341 1314 487 1351 veritatis
501 1312 673 1361 magistra,
703 1324 759 1359 32.
811 1311 872 1347 Ad
885 1323 1018 1347 memo-

228 1367 322 1402 ‘riam
342 1364 497 1406 refertur,
972 1360 1020 1405 64

185 1417 330 1462 Historia
348 1414 519 1456 naturalis,
546 1412 656 1459 qualis
670 1410 894 1452 instauranda,
910 1421 942 1456 5.
980 1411 1022 1446 In

229 1465 362 1511 historia
374 1463 516 1500 naturali
532 1462 639 1497 multa
652 1472 779 1497 temere
795 1470 942 1508 recepta,
961 1472 1019 1504 41.

234 1514 401 1552 Materies
414 1511 674 1548 conscribendae
687 1509 837 1554 historiae
848 1510 1020 1552 naturalis,

946 1173 1012 1208 231

236 1565 293 1600 62.
347 1565 461 1605 Sacra,
480 1563 536 1607 65.
589 1561 736 1605 Historia
751 1559 909 1594 naturalis
924 1560 960 1594 δε
973 1559 1020 1595 ci-

231 1614 324 1656 vilis,
352 1613 430 1648 ibid.
483 1612 582 1660 Qae
617 1609 863 1657 comprehendi
896 1609 1022 1644 debent

237 1665 271 1699 in
289 1661 446 1703 naturali,
468 1661 525 1696 66.
559 1659 704 1702 Historia
723 1658 934 1694 mirabilium
954 1671 1021 1693 non

233 1712 429 1760 rejicienda,
458 1711 516 1757 67.
571 1710 656 1745 Non
688 1707 819 1744 constat
847 1708 1022 1756 quousque

233 1762 376 1799 effestus
409 1759 581 1795 mirabiles
613 1771 653 1794 ex
679 1758 784 1793 causis
813 1757 1024 1792 naturalibus

236 1811 403 1860 pendent,
421 1809 499 1844 ibid.
543 1809 706 1853 Historiae
720 1807 934 1841 mechanicae
949 1806 1024 1841 fun-

236 1859 446 1897 damentales
459 1870 540 1905 erga
555 1856 804 1906 philosophiam
819 1856 1022 1898 naturalem,

237 1913 297 1947 68.
350 1908 516 1954 Historiae
529 1906 691 1942 naturalis
704 1906 779 1941 usus
792 1905 931 1953 duplex,
944 1905 1025 1943 ibid.

237 1958 418 1997 Dividitur
437 1957 471 1993 in
489 1957 696 1993 narrativam
727 1955 764 1990 δε
797 1955 1023 1997 induffivam,

237 2011 296 2057 69.
345 2007 529 2044 Subtraetis
541 2005 775 2042 subtrahendis
788 2004 829 2040 ad
845 2005 893 2040 nil
907 2005 1023 2053 magni

239 2059 379 2100 recidet,
417 2057 494 2093 ibid.
547 2055 961 2102 Praeter-generationum
989 2054 1026 2089 &

238 2111 365 2145 artium
382 2107 533 2152 historiae
550 2105 794 2147 desiderantur,
813 2103 892 2140 ibid.
919 2104 1026 2148 Histo-

238 2161 295 2194 ria
313 2159 500 2199 literarum,
518 2155 597 2190 ibid.
626 2154 858 2196 Defideratur,
871 2165 927 2201 70.
959 2154 1026 2189 Ea-

238 2221 316 2244 rum
326 2207 558 2254 antiquitates,
572 2204 775 2253 progressus,
790 2203 1026 2250 migrationes,

239 2258 312 2294 &a
339 2254 675 2295 commemorandae,
695 2253 774 2290 ibid.
814 2253 974 2300 Dignitas
989 2253 1027 2288 &

236 2307 423 2342 difficultas
435 2305 606 2340 literarum
620 2303 843 2349 historiae,71.
873 2302 1027 2338 Plurima

242 2356 341 2391 istam
376 2355 542 2400 historiam
576 2352 793 2389 circumstant
824 2352 922 2394 vitia,
948 2352 1026 2389 ibid.

243 2406 386 2450 Historia
404 2404 515 2439 civilis
531 2403 715 2450 tripartita,
737 2413 794 2448 71,
823 2412 879 2448 72.
917 2402 967 2436 Hi
994 2414 1026 2436 o-

241 2458 297 2490 ria
317 2454 396 2499 justa
409 2454 537 2490 constat
549 2465 590 2488 ex
607 2452 789 2494 chronicis,
803 2451 881 2487 vitis
893 2451 931 2487 ὅτ
941 2451 1028 2487 rela-

244 2497 404 2544 tionibus,
435 2515 493 2548 72,
524 2515 580 2550 73.
634 2500 798 2546 Historiae
817 2511 1027 2549 temporum,

243 2565 301 2600 75.
330 2553 472 2596 Hstorm
488 2552 685 2599 prudentior
697 2551 816 2598 qualis,
831 2561 886 2597 77.
915 2551 1028 2586 Mate-

241 2604 293 2638 ria
305 2603 342 2637 &
358 2602 454 2648 copia
467 2615 506 2636 ex
518 2603 640 2649 quibus
654 2600 788 2645 historia
802 2600 1028 2642 conficienda,

246 2663 302 2699 70.
330 2651 475 2695 Historia
487 2652 642 2698 legitima
654 2651 690 2685 δε
702 2649 856 2685 absoluta
867 2650 1029 2686 rariffime

246 2701 431 2739 invenitur,
462 2711 516 2746 71.
570 2700 721 2746 Angliae
741 2700 777 2734 δε
804 2700 935 2735 Scotiae
964 2699 1031 2734 Hi-

236 2751 362 2796 storiae
380 2749 508 2796 quales,
530 2759 546 2795 7
556 2761 585 2794 3.
629 2749 698 2784 Res
716 2749 849 2784 levioris
865 2749 1034 2785 momenti

243 2799 432 2849 plurimum
455 2798 620 2844 derogant
646 2798 808 2842 historiae,
838 2798 895 2845 76.
948 2798 1031 2834 Cos-

243 2847 468 2896 mographica
479 2847 737 2894 multiplex,77.
758 2848 921 2889 Historiae
931 2860 1031 2895 parce

247 2897 421 2934 inserenda
435 2896 588 2944 politica,
618 2897 675 2941 76,
696 2907 751 2941 77.
779 2896 1033 2934 Ecclefiasticae

247 2949 402 2996 partitio,
425 2957 483 2993 77,
505 2948 559 2992 78.
611 2945 755 2988 Historia
767 2946 809 2980 ad
821 2947 1030 2993 prophetias,

248 2998 286 3032 ἃ
305 2997 439 3041 historia
459 2994 642 3035 nemeseos,
670 2993 749 3028 ibid.
802 2995 850 3027 Hi
877 2998 1033 3031 oricorum

249 3046 376 3093 elogia,
405 3056 487 3092 207.
537 3043 681 3087 Historia
717 3053 912 3088 temporum
947 3045 1032 3091 quid

249 3095 408 3143 praestat,
435 3095 516 3130 228.
567 3091 929 3138 Infelicitasquaedam
946 3093 1033 3128 inter

249 3144 410 3188 historicos
427 3144 483 3180 vel
499 3143 663 3191 optimos,
684 3151 766 3186 251.
794 3140 956 3185 Historiae
972 3153 1031 3177 na-

247 3193 348 3230 turali
362 3193 487 3241 'ingens
502 3193 631 3229 accessit
649 3190 805 3227 cumulus
832 3202 873 3227 ex
891 3190 1034 3238 naviga-

1105 268 1387 318 tione-protensa,
1414 268 1510 306 260..
1547 257 1970 327 Hffloniaifmostalisxgj

1104 318 1385 366 nimisangusta
1416 319 1515 362 bafis,
1558 322 1640 357 282.
1692 322 1757 356 Per
1801 323 1950 360 millerza

1103 380 1210 404 annos
1225 368 1435 404 Graecorum
1454 369 1604 413 historiae
1628 368 1927 418 indignaanassssezss.
1974 386 1976 406 ε

1109 416 1274 462 Historiae
1290 417 1452 454 naturalis
1468 418 1582 462 status,
1599 430 1682 464 300.
1705 448 1708 459 ,
1733 419 1929 467 Eiwdurlx,

1107 467 1191 515 plex
1216 467 1453 513 confideratiO,
1484 480 1564 514 301.
1616 468 1928 519 Ejusdeseriptiqu

1108 529 1150 551 ex
1167 517 1317 552 authoris
1347 517 1503 558 modulo,
1535 518 1619 564 306,
1641 518 1729 566 3072
1774 519 1899 568 Qus

1957 0 1975 351 l

1972 326 2037 514 {l

2035 523 2037 541 l

1109 566 1244 610 historia
1287 566 1560 614 experimentalis
1605 567 1929 621 Ρῐιταῃάἣςπῇιξξᾲἓ.
1980 566 1985 610 “.
2037 589 2040 593 ·

1108 615 1211 651 Circa
1222 615 1389 661 historiam
1401 618 1592 653 naturalem
1606 618 1790 659 cautiones,
1808 618 1896 665 Pag.

1062 711 1219 768 His-larici
1232 714 1364 762 legibus
1375 715 1412 751 &
1425 714 1506 750 actis
1514 708 1734 764 judicialibus·
1745 730 1813 753 non
1822 679 1901 753 giss-

1113 775 1355 807 immorantur,

1063 812 1258 855 Historicum
1275 815 1399 850 veritas
1415 814 1526 857 decet,

1112 912 1236 948 Caesar
1253 924 1310 949 aut
1330 913 1517 961 Augustus,
1546 926 1604 962 57.
1655 915 1895 963 Qotncentu'-

1109 961 1172 997 rias
1188 962 1355 998 duravere
1385 963 1454 1010 ejus
1483 964 1647 1007 carmina,
1675 964 1897 1005 ibid-..scita-

1107 1021 1172 1054 tus,
1205 1023 1218 1046 1
1230 1011 1284 1047 16.
1336 1011 1420 1060 Ejus
1437 1013 1590 1049 carmina
1607 1013 1729 1062 sponte
1747 1013 1897 1057 fluentia,
1917 1019 1931 1058 ’ζ

1787 1082 1808 1101 a
1828 1066 1896 1110 178

1061 1129 1111 1136 —
1122 1108 1302 1147 decantata
1314 1110 1383 1158 ejus
1391 1122 1508 1148 catena
1519 1112 1560 1148 ad
1576 1113 1701 1161 pedem
1717 1101 1792 1150 solii
1803 1113 1901 1159 {Iovis
1926 1145 1934 1151 .

1112 1158 1193 1202 fixa,
1690 1173 1748 1207 30,
1759 1164 1834 1211 ¹⁴83,
1852 1162 1899 1210 96

1065 1208 1167 1244 Homo
1179 1209 1364 1246 collocatus
1375 1210 1409 1246 in
1425 1211 1594 1257 paradiso,
1612 1210 1656 1247 ad
1669 1212 1936 1261 operandum,f.{

1109 1257 1168 1304 46.
1217 1260 1278 1294 Ad
1298 1260 1362 1295 Dei
1390 1260 1592 1297 charitatem
1608 1260 1768 1328 aspirarev
1783 1262 1900 1349 [1ῖῖῑὲ
1929 1316 1937 1325 '¹

1116 1319 1198 1345 212.
1250 1309 1400 1352 Cecidit,
1746 1346 1752 1352 ‚

1065 1356 1166 1394 Homo
1182 1358 1314 1394 homini
1333 1359 1445 1407 lupus,
1475 1371 1518 1395 22
1525 1372 1557 1406 5.
1609 1360 1651 1396 Se
1684 1361 1834 1408 abneget
1862 1362 1901 1397 &

1114 1408 1250 1443 accedat
1267 1409 1310 1444 ad
1329 1409 1461 1451 Deum,
1816 1411 1898 1446 Υ262

1065 1456 1166 1493 Homo
1184 1468 1322 1495 naturae
1342 1459 1494 1494 minister
1513 1459 1551 1494 δε
1570 1459 1743 1508 interprffi,
1826 1471 1901 1506 274

1064 1507 1166 1542 Homo
1183 1518 1345 1555 tanquam
1363 1509 1483 1556 planta
1502 1509 1646 1552 inversa,
1828 1521 1897 1557 343

1065 1555 1167 1591 Homo
1184 1567 1342 1593 motuum
1361 1558 1589 1595 violentorum
1605 1558 1765 1595 dominus
1792 1560 1902 1606 magis

1114 1618 1219 1653 quam
1237 1618 1462 1650 caeterorum,
1829 1609 1899 1654 386

1066 1655 1218 1691 Homines
1230 1656 1328 1692 domi
1340 1657 1498 1700 celebres,
1527 1657 1560 1692 in
1573 1658 1756 1706 metropoli
1776 1658 1899 1705 vulga-

1114 1718 1175 1748 res,
1782 1728 1785 1732 ·
1834 1707 1903 1753 164

1064 1775 1113 1781 —-
1128 1764 1304 1790 mutantur
1317 1768 1395 1791 cum
1408 1755 1610 1799 actionibus,
1631 1767 1713 1804 230.
1765 1757 1908 1793 Eorum*
1928 1777 1932 1781 ·

1116 1804 1238 1839 notitia
1256 1816 1341 1852 quot
1362 1806 1474 1840 modis
1492 1805 1638 1848 elicitur,
1683 1810 1685 1812 ’
1821 1806 1900 1842 ibid.

1066 1853 1216 1888 Hominis
1233 1864 1350 1890 natura
1374 1856 1412 1890 δε
1430 1854 1544 1898 status,
1575 1867 1588 1890 1
1600 1866 1654 1903 17.
1708 1855 1826 1904 Digna
1853 1856 1903 1893 est

1116 1913 1154 1938 ut
1172 1903 1205 1938 in
1237 1903 1410 1939 scientiam
1441 1904 1622 1952 redigatur,
1651 1905 1728 1942 ibid.
1783 1905 1902 1942 Refer-

1116 1962 1171 1989 tur
1187 1953 1229 1988 ad
1249 1954 1397 1990 miserias
1415 1954 1453 1989 ὅτ
1479 1958 1736 2002 praerogativas
1751 1955 1900 1998 homim's,
1919 1971 1921 1973 >

1068 2052 1241 2087 Hominum
1257 2052 1550 2100 phantasticorum
1586 2053 1789 2103 impostura,
1815 2005 1944 2115 gg,

1828 2115 1850 2139 2

1066 2171 1116 2180 ——
1134 2151 1199 2187 tria
1216 2152 1375 2188 hominum
1391 2152 1649 2189 ambitiosorum
1665 2165 1802 2201 genera,
1832 2104 1903 2201 gii

1069 2201 1324 2237 Homoionomiae
1340 2203 1598 2250 expungendae,
1832 2207 1903 2250 25'5

1069 2252 1182 2287 Honor
1208 2252 1302 2287 velut
1332 2265 1351 2288 e
1383 2253 1537 2289 craffiore
1563 2253 1631 2288 tela
1662 2253 1903 2297 contexendus,

1833 2304 1946 2338 200'

1071 2350 1213 2385 Honores
1233 2350 1265 2386 in
1285 2351 1398 2387 liberis
1415 2352 1625 2388 monarchiis
1642 2363 1748 2399 quam
1765 2351 1827 2388 sub
1848 2362 1903 2399 ty—
1932 2363 1936 2366 ’

1120 2401 1233 2435 tannis
1245 2400 1423 2444 suaviores,
1449 2402 1507 2447 56.
1554 2401 1699 2437 Faciunt
1713 2401 1851 2438 virtutes
1865 2402 1904 2437 &

1118 2450 1200 2486 vitia
1231 2450 1426 2498 conspicua,
1459 2453 1537 2487 181.
1590 2450 1732 2487 Honores
1763 2452 1904 2499 ingenia.

1121 2509 1252 2534 mutant
1269 2500 1301 2534 in
1317 2500 1472 2542 deterius,
1491 2501 1572 2535 208.
1600 2501 1731 2549 Qubus
1741 2501 1905 2549 gradibus

1119 2549 1161 2583 ad
1180 2561 1235 2583 eos
1254 2549 1354 2584 datur
1370 2549 1494 2592 aditus,
1524 2551 1605 2595 238.
1657 2551 1771 2587 Honor
1785 2551 1906 2586 triurn-
1935 2553 1937 2555 ’

1120 2598 1178 2645 phi
1200 2598 1417 2634 monarchiae
1434 2611 1503 2634 non
1521 2601 1702 2648 competit,
1833 2603 1904 2645 248

1070 2647 1164 2682 Hora
1184 2648 1368 2683 nativitatis
1385 2648 1423 2682 ὅτ
1440 2649 1656 2696 quaestionis,
1836 2662 1850 2684 1
1862 2662 1903 2697 13

1073 2697 1183 2733 Horae
1202 2697 1390 2733 subsecivae
1407 2699 1584 2746 quomodo
1601 2699 1829 2741 collocandae,
1859 2712 1904 2747 33

1071 2747 1182 2782 Horae
1201 2747 1373 2794 longiores
1390 2749 1642 2795 aegrotantibus
1658 2749 1820 2785 videntur
1837 2749 1907 2785 fine

1121 2797 1291 2843 horologio,
1318 2809 1424 2844 quam
1441 2797 1465 2833 fi
1485 2798 1550 2834 hoc
1568 2798 1642 2846 ipso
1656 2798 1905 2842 mensurentur,
1936 2813 1940 2818 ’

1839 2860 1850 2883 1
1886 2851 1905 2883 8

1073 2894 1316 2942 Horologiorum
1334 2896 1514 2939 confeffio,
1543 2908 1625 2944 293.
1676 2895 1731 2930 Ex
1755 2908 1826 2932 uno
1847 2859 1907 2933 a7ut
1936 2905 1939 2915 “·

1122 2946 1231 2980 altero
1244 2956 1381 2981 naturae
1392 2946 1562 2981 axiomate
1577 2945 1715 2994 pendet,
1736 2956 1817 2991 294.
1846 2946 1907 2982 Di-

1121 2994 1254 3029 versitas
1276 2995 1313 3029 ὅτ
1332 3007 1469 3041 genera,
1723 3007 1805 3041 355,
1836 3007 1907 3043 3749

1074 3043 1200 3078 Hortus
1216 3044 1378 3085 medicus,
1860 3047 1904 3080 62

1073 3092 1227 3138 Hospitio
1246 3092 1413 3127 militibus
1429 3091 1579 3127 emeritis
1597 3093 1775 3138 destinata,
1834 3105 1906 3141 247

1074 3140 1166 3184 Hosti
1182 3141 1298 3176 securo
1315 3142 1600 3187 aggrediendum,
1861 3148 1906 3191 89
1943 3162 1950 3170 ι

1074 3189 1170 3238 Hugo
1188 3189 1454 3236 Burdegalensm,
1840 3205 1852 3228 1
1864 3204 1904 3229 12

1723 3242 1745 3276 I
1747 3241 1763 3275 i
1763 3253 1909 3278 umanum

1062 861 1233 906 Homerus,
1250 875 1310 909 50,
1331 875 1389 910 55.
1437 864 1556 900 Plures
1569 865 1652 900 aluit
1665 865 1896 912 quamsSy‘lla,
1909 851 1934 866 θ’
1992 885 1994 900 ¹.

1987 745 2040 798 l„

1992 803 2013 883 ſs
