2040 3439
167 238 262 285 182
564 232 658 277 DE
695 225 1133 276 AUGMENTIS
1177 219 1717 272 SCIENTIARUM.
1761 220 1859 273 Lib.
1873 228 1954 273 VI.

391 321 497 371 QUI
529 319 566 355 in
589 316 752 369 imperiis
765 316 864 363 sunt,
893 313 1027 352 ssmiles
1050 313 1135 351 sunt
1163 315 1386 364 corporibus
1407 313 1645 363 coelestibus,
1665 328 1759 366 quae
1780 329 1956 368 magnam

341 374 626 415 venerationem
646 373 796 417 habent,
828 371 995 419 requiem
1013 370 1169 406 nullam.

397 432 545 468 NEMO
572 428 758 464 humanae
773 426 881 463 sortis
899 425 946 462 ad
960 425 1121 462 deorum
1144 425 1315 462 convivia
1336 424 1557 472 admittitur,
1587 423 1654 462 nin
1673 426 1718 463 ad
1739 426 1955 469 ludIbrium,

890 505 1014 554 Laus,
1045 504 1086 544 E
1089 504 1314 557 xistimatio.
1348 508 1410 545 IX.

399 583 494 622 Pro.
524 584 560 620 V
575 594 733 620 IRTUT
747 594 786 620 1s
815 580 905 619 radii
929 581 1054 619 reflexi
1075 581 1212 619 laudes.

397 641 428 676 L
441 652 466 676 A
479 650 507 675 U
518 650 535 674 s
565 638 721 674 honoris
735 638 795 684 est,
825 638 870 674 ad
887 649 1002 685 quem
1017 637 1144 673 liberis
1159 635 1339 685 suffragiis
1353 634 1579 685 pervenitur.

399 695 646 730 HoNOREs
675 705 695 729 a
721 691 866 730 diversis
888 690 1029 742 politiis
1052 691 1315 738 conferuntur,
1347 691 1408 729 sed
1432 691 1558 728 laudes
1588 690 1725 741 uquue
1749 692 1834 731 sunt
1847 692 1954 735 liber-

344 750 440 787 tatis.

398 805 502 842 Vox
529 801 659 854 populi
688 802 799 840 habet
819 801 958 851 aliquid
986 800 1176 840 divinum:
1207 803 1311 848 Nam
1331 801 1533 850 quomodo
1558 802 1664 839 aliter
1687 812 1747 840 tot
1771 803 1889 863 capita
1912 804 1956 840 in

343 871 466 897 unum
480 857 691 908 conspirare
712 854 874 908 posslnt?

399 915 474 951 NE
504 912 662 959 mireris,
691 910 717 949 fi
745 914 877 962 vulgus
905 914 1027 951 xerius
1055 913 1242 961 loquatur,
1271 924 1386 960 quam
1415 911 1698 950 honoratiores:
1726 914 1815 962 quia
1830 903 1955 952 etiam

341 970 459 1008 tutius
474 967 653 1017 loquitur.

396 1023 509 1061 Cant.
543 1025 692 1060 FAMA
721 1022 888 1060 deterior
918 1023 1039 1069 judex,
1070 1034 1183 1071 quam
1200 1023 1349 1060 nuncia.

344 1085 346 1087 '
394 1080 529 1130 QUID
559 1080 643 1116 viro
672 1078 779 1114 bono
807 1090 894 1115 eum
918 1077 1025 1115 saliva
1053 1077 1175 1127 vulgi?

396 1135 541 1170 FAMA
570 1134 686 1170 veluti
713 1131 855 1179 fluvius,
885 1134 979 1169 levia
999 1132 1150 1180 attollit,
1181 1132 1297 1169 solida
1314 1135 1462 1183 mergit.

395 1190 720 1225 INFIMARUM
764 1189 949 1224 virtutum
989 1188 1086 1239 apud
1119 1189 1251 1237 vulgus
1285 1189 1362 1225 laus
1397 1189 1457 1236 est,
1501 1187 1710 1225 mediarum
1740 1186 1954 1236 admiratio,

339 1243 594 1293 supremarum
613 1241 736 1279 sensus
759 1243 897 1278 nullus.

392 1299 457 1335 LA
470 1309 521 1336 Us
550 1299 668 1346 magis
687 1308 730 1333 ex
755 1295 1018 1344 ostentatione,
1047 1309 1162 1346 quam
1176 1309 1218 1334 ex
1240 1299 1400 1338 merit05
1429 1299 1466 1335 ὅ(
1489 1296 1649 1335 ventosis
1664 1299 1782 1347 magiS
1796 1296 1950 1363 accedit,

338 1365 451 1404 quam
479 1353 650 1390 realibus

1019 1431 1196 1472 Natura.
1227 1436 1273 1472 X.

392 1503 488 1542 Pro.
520 1504 554 1542 C
568 1515 631 1542 oN
642 1515 659 1541 5
668 1515 697 1541 U
709 1516 731 1541 E
744 1516 768 1541 T
779 1515 809 1541 U
820 1515 845 1540 D
858 1514 873 1540 1
882 1514 912 1540 N
922 1514 969 1540 Es
997 1504 1206 1553 progr-ellus
1244 1503 1293 1540 est
1321 1501 1588 1550 arithmeticus,
1618 1513 1772 1542 naturae
1797 1514 1950 1554 geome-

335 1560 459 1597 tricus.

394 1615 436 1654 U
449 1626 472 1651 T
501 1613 539 1650 in
557 1613 822 1666 rebuspublicis
835 1613 870 1650 se
885 1614 1023 1650 habent
1034 1614 1134 1662 leges
1149 1625 1372 1651 communes
1387 1625 1471 1663 erga
1481 1612 1781 1669 consuetudines,
1810 1614 1950 1654 eodem

336 1668 480 1706 modo'
473 1682 511 1705 ln
527 1667 591 1705 sin
581 1670 677 1718 gulis
704 1669 739 1706 sc
764 1669 874 1706 habet
890 1680 1020 1706 natura
1046 1669 1091 1705 ad
1111 1644 1451 1706 consuetudinem.0

390 1725 460 1761 Co
472 1735 564 1761 NSU
577 1735 632 1760 ET
645 1736 743 1761 UDO
772 1735 904 1761 contra
930 1735 1102 1762 naturam
1128 1722 1227 1772 quasi
1247 1724 1414 1772 tyrannis
1442 1723 1625 1772 quaedam
1641 1724 1705 1761 est:
1737 1725 1774 1762 ὅς
1800 1722 1879 1780 cito
1905 1737 1948 1763 ac

333 1780 406 1817 levi
434 1777 627 1816 occasione
651 1782 805 1816 corruit.

387 1833 498 1871 Cant.
533 1835 567 1870 C
579 1846 605 1870 o
616 1845 641 1871 G
652 1846 665 1871 1
677 1846 700 1871 T
711 1846 737 1871 A
748 1846 783 1871 M
796 1846 823 1871 U
833 1846 851 1871 s
880 1834 1087 1872 secundum
1101 1845 1286 1881 naturam,
1314 1835 1508 1886 loquimur
1518 1833 1722 1873 secundum
1735 1841 1947 1894 praecepta3

333 1888 394 1926 sed
414 1890 559 1938 agimus
580 1887 786 1926 secundum
802 1889 1128 1927 consuetudinem.

386 1945 425 1982 N
436 1955 463 1980 A
476 1955 616 1981 TURA
644 1944 839 1993 pedantius
859 1943 1012 1993 quidam
1041 1945 1101 1992 est,
1130 1943 1366 1982 consuetudo
1387 1944 1627 1996 magistratus

1000 2025 1188 2067 Fortuna.
1219 2026 1283 2066 XI.

383 2098 479 2137 Ῥνο.
511 2102 546 2137 V
559 2112 573 2137 Ι
584 2113 611 2137 R
626 2113 650 2138 T
662 2112 724 2139 UT
736 2112 785 2138 Es
813 2111 958 2152 apertae
973 2101 1099 2138 laudes
1113 2098 1275 2151 pariunt,
1304 2102 1473 2139 occultae
1488 2099 1670 2147 fort-unas.

383 2156 421 2192 V
433 2168 448 2193 1
458 2167 485 2192 R
496 2167 520 2192 T
530 2167 559 2193 U
568 2167 592 2192 T
602 2167 623 2193 Ε
631 2168 648 2193 5
677 2153 894 2194 officiorum
910 2157 1036 2193 laudes
1050 2158 1214 2205 pariunt,
1246 2155 1467 2193 facultatum
1488 2155 1669 2192 fortunas.

383 2211 410 2247 F
421 2222 633 2248 oRTUNA
662 2210 776 2248 veluti
795 2212 947 2260 galaxia,
977 2211 1051 2248 hoc
1079 2212 1140 2259 est,
1169 2211 1294 2248 nodus
1316 2212 1551 2260 quarundam
1571 2210 1808 2249 obscurarum
1827 2212 1942 2250 virtu-

328 2275 425 2312 tum,
450 2263 531 2302 'fine
561 2265 731 2303 nomine.

384 2323 410 2357 F
422 2332 483 2358 oR
497 2333 558 2358 TU
569 2333 598 2358 N
610 2333 637 2358 A
667 2321 796 2359 saltem
820 2322 872 2360 ob
890 2320 980 2359 filias
995 2321 1074 2358 suas
1097 2321 1321 2360 honoranda
1341 2321 1401 2369 est,
1431 2320 1703 2359 confidentiam
1721 2320 1873 2370 sellicct,
1903 2323 1943 2360 &

328 2376 607 2413 authoritatem.

382 2429 493 2468 Cont.
525 2432 548 2468 S
560 2443 583 2468 T
593 2444 655 2469 UL
668 2444 693 2469 T
706 2444 720 2470 1
730 2444 755 2470 T
768 2444 782 2470 1
794 2445 821 2470 A
851 2431 972 2479 unius,
1000 2432 1153 2470 fortuna
1168 2433 1329 2470 alterius.

381 2486 435 2522 IN
464 2486 615 2524 fortuna
630 2488 724 2525 illud
739 2489 934 2540 praecipue
945 2487 1186 2535 laudaverim,
1216 2487 1320 2538 quod
1335 2499 1424 2524 cum
1440 2499 1521 2524 non
1531 2488 1655 2537 eligat,
1683 2498 1766 2523 nou
1777 2496 1938 2525 tueatur.

378 2540 416 2576 V
428 2552 443 2576 1
456 2552 483 2577 R
497 2553 511 2578 1
540 2544 681 2591 magni,
711 2543 805 2581 dum
820 2544 1003 2580 invidiam
1018 2544 1201 2581 virtutum
1212 2542 1358 2580 suarum
1373 2542 1623 2589 declinarunt,
1652 2543 1750 2579 inter
1763 2541 1940 2581 fortunae

327 2595 491 2632 cultores
506 2599 640 2645 reperti
660 2598 757 2636 sunt.

1031 2680 1141 2719 Vita.
1170 2682 1252 2720 XII.

377 2749 475 2790 Pro.
503 2750 542 2786 A
555 2763 790 2792 BSURDUM
819 2755 868 2792 cst
892 2756 1099 2793 accidentia
1118 2757 1216 2793 vitae
1230 2755 1347 2805 magis
1368 2767 1505 2802 amare,
1533 2767 1647 2807 quam
1676 2756 1792 2793 vitam
1804 2755 1936 2807 ipsam.

376 2808 403 2844 P
415 2817 478 2844 RA
493 2816 513 2840 Ε
525 2817 541 2842 s
552 2817 575 2842 T
586 2819 613 2843 A
623 2819 646 2843 T
676 2810 722 2846 ad
750 2812 893 2858 omnia,
922 2813 1037 2848 etiam
1065 2811 1111 2848 ad
1144 2812 1337 2858 virtutem,
1364 2813 1597 2848 curriculum
1619 2812 1792 2860 longum,
1821 2822 1937 2860 quam

324 2864 447 2900 breve.
1867 2906 1872 2909 ,
1887 2893 1891 2895 -

377 2917 416 2954 Α
429 2929 476 2955 sss
488 2926 554 2969 QU
566 2927 588 2952 F.
616 2915 734 2966 spatiis
753 2918 847 2957 vitae
864 2921 1082 2969 majoribus,
1112 2934 1183 2959 nee
1197 2921 1374 2974 perficere
1384 2922 1503 2970 datur,
1532 2932 1604 2958 nec
1618 2920 1834 2971 perdiscere,
1862 2933 1934 2959 nec

320 2974 526 3021 poenitere.

373 3026 482 3065 Cant.
514 3029 541 3065 P
554 3041 580 3066 H
596 3041 609 3066 1
622 3039 801 3066 LOSOPH
814 3040 829 3066 1
859 3028 951 3068 dum
967 3040 1116 3070 tantum
1132 3042 1350 3084 apparatum
1368 3031 1538 3071 adversus
1550 3040 1719 3068 mortem
1732 3031 1931 3081 colligunt,

322 3082 437 3132 ipsam
460 3085 578 3133 magis
597 3083 806 3122 timendam
822 3083 1039 3124 effecerunt.

1691 3141 1736 3178 M
1749 3153 1774 3179 o
1783 3153 1812 3179 R
1825 3153 1848 3178 T
1861 3153 1883 3178 E
1894 3152 1931 3179 M

1909 3254 1929 3278 2
