2040 3439
172 227 250 279 12*

649 220 1225 275 DisTnissUTlo
1298 206 1613 268 OPERIS.

312 314 352 364 ur
374 325 444 364 suis
466 323 682 363 commodis
702 323 823 370 aequi,
852 321 969 358 exutis
992 319 1223 371 opinionum
1247 319 1337 355 zelis
1353 319 1389 355 ὅ(
1412 316 1658 370 praejudiciis,
1687 318 1727 380 in
1748 326 1911 357 eommu-

311 395 360 419 nc
382 380 592 425 consulant,
621 390 664 416 ac
682 377 728 414 ab
752 375 940 413 erroribus
962 376 1105 412 viarum
1127 384 1237 422 atque
1258 373 1553 434 impedimenti&
1582 371 1715 429 nostris
1736 372 1921 436 praesidiis

315 424 354 474 δὲ
375 434 515 473 auxiliis
538 434 684 471 liberati
705 433 742 468 ὅ(
763 431 916 476 muniti,
944 429 1118 466 laborum
1141 429 1206 477 qui
1227 428 1359 465 restant
1382 430 1420 464 &
1440 425 1568 482 ipsi-in
1589 437 1734 490 partem
1753 440 1919 467 veniant.

314 493 520 536 Praeterea,
557 498 598 524 ut
622 488 718 524 bene
738 484 897 534 sperent,
926 495 1049 532 neque
1072 483 1383 520 Instaurationem
1402 482 1579 529 nostram,
1609 492 1650 519 ut
1666 483 1853 546 quiddam·
1867 487 1941 521 in-''

314 546 467 583 finitum
491 546 526 581 ὅ(
543 543 640 580 ultra
659 541 820 577 mortale
840 539 983 588 fingant
1008 541 1044 576 ὅ(
1060 540 1191 575 animo
1214 539 1455 589 concipiant3
1485 549 1604 585 quum
1629 549 1754 575 revera
1778 536 1925 601 lit-infi-

316 588 389 638 niti
419 599 555 636 erroris
575 595 659 633 finis
679 597 715 632 &
742 595 928 632 terminus
953 592 1165 642 legitimus3
1202 593 1443 630 mortalitatis
1471 603 1598 629 autem
1625 594 1661 629 ὃ(
1683 592 1927 654 humanitatis

315 652 450 692 nonsit
463 654 681 696 immemor,
695 661 813 698 quum
827 660 906 686 rem
918 660 998 685 non
1013 650 1110 685 intra
1121 650 1230 685 unius
1243 649 1370 685 aetatis
1382 648 1612 684 curriculum
1624 659 1790 685 omnmo
1800 649 1928 698 perfici

315 709 415 759 poss'e
438 705 616 752 confidat,
647 704 707 742 sed
729 700 948 742 succeffioni
964 703 1141 743 destinet;
1171 703 1335 751 denique
1351 702 1533 748 scientias,
1562 714 1643 739 non
1664 714 1730 751 per
1752 716 1930 753 arrogan-

318 766 413 801 tiam
428 764 468 799 in
484 762 639 799 humani
655 761 799 809 ingenii
815 757 968 805 cellulis,
1000 758 1060 795 sed
1075 757 1245 796 submisse
1261 760 1300 795 in
1316 757 1465 795 mundo
1481 758 1623 803 majore
1639 769 1800 805 quaerat.
1858 761 1932 797 Va-

316 817 366 856 sta
385 829 489 863 vero,
526 826 567 853 ut
587 816 794 865 plurimum
815 813 937 851 solent
964 814 1045 860 effe,
1075 825 1170 862 quae
1190 814 1337 850 inania:
1377 812 1494 849 solida
1520 813 1798 850 contrahuntur
1818 817 1932 852 maxi-

319 885 382 910 me
407 874 498 910 &in
521 882 636 923 parvo
655 868 719 906 fita
741 869 836 906 sunt.
894 869 1088 906 Postremo
1108 870 1222 906 etiam
1245 868 1453 917 petendum
1472 868 1621 905 videtur
1644 868 1706 914 (ne
1722 867 1823 906 forte
1848 872 1932 918 quis

321 930 375 965 rei
398 925 504 979 ipsius
528 926 697 976 periculo
721 925 832 962 nobis
853 925 1005 972 iniquus
1025 924 1095 961 ess'e
1109 924 1213 970 velit)
1239 934 1280 960 ut
1295 924 1446 960 videant
1466 922 1655 969 homines,
1684 933 1867 971 quatenus
1890 937 1933 962 ex

321 995 371 1020 eo
386 982 489 1031 quod
506 981 617 1018 nobis
636 980 788 1017 asserere
803 979 944 1016 neccss‘e
964 977 1006 1016 fit
1037 977 1076 1026 (fi
1091 979 1212 1015 modo
1227 978 1339 1015 nobis
1360 975 1426 1028 ipsi
1440 976 1604 1015 constare
1620 979 1794 1025 velimus)
1816 979 1863 1016 de
1877 979 1935 1017 his

324 1026 456 1075 nostris
476 1035 670 1086 opinandi,
711 1045 773 1072 aut
794 1033 1018 1071 sententiam
1038 1034 1197 1080 ferendi,
1237 1031 1302 1070 sibi
1318 1034 1374 1079 jus
1394 1032 1612 1085 permiss'um
1632 1044 1787 1084 putent:
1815 1045 1934 1086 quum

325 1104 398 1131 nos
431 1102 591 1129 omnem
619 1091 723 1127 istam
759 1091 947 1126 rationem
975 1089 1181 1126 humanam
1214 1098 1503 1138 praematuram,
1547 1089 1817 1137 anticipantem
1846 1092 1884 1128 &
1915 1103 1937 1128 a

324 1148 435 1185 rebus
467 1157 610 1184 temere
638 1147 675 1182 ὅτ
703 1146 812 1182 citius
840 1156 952 1192 quam
982 1146 1166 1193 oportuit,
1210 1141 1434 1190 abstrastam,
1482 1145 1677 1192 (quatenus
1711 1143 1758 1180 ad
1786 1143 1936 1193 inquili-

324 1203 472 1240 tionem
493 1201 658 1247 naturae)
685 1209 725 1236 ut
746 1211 826 1236 rem
852 1201 993 1236 variam
1013 1201 1050 1236 &
1073 1197 1331 1250 perturbatam
1354 1200 1391 1236 &
1417 1199 1515 1235 male
1541 1198 1759 1245 extrustam,
1798 1201 1938 1251 rejicia-

326 1268 433 1294 mus:
462 1257 601 1304 Neque
624 1252 886 1306 postulandum
911 1252 971 1300 est,
1001 1263 1041 1291 ut
1065 1254 1144 1299 ejus
1163 1252 1307 1300 judicio
1326 1252 1452 1299 stetur,
1481 1265 1576 1302 quae
1598 1252 1674 1306 ipsa
1694 1255 1734 1290 in
1754 1255 1938 1300 judicium

327 1321 494 1349 vocatur.

330 1557 1937 1657 DISTRIBUTIO

780 1715 1496 1773 OPERIS.

679 1958 811 2034 Ejus
842 1959 1249 2021 constituuntur
1276 1980 1454 2044 partes
1484 1964 1596 2023 sex.

413 2095 580 2154 Prima,
622 2098 885 2146 Partitiones
911 2099 1210 2149 scientiarum.

409 2166 630 2226 Secunda,
675 2170 861 2217 Novum
894 2185 1122 2232 organum
1161 2169 1249 2221 five
1278 2173 1446 2221 indicia
1486 2174 1544 2222 de
1583 2176 1951 2242 interpretatione

481 2238 695 2283 Naturae.

417 2306 589 2364 Tertia,
649 2306 970 2357 Phaenomena
1009 2309 1221 2368 univerfi,
1281 2310 1370 2360 five
1419 2313 1600 2363 historia
1649 2316 1861 2364 naturalis
1908 2321 1951 2365 &

480 2377 842 2440 experimentalis
869 2379 927 2426 ad
954 2380 1246 2429 condendam
1271 2381 1616 2450 philosophiam.

415 2449 602 2505 Quarta,
641 2447 765 2493 Scala
790 2449 1050 2498 intelleews.

418 2516 604 2580 Qinta‚
656 2518 913 2575 Prodromi,
953 2518 1042 2568 five
1076 2523 1414 2588 anticipationes
1456 2523 1762 2590 philosophiae
1797 2526 1956 2577 secun-

487 2585 583 2631 dae.

420 2656 565 2712 Sexta,
604 2654 892 2723 Philosophia
916 2659 1128 2718 secunda,
1173 2660 1262 2710 five
1285 2662 1463 2711 scientia
1487 2667 1641 2712 affiva.

782 2786 1140 2867 Singularum
1170 2791 1537 2870 Argumenta.

533 2968 656 3006 aperte
687 2961 722 2995 ὅ(
753 2962 938 3013 perspicue
967 2975 1240 3014 proponantur.
1297 2967 1458 3005 Nuditas
1487 2971 1591 3006 enim
1619 2973 1750 3018 animi,
1792 2983 1833 3010 ut
1862 2974 1958 3011 olim

534 3011 713 3063 corporis,
744 3016 983 3056 innocentiae
1003 3021 1039 3057 ὅ(
1064 3017 1307 3070 simplicitatis
1327 3033 1455 3060 comes
1475 3024 1535 3061 est.
1591 3025 1717 3063 Pateat
1739 3029 1865 3075 iraque
1887 3030 1958 3077 pri-

535 3077 601 3105 mo
617 3067 714 3106 ordo
730 3072 863 3120 operis,
890 3083 1002 3123 atque
1018 3075 1115 3113 ratio
1134 3075 1223 3123 eiuS.
1279 3077 1404 3116 Partes
1419 3081 1544 3131 operis
1563 3091 1584 3118 a
1598 3081 1710 3118 nobis
1730 3083 1956 3120 constituun—

312 2940 316 2943 ‚
357 2901 625 3084 PARS
654 2915 778 2941 autem
811 2908 968 2947 instituti
997 2909 1113 2947 nostri
1144 2907 1205 2956 est,
1247 2921 1290 2948 ut
1320 2914 1462 2960 omnia,
1505 2924 1689 2963 quantum
1719 2916 1799 2955 fieri
1827 2917 1958 2968 potest,

355 3131 414 3159 rur
431 3121 497 3159 sex,

1812 3194 1865 3230 Pa
1876 3204 1956 3230 ιΜΑ
