2040 3439
194 193 292 233 244

417 170 516 215 DE
572 156 1731 216 AUGMENTISSCIENTIARUM.
1785 156 2008 214 Lib.V.,

342 268 383 300 'm
408 263 540 308 linteo,
569 271 630 298 aut
656 261 741 296 alias
766 257 805 294 in
831 257 962 294 medio
991 254 1138 306 plumbi
1167 252 1368 302 liquefaffl,
1399 265 1488 291 cum
1511 251 1751 303 refrigescere
1775 259 1955 305 coeperit,

336 318 534 364 insenum,
563 313 732 363 stupefit3
763 324 832 348 nce
862 311 1021 360 amplius
1047 308 1149 346 fluit:
1187 310 1297 347 Num
1325 309 1362 345 &
1394 309 1497 345 idem
1529 318 1730 358 argentum
1761 312 1901 358 vivum,
1931 310 1958 348 fi

339 372 481 422 saepius
502 367 853 412 in‘imiflumfiaerit,
879 367 930 402 ita
953 364 1099 414 figetur,
1129 374 1170 401 ut
1196 363 1258 400 fiat
1284 364 1523 401 malleabile?
1564 362 1799 402 Extenfionis
1833 378 1957 404 exem—

339 430 447 479 plum
476 427 548 464 tale
578 422 641 461 sit:
672 434 766 469 aqua
793 424 833 458 in
854 420 1006 458 summo
1025 417 1153 469 posita,
1184 415 1383 468 &pensilis
1398 418 1502 466 faita,
1533 420 1570 456 &
1591 431 1657 470 per
1683 419 1842 457 rostrum
1869 423 1960 459 vitri

340 485 555 522 oalonuum
574 481 611 515 in
631 480 760 514 vinum
774 477 940 513 dilutum
955 473 1141 521 immersa,
1171 472 1349 524 separabit
1365 485 1500 522 aquam
1515 485 1535 510 a
1551 475 1662 511 vino:
1692 476 1785 512 vino
1800 477 1841 512 in
1859 475 1959 513 sum·

342 548 449 574 mum
462 522 501 572 se
529 533 710 586 paulatim
730 530 944 583 recipiente,
973 542 1066 578 aqua
1086 528 1126 565 in
1144 530 1226 566 imo
1242 526 1449 566 subsidente
1471 543 1479 565 τ
1509 541 1604 566 num
1627 530 1753 574 etiam,
1782 532 1960 578 quemad-

343 592 506 628 modum
534 590 665 626 vinum
698 589 734 624 ὃς
764 597 858 635 aqua
879 586 1057 635 (corpora
1095 583 1233 621 scilicet
1263 583 1419 631 diversa)
1444 583 1519 621 hoc
1543 585 1702 633 ingenio
1731 584 1960 636 separantur,

340 642 484 699 possint
505 655 657 692 quoque
678 652 800 693 partes
819 640 895 678 vini
925 640 1110 689 (corporis
1133 640 1321 676 nimirum
1333 636 1485 688 integri)
1517 637 1729 677 subtiliores
1744 652 1763 676 a
1779 636 1959 678 eraffioti-

344 703 412 738 bus
434 700 612 750 separari3
641 708 683 735 ut
713 697 775 733 fiat
803 707 983 744 tanquam
1000 694 1201 732 destillatio
1221 705 1286 745 per
1309 694 1472 745 pondus,
1503 696 1540 731 δε
1567 695 1607 730 in
1628 692 1780 732 summo
1806 695 1957 745 reperia-

344 769 403 795 tur
433 753 575 802 aliquid
605 750 747 802 spiritui
767 754 846 789 vini
867 749 1098 803 proximum,
1127 748 1189 786 sed
1220 748 1319 786 forte
1340 749 1559 786 delicatius?
1588 750 1683 785 Item
1709 761 1862 799 magnes
1888 750 1959 788 fer·

344 826 355 848 i
367 823 430 848 um
449 812 640 858 integrum
656 806 787 844 trahit:
818 808 926 843 Num
942 807 1058 843 etiam
1081 805 1238 842 frustum
1255 805 1442 854 magnetis
1467 804 1508 840 in
1524 804 1767 841 dissolutione
1787 805 1874 843 ferri
1892 803 1961 842 im-

344 866 524 910 mersum,
555 864 697 900 ferrum
723 862 770 898 ad
795 861 829 898 se
852 861 1003 908 alliciet,
1035 863 1072 898 &
1092 859 1127 897 se
1152 859 1257 897 ferro
1279 859 1473 896 obducet?
1503 860 1612 906 Item,
1642 858 1851 898 versorium
1875 873 1960 898 aeus

346 923 515 958 nauticae
536 919 571 956 se
593 919 637 955 ad
658 919 767 969 polos
792 917 927 954 mundi
946 917 1124 968 applicat:
1155 927 1249 952 num
1265 916 1379 952 etiam
1405 913 1536 951 eadem
1553 915 1610 951 via
1627 916 1662 951 ὅ(
1679 913 1962 963 consecutione,

348 989 419 1026 qua
435 974 628 1012 coelestia?
670 972 872 1018 Videlicet,
901 982 941 1010 ut
967 969 992 1008 fi
1008 972 1091 1020 quis
1110 982 1219 1008 acum
1233 971 1274 1007 in
1292 971 1489 1007 contrario
1509 967 1589 1016 situ,
1619 969 1692 1007 hoe
1708 969 1767 1016 est,
1797 972 1838 1007 in
1867 983 1961 1022 pun-

347 1033 410 1068 εἷο
439 1029 579 1068 australi
602 1038 731 1078 ponat,
769 1030 806 1065 ὃ(
833 1026 1016 1078 paulisper
1038 1034 1176 1072 teneat,
1206 1037 1248 1062 ae
1270 1025 1408 1062 deinde
1432 1026 1510 1062 vim
1532 1025 1707 1062 omittat:
1737 1037 1831 1062 num
1860 1027 1963 1064 forte

349 1098 434 1124 acus
455 1086 498 1122 ad
526 1084 798 1135 septentriones
816 1082 850 1119 se
870 1081 1055 1128 conferet,
1086 1079 1263 1130 eligendo
1289 1082 1415 1132 potius
1444 1089 1569 1117 rotare
1583 1092 1650 1132 per
1665 1078 1905 1118 occidentem
1919 1083 1964 1120 in.

349 1140 460 1179 {itum
484 1138 744 1184 desideratum,
782 1149 896 1186 quam
924 1149 991 1188 per
1018 1138 1232 1174 orientem?
1273 1137 1382 1182 Item,
1413 1136 1567 1172 Aurum
1593 1145 1793 1185 argentum
1819 1136 1962 1184 vivum,

348 1198 450 1243 juxta
474 1193 647 1245 positum,
680 1191 856 1229 imbibit:
896 1193 1005 1230 Num
1035 1203 1126 1230 vero
1150 1203 1285 1229 aurum
1313 1190 1444 1240 recipit
1470 1190 1566 1227 illud.
1595 1200 1797 1239 argentum
1830 1192 1963 1230 vivum

348 1253 448 1289 intra
464 1251 511 1297 se,
540 1248 615 1286 fine
631 1245 847 1285 extensione
866 1248 982 1284 molis
1004 1246 1100 1293 suae,
1130 1256 1172 1283 ut
1191 1245 1255 1282 fiat
1271 1246 1381 1282 mafl'a
1402 1245 1586 1294 quaedam
1601 1245 1682 1295 ipso
1699 1258 1794 1284 auto
1818 1247 1963 1296 ponde-

349 1304 501 1343 rosior?
539 1306 647 1350 Item,
676 1303 852 1340 homines
877 1303 1088 1339 memoriae
1120 1300 1297 1348 serviunt,
1328 1300 1558 1338 collocando
1585 1302 1769 1349 imagines
1791 1301 1963 1351 persona-

350 1371 437 1398 rum
452 1359 491 1397 in
508 1360 611 1397 locis.
656 1360 763 1396 Num
781 1360 894 1395 etiam
912 1357 1012 1394 idem
1029 1357 1275 1406 assequentur,
1299 1351 1418 1392 miflis
1432 1357 1538 1402 locis,
1565 1357 1602 1393 ὃ(
1616 1352 1837 1405 affingendo
1851 1357 1962 1404 aitio-

350 1427 417 1454 ncs
431 1425 493 1452 aut
514 1415 660 1452 habitus
674 1412 864 1465 personis?
893 1412 1024 1461 Atque
1044 1413 1090 1450 de
1106 1409 1358 1464 produffione
1374 1411 1624 1462 experimenti
1644 1410 1830 1449 hactenus.

405 1473 726 1508 TRANSLATIO
756 1467 1003 1520 experimenti
1024 1469 1180 1517 triplex:
1209 1477 1271 1504 aut
1291 1478 1311 1503 a
1333 1476 1465 1503 natura
1485 1467 1546 1503 vel
1565 1465 1649 1503 casu
1664 1467 1705 1503 in
1721 1476 1869 1504 artem:
1896 1479 1961 1506 aut

351 1526 399 1564 ab
418 1535 497 1562 arte
521 1526 579 1562 vel
605 1524 763 1574 prastiea
787 1525 856 1560 alia
880 1524 921 1560 in
941 1521 1075 1560 aliam:
1105 1532 1167 1560 aut
1183 1535 1203 1559 a
1225 1530 1332 1572 parte
1348 1522 1500 1565 alicujus
1519 1522 1607 1558 artis
1621 1522 1663 1558 in
1677 1532 1825 1571 partem
1846 1523 1965 1562 diver-

352 1581 431 1618 sam
456 1579 633 1625 ejusdcm.
689 1577 964 1615 Transsationis
983 1591 1003 1615 a
1022 1588 1154 1615 natura
1169 1587 1233 1615 aut
1263 1575 1348 1614 casu
1364 1578 1405 1613 in
1434 1587 1555 1613 artem
1577 1577 1778 1615 innumera
1807 1576 1892 1616 sunt
1906 1586 1964 1617 ex-

354 1636 503 1685 empla:
533 1635 629 1671 adeo
648 1644 692 1671 ut
707 1646 840 1670 omncs
860 1634 935 1671 fere
950 1643 1047 1670 artes
1062 1631 1313 1678 mechanicae,
1341 1644 1362 1668 a
1390 1632 1567 1669 tenuibus
1591 1632 1722 1679 initiis,
1752 1643 1886 1672 natura
1899 1646 1969 1673 aut·

353 1690 438 1728 easu
470 1689 657 1742 praebitis,
696 1698 828 1726 ortum
857 1688 1069 1726 habuerint.
1125 1687 1278 1737 Adagio
1312 1697 1506 1736 receptum
1535 1696 1625 1734 erat,
1653 1683 1805 1726 botrum
1827 1695 1966 1728 contra

354 1743 506 1783 botrum
525 1744 645 1782 citius
670 1743 924 1795 maturefiere
944 1757 956 1780 .·
984 1744 1025 1781 Id
1048 1743 1152 1792 quod
1177 1743 1223 1780 de
1251 1743 1393 1779 mutuis
1413 1740 1598 1779 amicitiae
1623 1744 1748 1791 operis
1769 1744 1806 1781 ὅ(
1827 1740 1966 1784 officiis

355 1801 555 1838 increbuit.
612 1799 667 1836 At
696 1797 812 1836 nostri
838 1799 969 1848 cydrae
995 1799 1086 1845 (vini
1116 1797 1254 1835 scilieet
1280 1809 1322 1834 ex
1346 1798 1485 1846 pomis)
1516 1796 1768 1845 confectores,
1795 1798 1872 1837 hoc
1898 1811 1964 1854 op-

355 1858 449 1893 time
477 1857 683 1892 imitantur.
744 1855 891 1891 Carent
914 1852 1029 1900 enim,
1059 1865 1108 1890 ne
1133 1864 1248 1905 poma
1268 1853 1476 1889 tundantur
1491 1862 1554 1889 aut
1570 1853 1836 1904 exprimantur,
1863 1848 1977 1907 anre-X

355 1923 469 1958 quam
500 1911 692 1947 nonnullo
712 1919 885 1961 tempore
910 1911 951 1946 in
972 1920 1121 1946 acervos
1144 1908 1313 1953 conjecta
1335 1917 1473 1944 mutuo
1498 1907 1673 1945 contactu
1693 1911 1966 1952 maturuerint3

357 1966 457 2002 unde
487 1966 605 2002 nimia
633 1974 743 2014 potus
765 1965 917 2001 aciditas
939 1964 1175 2001 emendetur.
1232 1964 1341 2008 Item,
1370 1962 1513 1999 Iridum
1537 1961 1820 2002 artificiosarum
1844 1966 1966 2004 imita-

357 2023 415 2057 tio
436 2033 477 2057 cx
500 2018 705 2069 aspersione
721 2019 822 2068 spiffa
845 2020 1093 2068 guttularum,
1122 2019 1168 2055 ab
1190 2017 1345 2055 iridibus
1370 2015 1600 2054 naturalibus
1623 2029 1666 2054 ex
1685 2018 1787 2057 nube
1808 2019 1966 2070 roscida,

358 2075 459 2113 facili
481 2076 592 2112 due'lu
616 2074 790 2112 transsata
814 2074 873 2111 est.
929 2076 1041 2122 Item,
1069 2074 1206 2111 modus
1229 2071 1447 2118 destillandi,
1475 2073 1592 2109 velex
1608 2073 1687 2110 alto
1706 2073 1794 2123 peti,
1825 2087 1870 2113 ex
1898 2075 1967 2114 im-

356 2130 485 2168 bribus
503 2128 655 2176 scilicet,
685 2140 747 2167 aut
768 2142 880 2166 rore:
909 2130 967 2167 vel
997 2141 1040 2166 ex
1061 2127 1198 2166 humili
1228 2129 1298 2165 illo
1326 2129 1586 2177 experimento
1610 2138 1816 2177 guttarum,
1845 2131 1885 2168 in
1908 2143 1971 2181 pa—

357 2187 460 2231 tinis,
499 2184 584 2222 ollis
613 2197 728 2234 aquae
755 2185 958 2231 bullientis,
988 2181 1295 2235 superimpositis,
1322 2183 1619 2229 adhaerentium,
1655 2183 1800 2222 desumi
1827 2188 1965 2235 potuit,

357 2242 549 2278 ‘fonitrua
570 2251 696 2277 autem
713 2242 749 2277 &
764 2240 913 2289 fulgura
927 2241 1069 2276 imitari
1085 2240 1224 2277 veritus
1239 2240 1322 2287 quis
1340 2238 1439 2283 ess'et,
1469 2235 1536 2274 nisi
1552 2240 1774 2287 operculum
1791 2241 1968 2280 monachi

358 2295 457 2333 illius
472 2294 643 2345 chymici,
673 2307 817 2345 magno
832 2294 1207 2347 impetu&frag0re,
1238 2292 1362 2331 subito
1389 2295 1429 2330 in
1455 2292 1613 2330 sublime
1642 2294 1791 2342 iactum,
1821 2295 1969 2335 submo-

360 2350 505 2388 nuiss'et.
561 2352 706 2389 Verum
724 2363 802 2399 quo
818 2349 908 2387 haec
923 2362 980 2387 res
995 2350 1115 2399 magis
1130 2347 1309 2399 exemplis
1325 2349 1502 2394 abundet,
1533 2360 1580 2385 eo
1595 2347 1768 2399 pauciora
1785 2350 1970 2390 adducere

359 2419 451 2457 opus
467 2404 587 2444 fuerit.
645 2407 865 2443 Debuerant
879 2414 1006 2442 autem
1030 2405 1220 2452 homines,
1248 2402 1275 2441 fi
1299 2405 1374 2441 illis
1393 2401 1494 2441 utilia
1519 2401 1708 2451 inquirere
1723 2416 1879 2455 vacaret,
1907 2419 1972 2446 na·

361 2462 494 2498 ruralia
528 2460 676 2512 opificia
705 2463 741 2498 δε
766 2461 1004 2510 operationes
1033 2457 1204 2510 lingulas,
1235 2468 1378 2498 attente
1406 2460 1442 2496 ὃς
1473 2459 1653 2495 minutim
1683 2461 1719 2496 &
1743 2472 1784 2497 ex
1813 2473 1970 2513 compo-

363 2514 431 2551 sito
448 2517 586 2553 intueri
603 2529 612 2557 3
644 2519 679 2553 δε
705 2516 828 2553 secum
845 2526 1029 2566 perpetuo
1043 2517 1080 2553 ὃ(
1095 2517 1230 2552 acriter
1245 2516 1423 2564 cogitare,
1452 2524 1637 2561 quaenam
1653 2525 1696 2551 ex
1711 2512 1794 2566 ipfis
1813 2517 1859 2555 ad
1874 2527 1971 2557 artes

364 2571 553 2608 rramferri
577 2567 729 2620 poffinr.
789 2571 991 2619 Speculum
1012 2571 1116 2607 enim
1146 2571 1233 2607 artis
1261 2579 1393 2606 natura
1414 2582 1422 2604 :
1453 2569 1538 2606 Nec
1562 2570 1734 2617 pauciora
1755 2569 1839 2610 sunt
1865 2584 1970 2625 expe-

364 2625 538 2671 rimenta,
570 2638 662 2674 quae
683 2627 728 2663 ab
748 2636 825 2663 arte
853 2627 893 2662 in
912 2635 1045 2672 artem,
1074 2623 1137 2662 seu
1165 2637 1186 2661 a
1209 2624 1368 2674 prastiea
1392 2624 1433 2660 in
1456 2623 1654 2673 prasticam
1670 2626 1863 2664 transferri
1886 2629 1971 2678 pos-

367 2677 477 2719 sunt3
507 2680 592 2716 licet
623 2681 695 2718 lioc
716 2683 832 2722 rarius
847 2682 887 2718 in
903 2679 969 2718 usu
991 2677 1045 2717 fit.
1106 2681 1253 2717 Natura
1272 2677 1372 2716 enim
1404 2678 1544 2727 ubique
1573 2679 1753 2717 omnibus
1780 2681 1969 2725 occurrit;

366 2743 402 2769 at
423 2744 516 2769 artes
532 2732 691 2784 lingulae
717 2734 914 2773 artificibus
927 2745 1077 2773 tantum
1091 2735 1252 2786 propriis
1273 2734 1447 2783 cognitae
1463 2733 1560 2771 sunt.
1620 2734 1779 2785 Specilla
1803 2738 1970 2776 ocularia

367 2788 410 2824 ad
434 2787 552 2824 risum
577 2790 741 2827 debilem
763 2791 966 2834 iuvandum
990 2791 1143 2827 inventa
1162 2789 1272 2827 sunt:
1302 2790 1409 2827 Num
1430 2790 1467 2826 &
1490 2788 1729 2826 comminisci
1753 2792 1836 2839 quis
1857 2804 1970 2842 queat

368 2843 522 2890 aliquod
561 2842 847 2883 instrumentum
882 2845 985 2895 quod
1018 2845 1166 2882 auribus
1199 2843 1415 2896 appensum,
1452 2842 1637 2881 surdastris
1665 2844 1709 2881 ad
1739 2846 1970 2887 audiendum

368 2899 495 2942 juvet?
538 2899 644 2943 Item,
674 2901 1014 2938 imbalsamationes
1043 2902 1079 2937 δ(
1102 2900 1179 2937 mel
1210 2899 1384 2937 cadavera
1411 2898 1661 2940 conservant3
1697 2911 1827 2939 annon
1855 2899 1969 2952 poffit

368 2951 505 3000 aliquid
528 2964 569 2988 ex
589 2952 657 2999 his,
687 2956 726 2991 in
742 2955 969 2993 medicinam
997 2954 1198 3002 transferri,
1227 2955 1332 3004 quod
1352 2955 1470 2992 etiam
1489 2954 1581 2991 vivis
1596 2956 1819 3005 corporibus
1832 2955 1970 3007 profit?

368 3008 475 3054 Item,
506 3004 714 3057 sigillorum
738 3010 894 3059 prailica
921 3011 962 3048 in
988 3022 1082 3058 cera,
1111 3010 1326 3056 caementis,
1357 3011 1393 3047 δ(
1417 3009 1589 3061 plumbO,
1617 3010 1769 3058 antiqua
1789 3011 1885 3051 fuit:
1915 3013 1971 3051 At

591 3072 606 3098 1
1883 3067 1924 3105 hc
1930 3079 1974 3106 ee
