2040 3439
103 246 202 300 Lib„
239 252 274 298 Ι.
506 252 809 301 NOVUM
879 255 1306 304 ORGANUM.

101 345 171 384 rite
193 344 377 383 institutus
405 344 515 391 ord0‚
545 356 610 394 per
638 344 881 394 experientiae
905 345 1033 394 sylvas,
1060 347 1106 385 ad
1129 358 1264 400 aperta,
1283 346 1524 398 axiomatum,
1554 350 1702 389 tramite

99 399 281 439 constanti
304 400 426 437 ducat.

152 456 353 493 LXXXIII.
383 456 657 493 EXCREVIT
699 465 825 493 autem
853 455 992 494 mirum
1018 458 1058 494 in
1084 459 1244 496 modum
1274 458 1364 496 istud
1385 461 1528 497 malurn
1555 473 1597 498 cx
1626 462 1701 511 opi-

98 511 215 547 nione
241 510 413 561 quadam,
444 508 513 546 sive
533 510 786 547 aestimatione
806 511 1020 558 inveterata,
1050 525 1180 550 verum
1195 514 1340 550 tumida
1356 516 1390 550 ὅ(
1407 515 1604 555 damnot'a3
1635 519 1702 554 ini-

99 565 164 603 nui
179 577 315 614 nempe
331 566 467 601 mentis
490 564 674 601 humanae
697 566 934 613 majestatem,
963 565 988 603 fi
1016 570 1292 617 experimentis,
1321 571 1357 606 ὅ(
1382 570 1488 607 rebus
1511 571 1700 622 particula-

97 621 200 657 ribus
223 619 342 656 sensui
362 620 544 665 subjeffis,
573 621 610 656 ὅς
633 621 673 656 in
693 619 846 658 materia
873 621 1141 670 determinatis,
1169 623 1234 660 diu
1264 635 1304 660 ae
1327 625 1492 661 multum
1518 626 1698 664 vet-sctum

97 674 312 726 praesertim
339 687 457 723 quum
474 674 688 718 huiusmodi
705 687 759 711 res
774 675 818 712 ad
834 677 1101 727 inquirendum
1127 677 1342 723 laboriosae,
1372 680 1415 715 ad
1437 680 1699 719 meditandum

97 729 291 779 ignobiles,
320 729 364 766 ad
388 730 593 767 dicendum
621 729 775 778 asperae,
805 729 850 767 ad
870 732 1066 781 practicam
1094 731 1301 779 illiberales,
1330 745 1491 770 numero
1520 734 1698 781 infinitae,

97 787 134 821 ὅ(
155 784 356 821 subtilitate
384 795 526 830 tenueS,
556 785 625 822 css'e
646 783 800 821 soleant.
860 787 1075 834 Itaqueiam
1095 787 1249 824 tandem
1268 787 1340 824 huc
1367 801 1422 825 res
1437 789 1555 835 rediit,
1585 801 1625 827 ut
1641 793 1699 828 via

96 850 181 876 vera
205 851 287 876 non
319 849 467 876 tantum
492 839 645 886 deserta,
675 838 735 876 sed
765 841 879 876 etiam
896 839 1092 877 interclusa
1109 844 1144 879 ὅ(
1174 842 1356 879 obstrueret
1372 840 1433 883 fit3
1462 843 1617 882 fastidita
1639 855 1695 882 ex-

95 892 286 944 perientia,
316 895 456 931 nedum
484 894 618 941 relicta,
647 904 709 931 aut
737 895 834 930 male
861 894 1119 932 administrata.

147 950 353 987 LXXXIV.
384 951 577 987 RURSUS
605 960 697 987 vero
731 948 905 986 homines
938 961 958 986 a
992 951 1180 999 progressu
1205 952 1245 987 in
1278 950 1440 988 scientiis
1472 953 1634 991 detinuit
1663 957 1700 994 ὃς

93 1003 387 1041 fercincantavit
411 1003 613 1041 reverentia
635 1005 880 1052 antiquitatis,
909 1005 946 1041 &
967 1007 1147 1053 virorum,
1176 1005 1295 1054 quiin
1319 1005 1552 1059 philosophia
1572 1012 1698 1058 magni

87 1057 209 1096 *habiti
227 1058 322 1105 ssmt,
352 1059 568 1106 authoritas,
597 1069 708 1107 atque
733 1057 868 1096 deinde
893 1059 1105 1098 consensus.
1164 1061 1296 1109 Atque
1321 1062 1367 1098 de
1391 1063 1574 1101 consensu
1598 1065 1698 1116 supe-

92 1115 174 1151 rius·
190 1112 330 1150 distum
347 1114 406 1150 est.

123 1170 218 1206 ,DE
247 1167 466 1217 antiquitate
489 1178 614 1206 autem
634 1169 780 1218 opinio,
810 1180 922 1216 quarn
951 1169 1125 1207 homines
1158 1171 1204 1207 de
1225 1170 1297 1221 ipsa
1329 1168 1472 1218 fovent,
1501 1175 1696 1223 negligens

92 1225 259 1261 omni-no
281 1224 341 1270 est,
371 1226 407 1261 δε
433 1222 489 1260 vix
517 1224 633 1261 verbo
662 1221 724 1272 ipsi
755 1236 933 1272 congrua.
992 1225 1131 1262 Mundi
1159 1228 1262 1262 enim
1287 1225 1429 1263 senium
1461 1230 1496 1264 &
1520 1229 1694 1277 grandae-

91 1280 185 1316 vitas
208 1290 279 1327 pro
302 1280 524 1326 antiquitate
540 1290 622 1315 vere
639 1278 805 1315 habenda
833 1277 938 1320 sunt3
967 1291 1060 1328 quae
1084 1283 1317 1330 temporibus
1341 1281 1474 1319 nostris
1502 1284 1616 1320 tribui
1634 1285 1694 1321 de-

91 1334 195 1380 bent,
225 1345 305 1371 non
327 1332 463 1379 juniori
485 1332 592 1370 aetati
615 1333 762 1380 mundi,
791 1334 908 1382 qualis
933 1335 1029 1384 apud
1052 1337 1226 1385 antiquos
1246 1337 1328 1373 fuit.
1385 1337 1449 1373 Illa
1473 1339 1577 1374 enlm
1596 1348 1693 1376 aetas

90 1388 255 1438 respectu
283 1386 407 1435 nostri,
451 1387 600 1438 antiqua
628 1389 665 1424 ὅ(
694 1388 834 1431 maj0r3
865 1388 1027 1439 respectu
1056 1391 1191 1426 mundi
1219 1390 1338 1439 ipsius,
1368 1403 1464 1427 nova
1494 1394 1530 1428 δε
1563 1395 1692 1430 minor

89 1443 170 1481 fuit.
225 1443 356 1490 Atque
378 1455 504 1480 revera
525 1442 848 1490 quemadmodum
865 1445 1047 1487 majorem
1077 1455 1202 1480 rerum
1229 1446 1477 1482 humanarum
1502 1449 1693 1495 notitiam,

91 1496 334 1535 &maturius
364 1496 542 1542 judicium
563 1498 608 1533 ab
639 1497 794 1534 homine
822 1497 906 1534 sene
934 1498 1166 1547 expectamus
1184 1511 1297 1549 quam
1325 1512 1345 1536 a
1368 1500 1512 1546 juvene,
1543 1512 1693 1553 propter

90 1551 368 1605 experientiam,
407 1555 442 1588 δε
472 1563 608 1598 rerum,
639 1564 727 1600 quas
761 1550 853 1589 vidit
881 1554 917 1588 &
945 1552 1085 1590 audivit
1115 1555 1152 1590 ὅτ.
1179 1555 1370 1603 cogitavit,
1407 1556 1620 1592 varietatem
1657 1559 1693 1594 &

89 1610 259 1659 copiam
287 1608 423 1644 eodem
443 1606 616 1643 modo&
644 1606 799 1644 anostra
821 1616 939 1644 aetate
968 1605 1009 1656 (fi
1031 1606 1124 1644 vires
1149 1608 1225 1645 suas
1248 1609 1378 1655 noss'et,
1408 1612 1444 1646 δε
1472 1613 1626 1662 experiri
1656 1614 1694 1648 δε

90 1662 283 1699 intendere
297 1660 427 1709 vellet)
457 1663 600 1706 majora
622 1663 748 1698 multo
772 1673 885 1710 quam
905 1673 924 1698 a
950 1661 1070 1713 priscis
1092 1665 1325 1713 temporibus
1349 1665 1527 1713 expce'tari
1544 1678 1607 1716 par
1626 1665 1691 1706 est3

90 1728 224 1767 utpote
248 1727 367 1754 aetate
391 1717 524 1769 mundi
551 1715 759 1766 grandiore,
789 1719 826 1753 ὅ(
850 1715 1003 1754 infinitis
1026 1719 1287 1766 experimentis
1313 1721 1350 1756 δε
1377 1719 1694 1758 observationibus

91 1774 196 1810 austu
220 1775 256 1808 &
277 1773 474 1809 cumulata.

144 1830 182 1866 N
197 1838 330 1879 EQUE
359 1839 428 1878 pro
456 1826 579 1863 nihilo
597 1824 879 1872 aestimandum,
908 1827 1009 1874 quod
1033 1839 1097 1878 per
1122 1828 1346 1878 longinquas
1375 1828 1625 1878 navigationes
1654 1832 1692 1867 δε

89 1883 408 1931 peregrinationes
439 1882 545 1929 (quac
572 1881 720 1918 saeculis
742 1881 871 1917 nostris
892 1881 1173 1930 increbuerunt)
1203 1885 1361 1932 plurima
1382 1886 1421 1920 in
1444 1894 1570 1921 natura
1590 1895 1690 1933 patu-

90 1939 392 1988 erint&reperta
404 1935 484 1982 sint,
513 1948 605 1986 quae
617 1947 752 1973 novam
765 1936 1152 1987 philosophiaelucem
1164 1939 1370 1975 immittere
1389 1935 1539 1989 poliint.
1583 1941 1688 1990 Quin

91 1994 128 2029 ὃς
142 2003 248 2041 turpe
269 1992 488 2028 hominibus
511 1992 623 2036 foret,
652 1989 676 2027 si
691 1991 796 2039 globi
818 1991 1014 2028 materialis
1030 1992 1175 2039 trachis,
1205 2003 1387 2029 terrarum
1404 1993 1586 2039 videlicet,
1616 2007 1690 2031 ma-

90 2048 200 2093 rium,
228 2047 421 2093 astrorum,
452 2046 582 2083 nostris
602 2046 835 2094 temporibus
857 2045 1082 2083 immensum
1105 2047 1271 2098 aperti&
1289 2047 1452 2084 illustrati
1470 2047 1555 2089 {iut5
1584 2050 1689 2097 globi

90 2111 214 2139 autem
239 2100 496 2138 intelleehialis
515 2100 606 2137 fines
627 2100 723 2138 inter
752 2111 921 2137 veterum
947 2103 1097 2138 inventa
1119 2104 1153 2137 ὅ(
1184 2103 1361 2152 angustias
1380 2102 1635 2140 cohibeantur.

143 2158 419 2194 AUTHORES
447 2168 538 2194 vero
566 2156 670 2206 quod
690 2156 835 2201 attinet,
867 2155 1032 2192 summae
1065 2155 1367 2205 pufillanimitatis
1397 2158 1444 2194 cst
1472 2158 1688 2195 authoribus

89 2210 233 2248 infinita
260 2210 439 2251 tribuere;
469 2209 613 2248 authori
644 2220 768 2247 autem
802 2210 1018 2257 authorum,
1048 2222 1157 2259 atque
1178 2213 1272 2249 adeo
1293 2211 1415 2248 omnis
1445 2213 1688 2258 authoritatis,

89 2268 265 2316 tempori,
295 2267 350 2311 jus
379 2266 486 2302 suum
514 2266 705 2314 denegate.
762 2265 878 2302 Recte
912 2268 1015 2302 enim
1044 2266 1173 2303 veritas
1207 2269 1388 2316 temporis
1422 2267 1495 2304 filia
1539 2267 1687 2313 dieitur,

89 2334 170 2358 non
190 2320 436 2359 authoritatis.
492 2322 618 2371 Itaque
649 2318 786 2356 mirum
812 2331 891 2356 non
920 2320 980 2366 est,
1010 2319 1034 2357 fi
1057 2320 1192 2358 fascina
1216 2321 1274 2358 ista
1302 2321 1542 2370 antiquitatis,
1573 2324 1605 2358 ὃς
1628 2335 1687 2359 au-

88 2376 244 2413 thorum
275 2378 310 2412 δε
338 2375 549 2421 consensus,
579 2373 779 2412 hominum
792 2373 969 2411 virtutem
996 2377 1044 2412 ita
1073 2374 1276 2425 ligaverint,
1307 2387 1347 2414 ut
1368 2388 1456 2413 cum
1484 2378 1590 2414 rebus
1605 2376 1684 2427 iplis

88 2431 327 2469 consuescere
357 2429 553 2481 (tanquam
582 2429 803 2476 maleficiati)
834 2441 913 2465 non
928 2431 1132 2479 potuerint.

143 2487 330 2524 LXXXV.
362 2488 401 2523 N
414 2497 515 2536 πρυ
528 2497 549 2522 Ε
579 2484 700 2521 solum
716 2485 913 2521 admiratio
923 2484 1161 2533 antiquitatis,
1176 2486 1420 2531 authoritatis,
1442 2485 1686 2524 &consensus

89 2540 291 2578 hominum
321 2540 533 2578 industriam
559 2541 597 2576 in
626 2541 682 2585 iis,
712 2551 805 2588 quae
834 2539 906 2583 jam
937 2541 1087 2578 inventa
1118 2540 1212 2585 sunt,
1241 2540 1467 2589 acquiescere
1481 2541 1685 2592 compulir3

88 2607 221 2633 verum
244 2598 357 2632 etiam
383 2607 542 2645 operum
559 2595 724 2644 ipsorum
748 2593 957 2640 admiratio,
986 2607 1147 2646 quorum
1164 2597 1270 2644 copia
1299 2595 1514 2644 jampridem
1530 2595 1620 2632 faeta
1637 2596 1685 2633 est

88 2648 425 2700 humano'generi.
483 2650 634 2686 Etenim
662 2661 780 2697 quum
811 2650 893 2697 quis
921 2661 1045 2686 rerum
1078 2652 1291 2687 varietatem
1327 2653 1361 2687 C<
1390 2651 1685 2701 pulcherrimum

89 2716 316 2757 apparatum,
346 2707 409 2754 qui
443 2717 506 2754 per
520 2716 614 2741 artes
643 2704 875 2741 mechanicas
900 2704 944 2740 ad
966 2706 1109 2741 cultum
1139 2706 1345 2741 humanum
1373 2705 1616 2754 congestus&
1633 2705 1685 2742 in-

90 2761 284 2798 nodutum
307 2761 366 2807 est,
397 2759 511 2797 oculis
535 2758 739 2805 subjecerit,
767 2771 815 2795 eo
834 2769 932 2795 certe
960 2759 1162 2806 inclinabit,
1193 2769 1233 2806 ut
1257 2758 1380 2808 potius
1405 2761 1448 2796 ad
1472 2761 1685 2809 opulentiae

91 2814 275 2852 humanae
304 2814 612 2860 admirationem,
640 2825 752 2861 quam
779 2814 824 2849 ad
843 2813 988 2862 inopiae
1014 2814 1156 2850 sensum
1187 2815 1354 2854 accedats
1383 2814 1539 2851 minime
1562 2816 1686 2852 adver-

91 2878 174 2906 tens
201 2869 403 2921 primitivas
431 2868 596 2906 hominis
624 2868 916 2914 observationes,
960 2879 1069 2916 atque
1103 2879 1252 2906 naturae
1281 2871 1526 2918 operationes,
1573 2869 1683 2919 (quae

92 2924 136 2960 ad
166 2926 442 2962 omncmillam
471 2926 697 2969 varietatem,
727 2920 833 2959 instar
852 2924 997 2960 animae
1014 2923 1108 2969 I'unt,
1138 2926 1174 2960 ὃς
1202 2923 1313 2973 primi
1333 2922 1476 2972 motus)
1507 2925 1686 2960 necmul-

92 2988 156 3024 tas,
185 2991 254 3016 nec
272 2980 345 3016 alte
367 2980 497 3031 petitas
512 2979 597 3019 css'es
626 2988 766 3014 caetera
785 2977 830 3013 ad
857 2979 1074 3026 patientiam
1101 2979 1302 3015 hominum
1319 2989 1478 3025 tantum,
1510 2981 1544 3014 ὅ(
1574 2978 1683 3015 subti-

93 3034 170 3069 lem
192 3036 227 3070 &
248 3035 463 3071 ordinatum
479 3045 611 3070 manus
626 3033 683 3070 vel
705 3031 1036 3069 instrumentorum
1052 3043 1215 3077 motum,
1244 3032 1439 3084 pertinere.
1496 3035 1570 3069 Res
1585 3031 1686 3068 enim

98 3087 270 3140 (exempli
290 3090 418 3138 gratia)
450 3088 592 3126 subtilis
615 3087 662 3124 cst
683 3098 782 3124 certe
811 3089 846 3124 &
873 3099 1038 3125 accurata
1062 3088 1249 3125 conse-etio
1278 3087 1578 3136 horologiorum,
1606 3088 1687 3122 mus

1546 3140 1689 3186 scilicet,

100 3205 117 3233 l

1786 265 1874 323 29'
