2040 3439
44 217 158 279 περ.
188 208 244 261 11.
326 217 420 262 DE
457 206 903 263 AUGM'ENTIS
939 201 1473 263 SCIENTIARUM

54 315 204 353 Verum
225 311 285 350 ista
308 312 401 362 'pai-s,
429 314 556 362 ptimo
572 311 722 356 intuitu,
753 312 924 350 scientiae
948 313 1048 350 civili
1076 312 1201 349 deberi
1231 310 1400 350 videtur:
1429 321 1607 357 attamen,
1637 309 1663 349 si

51 363 270 418 diligentius
290 368 469 415 attendas,
500 381 581 406 non
606 370 675 405 ita:
706 366 884 416 liquidem
911 368 1037 405 trastat
1069 369 1239 418 regimen
1260 368 1296 404 ὅ(
1317 362 1520 416 imperium
1543 365 1662 403 unius-

54 422 232 474 cujusque
252 423 292 458 in
309 421 344 459 se
363 422 494 472 ipsum,
523 425 743 472 neutiquam
760 424 903 460 veroin
923 421 1026 459 alios.
1080 421 1213 471 Atque
1238 419 1326 459 sicut
1351 423 1391 458 in
1406 421 1660 468 architec'Iura‚

57 479 126 516 alia
142 489 196 515 res
213 475 273 524 est,
302 477 432 526 postes,
462 479 594 524 trabes,
625 480 661 514 &
681 487 839 514 caeteras
853 476 1006 514 aedificii
1030 488 1148 527 partes
1163 476 1376 519 efformare,
1407 479 1442 514 ἃ
1466 477 1511 513 ad
1540 476 1661 513 aediti-

57 530 165 570 candi
184 532 292 569 usum
307 544 513 582 praeparare
529 550 542 574 ‚-
572 533 642 569 alia
658 543 796 576 autem,
826 532 973 569 easdem
1001 531 1046 569 ad
1068 531 1228 570 invicem
1256 542 1379 581 aptare
1414 534 1450 568 &
1471 534 1658 582 comp-agi—

56 598 163 625 nare:
192 585 282 623 sicut
304 585 415 624 etiam
435 589 475 624 in
502 586 740 634 mechanicis,
770 587 1060 624 instrumentum
1084 597 1146 624 aut
1170 586 1380 624 machinam
1411 587 1590 624 fabricare
1623 588 1661 623 ἃ

55 641 249 687 conficere,
288 654 369 678 non
398 641 499 679 idem
525 643 585 688 est,
623 643 724 693 quod
766 641 984 679 fabricatum
1019 643 1172 690 erigere,
1211 654 1376 688 movere,
1416 644 1451 678 ὃ(
1480 643 1521 678 in
1549 652 1662 689 opere

26 706 32 712 '
55 706 212 748 ponere:
245 697 305 734 Sic
325 697 494 733 doftrina
516 698 563 734 de
586 696 853 746 conjugatione
880 695 952 746 ipsa
981 695 1180 734 hominum
1200 698 1237 733 in
1267 698 1426 742 civitate,
1456 695 1526 732 live
1547 696 1660 733 socie-

53 754 139 799 tate,
168 750 295 788 differt
313 752 360 788 ab
390 764 443 798 ca,
473 764 567 800 quae
588 765 651 789 eos
662 751 782 789 reddit
803 753 848 789 ad
864 750 1078 797 hujusmodi
1096 750 1278 788 societatis
1293 752 1497 788 commoda
1508 750 1660 787 confor-

57 816 136 844 mes
150 808 186 843 &
203 806 300 842 benc
316 805 477 843 affectos.

73 872 75 876 ·
109 862 212 898 ISTA
241 872 323 909 pars
345 861 391 897 de
418 858 561 907 officiis,
591 860 703 898 etiam
728 863 768 898 in
797 861 884 898 duas
914 859 1107 912 portiones
1131 859 1328 897 tribuitur:
1358 872 1518 908 quarum
1547 861 1659 897 altera

57 916 184 957 tractat
199 916 258 968 ,de
286 912 414 954 officio
443 917 610 954 hominis·
632 916 670 953 in
693 917 912 953 communi:
943 916 1057 952 altera
1080 915 1126 952 de
1147 911 1277 952 officiis
1305 915 1520 963 specialibus
1546 917 1581 951 ὅ(
1604 928 1658 952 re-

57 970 234 1023 spefflviS,
263 982 333 1022 pro
365 968 596 1021 singulorum
624 967 868 1020 professione,
895 972 1115 1015 vocatione,
1135 969 1237 1015 statu,
1267 969 1434 1018 persona,
1463 971 1499 1006 ὃ(
1527 970 1655 1018 gradu.

55 1026 198 1075 Harum
219 1027 394 1076 primam,
423 1025 503 1075 satis
531 1028 728 1072 excultam,
756 1024 1028 1076 diligenterque
1054 1037 1075 1061 a
1108 1025 1294 1062 veteribus
1325 1027 1361 1060 ὃ(
1396 1023 1473 1061 aliis
1503 1023 1655 1075 explica-

55 1080 158 1134 fflffl}
173 1081 247 1126 j‘am
262 1091 370 1118 antea
385 1083 606 1122 retulimus;
635 1081 790 1118 alteram
809 1093 973 1129 quoque,
1002 1078 1150 1131 sparsim
1161 1080 1315 1128 quidem
1336 1080 1540 1124 tractatam,
1572 1079 1656 1115 lieet

55 1124 137 1173 adri
158 1136 198 1172 in
213 1147 346 1184 corpus
373 1137 523 1187 aliquod
546 1138 736 1185 integrum
764 1135 938 1172 scientiae
961 1135 1148 1183 digestam,
1178 1133 1389 1184 reperimus.
1449 1135 1585 1182 Neque
1609 1145 1658 1170 ta-

55 1189 240 1228 ffle'n'hoc
273 1190 406 1242 ipsum,
434 1191 537 1239 quod
563 1190 706 1242 sparsim
729 1191 913 1236 tradetur,
946 1189 1275 1241 reprehendimus3
1304 1187 1478 1239 quinimo
1508 1189 1554 1225 de
1583 1189 1656 1225 hoc

55 1246 280 1296 argumento
295 1257 359 1295 per
376 1256 495 1295 partes
511 1246 618 1282 scribi
636 1247 749 1295 longe
773 1245 978 1282 consultius
997 1244 1251 1281 existimamus.
1307 1245 1400 1295 Qus
1423 1246 1527 1280 enim
1556 1254 1658 1280 tanta

56 1295 170 1338 fite'rit
184 1301 242 1338 vel
268 1299 483 1352 perspicacia
507 1302 564 1338 vel
593 1299 831 1347 confidentia,
861 1310 902 1337 ut
930 1300 976 1336 de
1005 1296 1136 1336 officiis
1158 1298 1400 1349 peculiaribus
1434 1300 1469 1334 ὅ(
1491 1296 1658 1344 relativis,

55 1353 290 1405 singulorum
318 1356 499 1392 ordinum
517 1358 554 1392 &
582 1354 861 1401 conditionum,
891 1354 1005 1406 perite
1026 1356 1063 1391 ὃ(
1085 1354 1130 1390 nd
1145 1355 1272 1391 vivum
1298 1352 1495 1403 disceptare
1512 1356 1549 1390 ὃ(
1573 1353 1660 1389 deti-

58 1408 137 1448 nire
165 1406 278 1462 possit
302 1420 363 1448 aut
393 1409 580 1447 sustineat?
609 1411 802 1446 Trastatus
826 1420 962 1455 autem,
1007 1407 1070 1457 qui
1100 1407 1361 1459 experientiam
1394 1420 1473 1444 non
1504 1407 1659 1458 sapiunt,

57 1465 118 1502 secl
134 1477 177 1501 ex
201 1466 339 1501 notitia
354 1477 477 1501 rerum
497 1466 661 1514 generali
686 1468 721 1501 ὅ(
743 1463 952 1501 scholastica
985 1463 1256 1500 tantummodo
1279 1462 1490 1513 deprompti
1515 1461 1596 1498 sunt
1613 1463 1660 1498 de

58 1519 167 1558 rebus
181 1518 409 1566 hujusmodi,
443 1518 569 1557 inanes
587 1521 794 1570 plerunque
817 1519 978 1557 evadunt
1007 1522 1040 1555 ὃ(
1058 1519 1220 1555 inutiles.
1277 1518 1457 1569 Qiamvis
1473 1515 1575 1553 enim
1599 1518 1661 1553 ali-

19 1615 22 1619 ,
57 1574 212 1629 quando
239 1573 446 1623 contingat,
488 1574 727 1623 spectatorem
750 1586 792 1611 ea
817 1573 1122 1619 animadvertere,
1160 1584 1253 1624 quae
1293 1571 1458 1609 lusorem
1492 1571 1662 1620 fugiant3

59 1632 170 1678 atque
196 1629 349 1674 jactetur
377 1628 617 1678 proverbium
646 1629 838 1678 quoddam
868 1627 983 1677 magis
1020 1629 1253 1673 audaculum,
1294 1638 1407 1674 quam
1437 1625 1578 1672 fimum,
1615 1627 1663 1662 de

60 1678 213 1723 censura
226 1685 326 1732 vulgi
351 1683 442 1721 circa
465 1683 627 1721 ac‘tiones
647 1683 871 1733 principum,
891 1681 1063 1732 stantem
1083 1683 1124 1720 in
1141 1680 1248 1720 valle
1270 1681 1410 1733 optime
1430 1678 1663 1732 perlustrare

61 1743 226 1777 montem
241 1756 253 1780 ,-
286 1739 492 1790 optandum
514 1750 641 1776 tamen
657 1737 822 1788 inprimis
851 1738 948 1785 esset,
980 1748 1021 1775 ut
1045 1750 1127 1775 non
1146 1735 1213 1774 nili
1240 1732 1509 1786 expertissimus
1534 1741 1568 1772 ὸζ
1584 1748 1662 1773 ver-

61 1790 256 1844 satiffimus
284 1792 438 1842 quisque
467 1793 501 1830 se
531 1793 744 1839 hujusmodi
766 1795 997 1843 argumentis
1026 1792 1265 1830 immisceret.
1321 1792 1536 1828 Hominum
1559 1793 1663 1827 enim

63 1849 386 1901 specula-rivorum,
416 1847 454 1885 in
474 1848 635 1886 materiis
655 1849 792 1894 astivis,
820 1848 1105 1893 lucubrationes,
1136 1847 1192 1893 iis,
1221 1848 1343 1893 quiin
1363 1846 1666 1895 agcndofueriut

65 1900 263 1950 exercitati,
291 1902 414 1940 nihilo
431 1905 605 1951 meliores
620 1904 806 1946 videntur,
835 1915 947 1951 quam
960 1903 1226 1939 diss‘ertationes
1243 1901 1484 1938 Phormionis
1499 1900 1544 1936 de
1561 1898 1666 1936 bellis

65 1958 269 1996 aestimatae
286 1957 368 2006 sunt
382 1960 428 1995 ab
443 1960 664 2004 Hannibale,
693 1957 755 2009 qui
772 1970 830 1994 cas
849 1959 976 1994 habuit
1000 1970 1068 2009 pro
1088 1958 1242 1994 [omniis
1259 1958 1294 1992 ὃς
1317 1954 1465 1992 deliriis.
1525 1955 1666 1994 Unum

66 2014 243 2051 duntaxat
269 2012 401 2050 vitium
418 2014 502 2050 illos
519 2023 687 2064 occupat,
715 2011 777 2064 qui
805 2012 851 2049 de
876 2013 982 2049 rebus
1002 2013 1046 2049 ad
1068 2011 1172 2048 suum
1194 2022 1330 2047 munus
1350 2021 1411 2047 aut
1435 2020 1552 2046 artem
1587 2021 1667 2058 per-

66 2069 274 2107 tinentibus
298 2068 411 2104 libros
435 2067 696 2108 conscribunt;
724 2068 827 2119 quod
845 2066 976 2104 scilicet
997 2069 1037 2104 in
1057 2066 1128 2103 illis
1149 2064 1230 2118 ipsis
1249 2067 1386 2115 Spartis
1407 2063 1475 2101 suis
1488 2064 1666 2101 ornandis

67 2135 175 2174 atque
189 2123 406 2159 attollendis
428 2123 588 2160 modum
609 2133 738 2168 tencre
759 2122 935 2159 nesciant.

121 2180 174 2214 [N
199 2177 273 2214 hoc
287 2189 423 2226 genere
439 2179 637 2224 librorum,
667 2177 853 2227 piaculum
873 2177 984 2223 foret,
1015 2189 1095 2214 non
1112 2174 1318 2212 meminiss'e
1348 2173 1522 2223 (honoris
1544 2171 1666 2220 eausa)

69 2228 366 2270 excellentissimi
400 2232 497 2268 illius
521 2234 655 2284 operis,
686 2245 705 2269 a
734 2231 917 2273 majestate
952 2242 1014 2268 tua
1042 2232 1260 2275 elucubrati,
1298 2232 1356 2266 De
1393 2225 1522 2265 officio
1559 2230 1666 2277 regis.

70 2286 258 2340 Scriptum
287 2288 391 2322 enim
419 2287 493 2324 hoc
521 2289 703 2336 plurimos
736 2286 831 2323 intra
853 2285 886 2322 sc
915 2284 1116 2322 cumulavit
1145 2298 1187 2322 ac
1219 2283 1429 2320 recondidit
1466 2283 1669 2328 thesauros,

70 2343 147 2394 tam
170 2340 408 2390 conspicuos,
438 2354 551 2390 quam
582 2343 764 2388 occultos,
794 2339 1018 2390 theologiae,
1046 2340 1199 2386 ethicae,
1237 2341 1273 2376 ἀ
1301 2337 1499 2388 politicae3
1539 2335 1671 2386 infigni

70 2393 159 2435 cum
187 2394 391 2448 aspersione
422 2398 578 2434 aliarum
612 2395 767 2433 artium:
799 2395 943 2444 Estque,
981 2395 1246 2439 meoiudicio,
1277 2392 1372 2430 inter
1397 2392 1538 2440 scripta,
1575 2403 1672 2439 quae

72 2451 166 2489 mihi
181 2452 367 2503 perlegere
383 2453 596 2501 contigerit,
626 2452 817 2503 praecipue
840 2448 1200 2487 lanum&solidum.
1258 2450 1353 2486 Non
1370 2447 1460 2483 illud
1475 2448 1556 2483 ullo
1571 2447 1673 2491 loc0‚

73 2516 136 2544 aut
159 2504 388 2543 inventionis
416 2505 563 2543 fervore
583 2505 726 2551 aestuat,
769 2515 830 2542 aut
848 2503 1114 2554 'indiligentiae
1145 2504 1282 2552 frigore
1305 2512 1427 2553 torpet
1448 2512 1509 2538 aut
1533 2500 1672 2538 dormi-

73 2572 147 2603 ταῖς
175 2573 256 2598 non
271 2562 454 2609 vertigine
474 2561 677 2610 aliquando
705 2559 910 2618 corripitur,
941 2559 1040 2598 unde
1070 2557 1106 2595 in
1128 2559 1261 2595 ordine
1286 2557 1351 2594 suo
1380 2556 1559 2593 servando
1582 2567 1673 2592 con-

75 2615 251 2654 fundatur
271 2625 332 2652 aut
357 2615 522 2656 excidam
560 2628 641 2653 non
669 2612 955 2664 digressionibus
976 2612 1192 2657 distrahitur,
1224 2622 1263 2648 ut
1287 2611 1359 2658 illa,
1388 2623 1481 2662 quae
1506 2610 1599 2648 nihil
1628 2610 1675 2647 ad

78 2670 281 2723 rhombum
304 2669 398 2716 sunt,
415 2670 661 2719 expatiatione
679 2671 801 2720 aliqu-a
816 2668 975 2706 flexuosa
989 2668 1257 2716 complectatur
1273 2681 1280 2702 :
1310 2678 1390 2703 non
1406 2666 1675 2702 odoramento-

79 2737 161 2764 rum
184 2723 245 2762 aut
270 2727 555 2776 pigmentorum
595 2725 687 2762 fucis
715 2725 965 2764 adulteratum
993 2724 1160 2774 qualibus
1193 2721 1246 2758 illi
1276 2731 1442 2767 utuntur,
1471 2723 1537 2769 qui
1566 2721 1677 2757 ledo-

80 2793 164 2822 rum
183 2781 307 2830 potius
341 2780 591 2826 delectationi,
636 2791 749 2828 quam
771 2776 981 2828 argumenti
1005 2788 1155 2814 naturae
1185 2775 1412 2812 inserviunt:
1447 2787 1533 2813 ante
1548 2777 1679 2812 omnia

83 2846 184 2881 vero,
214 2834 337 2884 spiritu
352 2836 448 2871 valet
465 2833 555 2871 istud
580 2847 673 2885 opus
690 2846 771 2870 non
790 2832 922 2875 mian
943 2845 1056 2881 quam
1071 2844 1240 2881 corpore,
1263 2841 1392 2880 utpote
1412 2831 1516 2879 quod
1537 2833 1572 2867 <Sc
1592 2842 1680 2867 cum

82 2891 226 2929 veritati
247 2891 390 2939 optime
406 2887 624 2935 consentiat,
656 2889 751 2925 &ad
767 2887 874 2924 usum
898 2885 938 2923 sit
964 2882 1405 2923 accommodatissimum.
1462 2887 1682 2937 Quinetiam

86 2943 178 2982 vitio
205 2945 284 2991 illo,
314 2944 360 2980 de
387 2957 465 2995 quo
490 2944 602 2994 paulo
630 2952 715 2979 ante
746 2941 917 2986 diximus,
948 2941 1077 2988 (quod,
1107 2938 1131 2977 fi
1156 2943 1194 2977 in
1215 2939 1288 2977 alio
1315 2942 1506 2991 quopiam,
1536 2939 1573 2976 in
1601 2952 1683 2987 rege

87 3009 197 3045 certe,
231 3001 267 3036 ὅ(
291 2998 428 3048 scripto
443 2998 683 3043 demajestate
707 2999 817 3047 regia,
838 2996 1077 3033 tolerandum
1093 2994 1220 3043 fuerit)
1251 2997 1415 3032 omnino
1431 3006 1547 3031 caret:
1583 3006 1685 3029 nem-

88 3065 146 3105 pe,
175 3054 276 3101 quod
291 3055 443 3091 culmen
468 3056 503 3092 δε
530 3052 711 3102 fastigium
730 3053 874 3101 regium
889 3063 969 3088 non
989 3050 1193 3088 immodice
1223 3061 1283 3088 aut
1308 3049 1486 3087 invidiose
1511 3050 1687 3092 extollatz

144 3108 250 3147 VOL.
268 3110 293 3146 I.
811 3108 843 3143 C
859 3118 877 3143 e
910 3117 927 3141 2
1507 3102 1686 3151 liquidem

1746 217 1841 277 20?ss
1884 228 1887 232 ⁴
