2040 3439
68 222 281 285 Capilli.
353 221 446 266 DE
482 215 933 271 AUGMENTIS
968 218 1510 277 SCIENTIARUM.

134 325 239 376 QUI
263 320 327 372 ipsi
343 320 468 371 magni
488 321 555 359 viri
570 322 667 370 sunt,
700 323 897 360 neminem
915 332 1037 359 unum
1063 321 1139 359 fere
1167 322 1318 371 habent,
1351 337 1464 374 quem
1480 337 1673 366 vereantur

78 378 140 416 sed
165 380 364 433 popqunn
1673 360 1684 377 ’

61 447 68 452 ·
133 432 245 470 Cant.
274 434 352 484 QU
367 443 382 469 1
411 432 516 468 valde
531 435 618 468 cum
639 431 756 468 stultis
773 432 959 480 congruit,
985 431 1060 483 ipse
1072 431 1253 482 suspestus
1269 433 1337 471 css‘e
1348 433 1476 484 potest.

130 489 208 540 QU
222 498 237 524 1
266 488 396 524 turbae
411 487 543 535 piacet,
572 487 646 523 fere
662 489 698 522 δε
714 487 838 525 turbas
858 484 998 523 miscet.

129 543 170 580 N
186 553 201 580 1
214 553 239 579 L
267 541 506 578 moderatum
522 543 638 590 vulgo
654 552 803 590 gratum
821 540 879 577 est.

130 598 185 634 IN
197 609 220 634 F
232 607 246 634 1
259 607 295 633 M
309 608 335 633 A
360 594 552 633 assentatio
568 594 617 633 est
632 595 822 633 affentatio
836 593 949 645 vulgi.

637 691 893 746 Loquacitas.
949 693 1085 730 XXXI.

127 765 224 805 Pro.
254 768 331 818 QU
343 779 359 805 1
390 764 479 814 filet,
508 777 570 804 aut
586 768 678 804 aiios
694 767 803 803 habet
823 778 895 817 pro
910 763 1089 813 suspectis,
1106 774 1168 802 aut
1184 764 1364 815 suspcaus
1381 767 1428 804 cst
1444 767 1514 820 ipse
1531 767 1606 807 sibi.

129 822 164 859 'C
176 833 231 859 US
242 833 267 859 T
279 834 305 859 0
318 835 343 859 D
357 834 371 859 1
387 834 412 859 A
425 834 446 858 E
478 835 611 859 omncs
628 820 791 858 infelices
807 827 817 861 ζ
846 819 1054 857 miserrima
1071 817 1216 856 silentii.

129 878 151 915 S
165 888 180 914 1
193 889 214 914 L
229 888 292 914 EN
305 889 328 913 T
342 889 356 914 1
370 889 444 914 UM
471 878 668 914 stultorum
699 875 832 913 virtus:
862 876 985 925 itaque
1003 874 1100 910 secie
1123 875 1187 911 ille
1207 872 1345 912 silenti:
1379 875 1414 913 Si
1439 878 1597 927 prudens
1627 892 1676 924 cs,

72 931 198 969 stultus
212 943 271 973 es;
301 930 325 968 fi
345 932 473 969 stultus
488 932 660 984 prudens.

128 988 151 1024 S
165 998 180 1024 1
192 998 216 1023 L
228 998 250 1023 E
261 998 291 1024 N
308 999 332 1024 T
345 998 359 1024 1
374 997 402 1024 U
416 998 461 1033 M⁷
491 984 603 1023 veluti
624 996 712 1030 noir,
742 982 880 1022 insidiis
896 987 1166 1032 opportunum.

128 1042 163 1079 C
176 1053 202 1079 ο
217 1053 242 1079 G
257 1053 272 1080 1
284 1054 308 1079 T
319 1054 344 1079 A
355 1054 379 1078 T
393 1054 407 1078 1
419 1054 444 1079 o
459 1053 487 1078 N
501 1053 522 1077 Ε
533 1054 547 1077 3
572 1042 610 1077 in
631 1040 840 1089 profluente
856 1035 1072 1076 sanissimae.

126 1095 148 1134 S
163 1100 213 1133 1L
227 1108 249 1133 Ε
260 1108 289 1134 Ν
303 1109 326 1134 Τ
340 1108 354 1134 1
368 1108 395 1133 U
409 1106 455 1141 M,
486 1096 696 1133 solitudinis
711 1100 839 1144 genus.
897 1092 1085 1145 Opinioni
1121 1092 1156 1129 se
1184 1093 1376 1141 venditat‘‚‘
1393 1093 1455 1144 qui
1476 1093 1564 1134 silet.
1625 1100 1678 1137 Si-

70 1151 244 1198 lentium,
271 1164 339 1188 nec
354 1164 478 1203 pravas
493 1149 740 1200 cogitationes
756 1148 882 1198 egerit,
913 1160 984 1185 nee
1004 1148 1122 1184 bonas
1142 1147 1335 1186 distribuit.

125 1205 236 1244 Cont.
270 1207 292 1244 S
306 1218 320 1243 1
332 1218 356 1243 L
369 1216 391 1243 Ε
402 1217 432 1243 Ν
445 1217 468 1243 Τ
484 1218 497 1243 1
511 1217 539 1243 U
550 1217 585 1242 M
613 1206 744 1250 verbis,
781 1207 816 1241 ὃ(
832 1205 988 1252 gratiam
1004 1203 1107 1239 addit
1129 1205 1164 1239 ὃς
1179 1202 1456 1244 authoritatem

125 1263 148 1299 S
163 1272 177 1298 1
188 1273 213 1298 L
227 1273 249 1298 E
263 1273 292 1298 N
305 1273 329 1298 T
342 1273 357 1298 1
369 1273 397 1298 U
408 1272 454 1307 M,
485 1259 599 1299 veluti
615 1260 768 1297 somnus
783 1259 948 1310 quidam,
981 1258 1046 1294 alit
1060 1257 1309 1307 prudentiam.

118 1318 149 1354 S
164 1327 179 1353 1
191 1327 216 1353 L
228 1327 251 1353 E
265 1327 288 1352 N
305 1328 330 1353 T
343 1327 357 1352 1
370 1328 397 1353 U
409 1327 444 1352 M
469 1314 710 1352 fermentatio
727 1313 1017 1362 cogitationum.

123 1372 149 1409 S
164 1383 188 1408 T
202 1382 226 1408 Y
238 1382 263 1407 L
274 1383 302 1408 U
315 1383 345 1417 s,
373 1369 590 1423 prudentiae
607 1367 804 1406 silentiunm

124 1427 149 1463 S
164 1437 177 1463 1
188 1437 214 1463 L
228 1437 250 1463 E
261 1437 291 1463 N
303 1437 327 1463 T
343 1436 358 1462 1
370 1437 399 1464 U
412 1437 448 1464 M
466 1424 583 1462 ambit
602 1423 807 1462 veritatem.

631 1518 913 1570 Dffmulatio.
969 1514 1123 1558 XXX1L

121 1592 220 1633 Pro.
250 1589 287 1632 D
300 1604 315 1632 1
325 1606 343 1632 3
353 1606 371 1632 3
382 1604 398 1631 1
410 1605 445 1631 M
455 1595 485 1631 U
495 1604 519 1630 L
531 1605 557 1630 A
568 1604 593 1630 T
604 1604 618 1630 1
630 1605 669 1639 o,
697 1590 974 1641 compendiaria
991 1590 1182 1640 sapientiai

121 1651 162 1689 N
173 1662 199 1688 ο
211 1661 241 1687 N
269 1650 371 1687 idern
386 1649 519 1695 dicere,
548 1648 609 1685 sed
625 1648 726 1685 idem
744 1647 900 1699 spectare
915 1646 1107 1683 debemus.

120 1706 150 1742 E
164 1716 187 1742 T
201 1716 216 1742 1
229 1716 255 1742 A
267 1715 303 1741 M
331 1706 371 1742 in
387 1705 517 1741 animo
537 1703 719 1740 deformis
740 1702 896 1740 nuditas.

121 1761 158 1796 D
172 1771 240 1797 Iss
253 1770 388 1797 1MUL
401 1770 460 1796 AT
473 1770 525 1796 Io
554 1761 590 1795 &
609 1756 737 1796 decori
752 1757 812 1804 est,
842 1759 878 1794 ὃς
893 1753 1084 1808 praesidio.

119 1816 261 1853 SEPES
292 1812 549 1861 consiliorum,
578 1810 835 1850 dissimulatio.

120 1869 159 1906 A
170 1881 196 1907 L
208 1881 223 1907 1
239 1881 303 1922 QU
316 1872 330 1906 1'
363 1870 468 1906 bono
484 1868 550 1906 suo
565 1868 756 1905 falluntur.
1015 1914 1018 1918 Δ

121 1926 201 1977 QU
215 1935 229 1962 1
258 1920 572 1961 indiffimulanter
593 1924 722 1961 omnia
749 1920 837 1972 agit,
865 1928 981 1972 aeque
995 1918 1129 1972 decipit
1144 1933 1155 1962 ς
1183 1932 1272 1959 nam
1300 1919 1465 1975 piurimi,
1494 1933 1557 1961 aut
1583 1936 1666 1963 non

63 1981 231 2030 capiunt,
260 1989 322 2017 aut
338 1991 418 2016 non
433 1979 602 2016 credunt.

119 2035 173 2071 IN
182 2047 208 2072 D
218 2045 232 2071 1
241 2046 283 2072 ss
294 2046 307 2071 1
317 2045 352 2071 Μ
360 2046 388 2071 U
396 2046 422 2071 L
430 2046 484 2071 AT
495 2046 509 2071 1
518 2046 544 2071 o
572 2032 664 2070 nihil
683 2032 783 2070 aliud
793 2044 907 2084 quam
921 2032 1039 2069 animi
1051 2031 1286 2081 impotentia.

122 2088 233 2127 Cant.
267 2090 301 2126 C
314 2101 343 2127 U
354 2100 390 2126 M
413 2088 577 2138 cogitare
594 2088 798 2126 secundum
813 2099 940 2125 retum
955 2087 1150 2125 veritatem
1171 2099 1252 2124 non
1267 2082 1461 2139 poffimus,
1486 2097 1522 2124 at
1537 2087 1665 2136 loqua-

67 2155 154 2183 mur
170 2144 373 2182 secundum
389 2146 674 2194 cogitationem.

120 2200 308 2252 QUIBUS
334 2210 427 2236 artes
449 2200 575 2236 civiles
591 2198 695 2250 supra
710 2208 859 2249 captum
875 2195 1016 2247 ingenii
1040 2195 1136 2244 sunt,
1169 2195 1211 2234 iis
1234 2192 1473 2234 diflimulatio
1499 2207 1568 2248 pro
1581 2208 1665 2247 pru-

67 2253 193 2291 dentia
208 2255 289 2291 erit.

121 2311 220 2362 QUI
247 2304 463 2353 diffiniulat,
495 2309 695 2358 praecipuo
704 2307 749 2344 ad
765 2307 949 2356 agendum
969 2305 1217 2344 instrumento
1236 2304 1272 2343 se
1286 2306 1416 2356 privat,
1441 2308 1465 2342 i.
1478 2316 1509 2342 c.
1525 2304 1607 2342 fide.

119 2366 156 2402 D
168 2376 182 2402 1
190 2375 231 2402 ss
242 2376 255 2401 1
265 2374 299 2400 M
309 2375 337 2400 U
346 2374 370 2400 L
379 2376 435 2400 AT
444 2375 457 2400 1
467 2376 493 2401 o
522 2360 859 2400 dissimulationem
877 2361 1020 2399 invitat.

120 2421 198 2472 QU
209 2431 224 2457 1
253 2414 468 2466 dissimulat,
503 2417 595 2455 liber
614 2430 695 2455 non
713 2417 771 2455 est.

657 2512 851 2553 Audacia.
906 2513 1074 2551 XXXIII.

121 2580 216 2622 Pro.
244 2584 281 2621 D
289 2595 315 2621 ο
325 2595 346 2620 c
355 2594 377 2619 E
386 2593 410 2619 T
438 2581 661 2633 improbare,
695 2580 758 2628 qui
774 2579 1054 2617 verecundatur.

117 2640 258 2691 QUOD
281 2639 378 2674 aetio
394 2635 545 2683 oratori,
575 2636 613 2672 id
627 2635 777 2673 audacia
791 2636 874 2672 viro
889 2633 986 2671 civili
1003 2647 1012 2674 3
1039 2634 1214 2683 primum,
1232 2631 1446 2680 secundum,
1466 2633 1632 2670 tertium.

121 2695 155 2731 C
164 2705 190 2732 0
199 2705 227 2730 N
238 2705 259 2730 F
270 2705 283 2729 1
294 2705 317 2729 T
328 2704 349 2729 E
358 2704 385 2729 N
396 2704 420 2728 T
430 2703 452 2728 E
462 2702 496 2727 Μ
522 2689 782 2728 verecundiam
800 2701 899 2736 amo,
928 2688 1160 2725 accusantem
1175 2686 1249 2724 odi.

121 2749 156 2785 C
166 2761 190 2784 o
199 2760 225 2785 N
237 2759 259 2784 F
270 2759 282 2785 1
293 2760 317 2784 D
327 2759 349 2784 E
359 2759 387 2784 Ν
399 2759 422 2783 T
433 2758 447 2783 1
457 2758 483 2783 A
513 2757 678 2791 morum,
707 2744 852 2782 animos
868 2742 1074 2794 promptius
1090 2742 1214 2779 sociat.

119 2804 146 2840 P
157 2815 214 2841 LA
225 2815 246 2840 c
257 2814 311 2839 ET
338 2801 514 2838 obscurus
529 2802 662 2845 valum,
693 2802 729 2836 ὃ(
745 2799 931 2849 perspIeua
946 2797 1078 2835 oratio.

120 2857 231 2896 Cant.
262 2857 299 2894 A
309 2869 337 2894 U
346 2869 371 2893 D
380 2869 405 2893 A
416 2868 438 2893 c
448 2867 461 2892 1
471 2868 498 2892 A
527 2854 697 2892 stultitiae
717 2853 845 2891 viator.

119 2915 170 2950 IN
181 2925 204 2950 v
215 2924 236 2949 E
247 2924 273 2949 R
284 2924 305 2948 E
316 2924 337 2949 e
349 2924 373 2948 U
383 2923 410 2948 N
421 2923 446 2947 D
457 2921 471 2947 1
480 2922 506 2947 A
530 2908 682 2955 inutilis,
711 2906 775 2945 nisi
791 2908 834 2945 ad
850 2903 1098 2958 Imposturam.

121 2968 154 3005 C
164 2979 189 3005 ο
198 2979 226 3005 Ν
235 2979 257 3004 F
267 2978 281 3004 1
292 2979 317 3003 D
326 2978 348 3003 E
357 2978 385 3003 Ν
396 2978 420 3002 Τ
431 2973 445 3002 Ῑ
454 2977 493 3011 A,
521 2964 717 3001 stultorum
734 2964 958 3014 imperatrix,
985 2960 1223 3013 prudentium
1240 2960 1370 2999 scurra.

119 3022 156 3058 A
167 3033 262 3060 UDA
272 3033 316 3059 CI
326 3034 352 3059 A
381 3021 429 3059 est
443 3020 567 3070 stupor
582 3019 735 3069 quidam
751 3016 883 3064 sensus,
912 3028 999 3054 eum
1015 3016 1154 3054 malitia
1174 3016 1386 3057 voluntatis,

171 3131 278 3172 Yon.
293 3133 319 3170 Ι.
807 3127 843 3166 A
859 3140 879 3164 a
910 3138 928 3165 2
1551 3123 1657 3162 Cere·

1777 240 1871 302 187
