2040 3439
196 250 264 300 4'4

417 237 516 282 DE
571 227 1069 280 AUGMENTIS
1120 227 1729 274 SCIENTIARUM.
1802 227 1940 278 Libl.

336 335 545 388 probarint,
574 333 675 382 quod
692 334 869 383 populare
886 333 1002 378 magis
1018 340 1127 378 atque
1143 330 1223 365 leve
1240 327 1279 364 sit
1292 340 1403 376 quam
1421 327 1524 375 quod
1542 325 1718 374 solidum,
1749 340 1858 377 atque
1871 332 1945 367 alte

339 389 476 426 radices
497 401 619 437 agens.
675 389 843 437 Tempus
864 384 1041 436 siquidem
1064 383 1180 420 limile
1196 382 1245 420 est
1265 383 1392 429 fluvio,
1424 384 1488 429 qui
1505 383 1598 420 levia
1620 384 1879 431 atqueinflata
1900 386 1952 422 ad‘

340 457 409 481 nos
425 445 585 487 devenit,
615 442 730 478 solida
746 452 869 477 autem
886 443 921 476 &c
942 440 1089 491 pondus
1105 438 1277 474 habentia
1294 438 1508 485 ssxlmxergh.
1609 484 1612 487 Ι

393 499 548 535 Amos
575 508 679 533 error
705 508 725 530 a
752 496 903 542 reliquis
927 493 1090 531 diversus
1114 493 1161 529 est
1184 502 1415 541 praematura
1441 501 1551 539 atque
1576 503 1748 543 proterva
1774 494 1950 532 reduc‘iio*

341 554 595 589 dofft'rinarum
616 549 652 586 in
669 561 763 586 artes
786 552 823 586 ὅ(
837 549 1062 589 methodos3
1092 548 1194 596 quod
1220 559 1305 583 cum
1321 545 1375 593 fit,
1404 547 1611 595 plerunque
1633 546 1783 585 scientia
1798 560 1860 586 aut
1885 562 1946 600 pa-

344 620 426 644 rum
455 616 517 642 aut
545 604 639 641 nihil
664 603 823 653 proficit.
881 602 1078 641 Nimirum
1105 613 1144 639 ut
1171 601 1315 651 ephebi,
1356 601 1548 650 postquam
1575 603 1745 639 membra
1769 605 1805 640 ὃ(
1829 605 1944 642 linea-

343 672 468 698 menta
496 658 661 711 corporis
687 658 852 708 ipsorum
873 658 1040 708 per-fcere,
1056 656 1252 694 efformata
1276 655 1371 703 sunt,
1401 657 1459 693 vix
1483 657 1641 707 amplius
1667 656 1860 698 creseunt3
1895 657 1944 697 {ic

342 715 503 761 seientia,
542 714 721 762 quamdiu
744 715 784 750 in
808 713 1043 763 aphorismos
1064 715 1100 749 ὅ(
1121 711 1400 749 observationes
1424 710 1614 760 spargitur,
1644 711 1806 749 erescere
1824 713 1948 773 potest

341 773 377 807 ἃ
394 782 581 819 exurgere,
612 768 671 805 sed
688 768 875 806 methodis
897 768 1007 805 semel
1024 766 1302 818 circumscripta
1318 768 1353 802 ὅ(
1369 764 1554 811 conclusa,
1584 768 1741 815 expoliri
1757 767 1884 804 forlan
1905 770 1943 806 &

344 825 524 871 illustrari,
553 834 615 861 aut
631 824 675 872 ad
692 823 774 860 usus
791 823 974 860 humanos
990 823 1130 860 edolari
1146 820 1274 871 potest,
1292 833 1371 857 non
1388 830 1511 857 autem
1528 832 1644 872 porro
1660 823 1763 858 mole
1779 824 1915 871 augeri.

396 881 432 916 A
444 892 467 916 L
480 892 493 916 1
506 891 555 917 us
572 891 675 916 error
696 878 892 916 succedens
908 876 982 927 ipsi,
1012 889 1125 927 quem
1141 876 1329 928 postremo
1350 876 1575 921 notavimus,
1597 875 1644 912 est
1660 877 1762 923 quod
1778 877 1858 930 post
1873 875 1948 915 fin·

343 936 445 984 gulas
473 934 640 971 scientias
665 935 701 970 ὃς
730 943 824 970 artes
848 933 925 970 suas
949 933 988 970 in
1012 932 1133 969 class'es
1166 931 1386 977 distributas,
1422 941 1512 966 mox
1537 941 1557 966 a
1581 930 1765 979 plerisque
1797 934 1944 971 univcr-

342 990 405 1026 sali
423 1002 547 1026 rerum
568 989 781 1037 cognitioni
798 990 833 1025 ὅ(
848 987 1104 1039 philosophiae
1120 988 1260 1036 primae
1281 986 1542 1025 renunciatum
1571 985 1673 1033 quod
1690 986 1844 1038 quidem
1858 999 1944 1038 pro-

342 1045 455 1081 fectui
476 1045 731 1080 doe'trinarum
748 1039 1046 1080 inimicissimum
1069 1040 1128 1078 est.
1184 1041 1504 1090 Prospectationes
1523 1038 1617 1078 fiunt
1636 1052 1656 1076 e
1677 1040 1848 1089 turribus,
1876 1053 1942 1080 aut

330 1101 437 1136 vloeis
460 1100 651 1148 praealti53
682 1100 718 1135 δε
740 1094 968 1150 impoffibilc
984 1097 1043 1143 est,
1083 1107 1123 1135 ut
1139 1098 1220 1145 quis
1243 1096 1411 1147 exploret
1427 1095 1651 1132 remotiores
1671 1096 1944 1146 interioresque

346 1153 517 1193 scientiae
535 1154 687 1195 alicujus
713 1163 844 1201 partes,
874 1150 899 1189 si
921 1150 985 1189 stet
1002 1152 1106 1203 super
1128 1153 1242 1203 plano
1258 1150 1423 1197 ejusdem
1438 1149 1623 1197 scientiae,
1653 1162 1776 1200 neque
1799 1152 1945 1190 altioris

343 1208 515 1246 scientiae
533 1210 647 1245 veluti
664 1207 850 1256 speculum
868 1206 1103 1244 conscendat.
1514 1251 1517 1253 -

355 1298 357 1300 .
395 1263 555 1300 Arius
571 1275 674 1299 error
698 1262 779 1299 fluit
796 1275 837 1299 cx
862 1263 978 1298 nimia
993 1261 1212 1307 reverentia,
1241 1262 1278 1297 ὅ(
1293 1258 1391 1308 quasi
1414 1260 1636 1297 adoratione
1651 1261 1862 1299 intellectus
1875 1261 1944 1301 hu-

341 1313 455 1364 inani,
488 1318 586 1354 unde
607 1317 780 1354 homines
804 1317 986 1354 abduxere
1002 1316 1037 1353 se
1061 1328 1080 1352 a
1096 1316 1419 1364 contemplatione
1442 1325 1605 1361 naturae,
1635 1326 1746 1363 atque
1769 1316 1814 1353 ab
1837 1329 1943 1367 expe-

341 1374 487 1418 rientia,
516 1371 555 1409 in
575 1373 735 1423 propriis
755 1371 1065 1408 meditationibus
1088 1373 1125 1408 5<
1148 1369 1289 1419 ingenii
1304 1371 1533 1406 commentis
1557 1369 1686 1418 susque
1700 1370 1820 1419 deque
1841 1373 1943 1410 volu-

344 1438 474 1464 tantes.
533 1423 736 1464 Caeterum
761 1427 967 1478 praeclaros
982 1425 1051 1463 hos
1076 1427 1292 1474 opinatores
1307 1427 1343 1462 ὃς
1360 1422 1398 1473 (fi
1414 1426 1464 1461 ita
1478 1425 1584 1474 loqui
1601 1423 1699 1473 licet)
1717 1425 1944 1464 intellectua-

342 1482 447 1529 listas,
479 1483 543 1530 qui
558 1491 684 1518 tamen
708 1493 778 1532 pro
793 1483 955 1518 maxime
970 1481 1190 1518 sublimibus
1213 1482 1250 1517 ὅ(
1265 1480 1401 1516 divinis
1416 1479 1649 1530 philosophis
1664 1481 1790 1518 haberi
1807 1480 1943 1529 solent,

345 1538 442 1574 rcere
469 1538 676 1574 Heraclitus
696 1536 926 1587 perstrinxit3
965 1532 1167 1582 Homines,
1196 1536 1330 1585 inquit,
1360 1541 1549 1586 quaerunt
1575 1534 1790 1572 veritatem
1807 1535 1849 1572 in
1873 1537 1940 1574 mi-

345 1603 449 1629 [νοω
471 1590 657 1642 mis-fitis,
694 1603 767 1628 non
790 1591 830 1627 jn
851 1587 987 1628 mundo
1010 1588 1159 1642 majori.
1216 1589 1411 1638 Respuunt
1436 1591 1540 1626 enim
1563 1587 1662 1640 quasi
1684 1589 1943 1629 abecedarium

343 1639 508 1692 naturae,
530 1648 769 1696 primumque
782 1647 821 1683 in
836 1646 1012 1695 operibus
1023 1646 1158 1683 divinis
1172 1643 1392 1682 tirocinium
1408 1659 1414 1680 :
1434 1644 1538 1693 quod
1551 1642 1576 1680 si
1590 1656 1671 1681 non
1683 1644 1861 1686 facerent,
1876 1659 1944 1699 po·

343 1702 492 1739 tuiss'cnt
522 1701 668 1738 fortass'e
693 1701 875 1750 gradatim
903 1703 938 1737 &
955 1698 1097 1746 sensim,
1133 1698 1213 1750 post
1238 1701 1360 1736 literas
1385 1697 1562 1748 simplices
1585 1701 1621 1736 δε
1646 1699 1821 1752 deinceps
1840 1700 1944 1750 sylla-

344 1757 415 1803 bas,
445 1757 488 1793 ad
504 1766 646 1793 textum
671 1758 707 1793 &
722 1757 902 1794 volumen
923 1754 1042 1805 ipsum
1058 1766 1304 1793 creaturarum
1326 1755 1495 1806 expedite
1510 1754 1713 1803 legendnm
1736 1755 1944 1807 ascendere.

341 1812 397 1848 At
422 1812 477 1848 illi
493 1822 636 1856 contra,
666 1811 741 1860 jugi
766 1813 904 1848 mentis
925 1812 1140 1860 agitatione,
1170 1820 1304 1859 urgent
1325 1812 1360 1846 δε
1377 1820 1557 1857 tanquam
1580 1811 1758 1847 invocant
1773 1809 1860 1848 suos
1882 1823 1944 1860 gc-

341 1868 438 1912 nios,
470 1877 510 1904 ut
525 1865 770 1904 vaticinentur
793 1866 843 1903 eis
860 1865 1045 1915 edantque
1070 1866 1231 1912 oracula,
1261 1865 1394 1913 quibus
1419 1865 1612 1902 merito&
1635 1863 1794 1903 suaviter
1809 1865 1945 1916 decipi—u

342 1931 470 1958 untur.
1895 1957 1898 1960 .

394 1976 552 2013 Amris
568 1988 672 2013 error
692 1975 780 2014 huic
794 1975 986 2027 posteriori
1008 1975 1189 2013 finitimus
1204 1974 1264 2023 est,
1293 1975 1396 2024 quod
1418 1974 1591 2012 homines
1611 1974 1750 2026 saepius
1772 1975 1949 2029 imbuant

342 2033 380 2069 ὅ(
400 2027 567 2068 inficiant
592 2029 854 2068 meditationes
870 2033 905 2069 ὃς
926 2031 1110 2068 ἀοξὶῐίηαε
1126 2031 1202 2068 suas
1222 2029 1466 2081 opinionibus
1481 2029 1702 2078 quibusdam
1727 2032 1764 2067 ὅ(
1786 2042 1945 2085 concep-

341 2086 440 2123 tibus
463 2085 628 2135 propriis,
658 2098 753 2135 quos
776 2082 1013 2137 potissimum
1030 2088 1068 2123 in
1093 2086 1343 2124 admiratione
1360 2086 1519 2126 habent3
1549 2095 1611 2122 aut
1634 2083 1781 2132 artibus,
1808 2084 1949 2137 quibus

337 2140 502 2178 maxime
525 2140 658 2178 addiCti
679 2144 715 2179 δι
735 2140 939 2179 consecrati
966 2140 1049 2178 sunt
1062 2155 1072 2182 3
1103 2152 1244 2179 caetera
1268 2143 1399 2178 omnia
1418 2139 1488 2177 illis
1511 2139 1653 2176 deliciis
1676 2139 1884 2178 inficientes
1907 2145 1946 2180 δε

341 2193 439 2243 quali
451 2194 691 2245 intingentes,
707 2197 794 2233 licet
806 2196 895 2233 fuco
906 2195 1113 2233 admodum
1126 2196 1258 2233 fallaci.
1303 2198 1363 2233 Sic
1377 2196 1457 2233 suae
1469 2194 1727 2247 philosophiae
1738 2195 1947 2236 immiscuit

341 2252 451 2287 Plato
479 2251 726 2300 theologiam,
765 2250 984 2288 Aristoteles
1015 2252 1192 2300 logicam,
1232 2251 1391 2288 secunda
1425 2250 1548 2287 schola
1580 2250 1747 2287 Platonis
1779 2251 1951 2298 (Proclus-

341 2305 480 2342 scilieet
516 2308 551 2343 ὃς
580 2305 724 2354 reliqui)
762 2307 1053 2342 mathematicas.
1107 2305 1189 2342 Istas
1218 2305 1318 2343 enim
1353 2316 1445 2343 artes
1475 2304 1643 2343 solebant
1677 2305 1732 2342 illi
1761 2315 1943 2355 tanquam

342 2360 481 2397 filiolos
509 2360 591 2397 suos
619 2360 892 2410 primogenitos
920 2359 1084 2398 suaviari.
1141 2360 1197 2398 At
1226 2359 1385 2409 chymici
1411 2374 1431 2397 e
1455 2361 1580 2412 paucis
1609 2358 1870 2409 experimentis
1897 2362 1946 2400 ad

342 2414 511 2452 foculum
526 2418 560 2452 δε
571 2416 764 2453 fornacem
777 2428 914 2453 novam
928 2415 1202 2467 philosophiam
1216 2417 1455 2453 excuderunt.
1499 2416 1548 2452 Et
1560 2415 1748 2452 Gilbertus
1757 2417 1950 2467 populari-s

339 2470 463 2506 ‚noster
474 2470 748 2522 philosophiam
761 2472 869 2507 aliam
885 2483 926 2507 ex
937 2482 1112 2519 magnete
1124 2473 1262 2508 elicuit.
1282 2472 1341 2508 Sic
1357 2471 1509 2516 Cicero,
1519 2482 1608 2507 cum
1617 2471 1730 2506 varias
1742 2472 1950 2521 opiniones

342 2523 390 2559 de
414 2536 542 2561 natura
558 2527 703 2563 animae
728 2525 931 2572 recensens,
961 2525 1115 2562 tandem
1131 2527 1170 2562 in
1193 2523 1374 2563 musicum
1390 2524 1583 2569 incidisset,
1611 2525 1676 2572 qui
1692 2527 1858 2562 animam
1873 2527 1947 2566 effe

344 2576 579 2616 harmoniam
595 2579 782 2626 statuebat,
811 2581 929 2618 facete
949 2578 1049 2627 dixit,
1077 2578 1142 2618 hic
1161 2578 1209 2617 ab
1227 2578 1395 2631 arte-fita
1410 2589 1482 2617 non
1497 2575 1652 2627 receffi't.
1713 2581 1783 2617 Sed
1800 2581 1847 2618 de
1867 2581 1946 2620 hoc

343 2644 460 2680 genus
476 2636 662 2671 erroribus
677 2633 837 2688 apposite
851 2637 886 2673 ὅ(
901 2635 1106 2685 prudenter
1117 2637 1167 2673 ait
1183 2634 1414 2681 Aristoteles,
1437 2632 1524 2687 Qu*
1538 2632 1744 2685 rcspiciunt
1755 2633 1812 2673 ad
1811 2643 1945 2688 pauca

344 2684 519 2738 defizcz'lj
529 2692 802 2740 pronunciant.

398 2742 433 2777 A
444 2754 466 2778 L
478 2753 491 2778 1
502 2754 553 2779 trs
567 2756 668 2780 error
685 2746 731 2781 est
745 2743 976 2795 impatientia
989 2744 1184 2782 dubitandi
1198 2747 1233 2782 &
1246 2756 1352 2782 caeca
1360 2742 1545 2781 festinatio
1555 2744 1789 2792 decernendi,
1805 2745 1943 2796 absque

344 2796 468 2833 debita
489 2799 526 2834 ἃ
548 2798 671 2835 adulta
695 2798 925 2849 suspenlione
946 2800 1083 2844 judicii.
1143 2802 1245 2838 Nam
1267 2799 1407 2836 bivium
1431 2800 1764 2849 contemplationis
1787 2813 1871 2838 non
1892 2802 1943 2840 est

342 2847 517 2888 dillimile
543 2853 644 2889 bivio
663 2854 815 2892 actionis
838 2867 857 2892 a
872 2855 1055 2893 veteribus
1079 2855 1217 2906 saepius
1240 2864 1471 2891 memorato:
1502 2855 1605 2896 cuius
1626 2855 1737 2891 altera
1752 2854 1808 2893 via
1832 2854 1947 2896 initio

345 2908 452 2955 plana
476 2909 511 2943 ἃ
535 2906 646 2943 facilis
676 2920 760 2953 erat,
798 2910 871 2947 fine
893 2919 1018 2947 autem
1040 2908 1238 2959 impervia3
1277 2910 1387 2946 altera
1412 2908 1635 2958 ingredienti
1657 2909 1778 2960 aspera
1801 2922 1878 2949 erat
1902 2914 1941 2950 δε

345 2959 575 3009 confragola,
616 2963 677 2998 ubi
707 2966 816 3011 paulo
845 2964 1068 3013 processeris,
1108 2963 1272 3016 expedita
1300 2966 1336 3000 ὃ(
1365 2964 1576 3012 aequabilis
1633 2964 1742 3000 Haud
1771 2964 1871 3004 secus
1898 2969 1940 3004 in

345 3017 740 3065 contemplationibus,
778 3017 801 3054 fi
822 3021 903 3067 quis
928 3031 947 3056 a
971 3021 1078 3056 certis
1099 3020 1276 3065 ordiatur,
1305 3019 1345 3055 in
1364 3019 1475 3055 dubia
1500 3017 1661 3058 delinet3
1700 3017 1751 3056 sin
1777 3033 1797 3057 a
1817 3021 1941 3059 dubiis

346 3071 510 3121 incipiat,
540 3083 653 3120 eaque
674 3071 885 3122 aliquandiu
906 3075 1088 3125 patienter
1109 3076 1254 3121 toleret,
1286 3075 1326 3112 in
1341 3072 1447 3112 certis
1466 3074 1609 3113 exitum
1626 3076 1774 3126 reperit.

1740 3131 1943 3168 Stantis-

1917 3267 1933 3277 .,

1914 3283 1932 3303 „7
