2040 3439
91 204 266 263 Liban.
491 207 821 257 NOVUM
891 208 1376 261 ORGANUMs

95 304 294 345 infirmitas
312 304 469 344 humani
493 303 714 352 intellectus,
743 315 785 343 ut
817 305 963 344 formae
987 309 1234 357 particulares,
1264 322 1358 359 quae
1386 309 1470 349 sunt
1496 320 1700 363 congrega-

93 363 189 410 tivae
215 360 499 412 manipulorum
522 360 762 414 quorundam
782 361 1038 400 instantiarum
1064 362 1300 414 (neutiquam
1322 377 1412 403 vero
1430 367 1624 418 omnium)
1653 370 1696 408 in

90 418 297 454 notionem
324 412 487 462 aliquam
515 426 775 463 communem,
805 428 887 454 non
902 417 1153 467 negligantur,
1181 432 1311 457 verum
1332 421 1548 470 diligentius
1559 433 1695 462 noten-

88 481 161 511 tur.
218 469 409 521 Quicquid
425 470 527 507 enirn
543 471 626 507 unit
641 480 825 518 naturam,
849 472 936 509 licet
955 473 1081 509 modis
1096 474 1338 525 imperfecti&
1367 476 1411 512 ad
1430 475 1692 516 inventionem

87 525 295 563 formarum
315 525 412 562 viam
427 523 564 562 sternit.
620 525 746 576 Itaque
765 523 966 572 instantiae,
995 539 1088 575 quae
1108 528 1151 565 ad
1168 529 1242 566 hoc
1261 530 1368 566 utiles
1390 530 1486 578 sunt,
1502 545 1583 570 non
1603 533 1691 571 sunt

87 579 390 625 contemnendae
416 578 612 628 potestatis,
642 579 702 616 sed
718 580 855 618 habent
871 583 1098 618 nonnullam
1112 586 1418 634 praerogativam.

87 675 91 679 ⁴
139 636 322 674 VERUM
343 632 382 671 in
411 633 466 671 his
494 633 652 684 diligens
685 634 734 672 est
755 635 964 673 adhibenda
991 638 1128 684 cautio,
1169 650 1217 674 ne
1245 638 1452 677 intellestus
1490 641 1688 690 humanus,

84 689 276 740 postquam
299 690 512 738 complures
536 701 577 726 ex
612 687 682 725 istis
712 689 845 726 formis
874 690 1155 740 particularibus
1180 692 1425 740 adinvenerit,
1455 706 1564 744 atque
1601 698 1691 735 inde

83 745 302 794 partitiones
318 741 387 781 {ive
407 742 601 781 divisiones
626 754 777 781 naturae
805 743 1000 793 inquisitae
1028 746 1258 788 confecerit3
1287 749 1328 785 in
1353 750 1426 786 illis
1447 753 1612 788 omnino
1633 764 1689 789 ac-

84 798 258 847 quiescat,
287 808 398 847 atque
414 799 459 836 ad
487 797 746 845 inventionem
770 800 978 848 legitimam
997 800 1142 837 formae
1166 813 1323 851 magnae
1344 802 1379 840 se
1394 816 1474 841 non
1494 805 1659 856 accingat
1674 824 1687 851 3

83 852 146 903 sed
176 853 457 904 praesupponat,
486 863 656 890 naturam
685 855 785 890 velut
812 866 831 890 a
857 854 1039 891 radicibus
1066 855 1134 892 effe
1167 858 1418 905 multiplicem
1453 861 1489 896 ὃ(
1517 860 1686 908 divisam,

81 917 193 958 atque
221 910 442 946 ulteriorem
466 919 618 946 naturae
641 909 837 955 unionem,
866 919 1047 957 tanquam
1069 922 1150 946 rem
1166 910 1406 960 supervacuae
1427 913 1634 957 subtilitatis
1649 920 1687 954 &

81 971 298 1013 vergentem
329 964 373 1000 ad
406 975 553 1000 merum
583 961 812 1010 absit-aetum,
843 961 995 1000 fastidiat
1023 967 1059 1001 δε
1078 964 1229 1008 rejiciat.

124 1014 356 1065 EXE'MPLI
379 1017 517 1068 gratia3
548 1016 589 1055 sit
616 1028 745 1054 natura
780 1016 962 1066 inquisita,
991 1021 1188 1066 memoria,
1218 1019 1289 1059 five
1315 1023 1477 1059 excitans
1513 1026 1549 1061 &
1585 1025 1686 1070 adju-

81 1082 171 1113 vans
191 1075 429 1110 memoriam.
486 1073 678 1110 instantiae
703 1071 958 1109 constitutivae
987 1072 1099 1116 sunt‚·
1131 1075 1240 1122 ordo,
1269 1073 1339 1113 sive
1355 1077 1576 1124 distributio,
1591 1091 1686 1128 quae

81 1126 278 1165 manifesto
299 1129 399 1173 juvat
427 1130 661 1164 memoriam.
719 1129 813 1164 Item
842 1127 915 1164 loci
946 1127 984 1164 in
1008 1131 1195 1166 memoria
1213 1130 1392 1168 artificiali
1409 1146 1417 1172 ς
1435 1134 1499 1180 qui
1519 1143 1580 1170 aut
1601 1135 1682 1183 pos-

77 1180 164 1220 suut
184 1183 253 1220 effe
285 1184 359 1220 loci
390 1182 592 1220 seeundum
611 1184 805 1231 proprium
835 1182 991 1229 lenium,
1020 1184 1134 1220 veluti
1166 1185 1285 1232 janua,
1316 1188 1484 1235 anguliiS,
1513 1187 1681 1236 fenestra,

79 1238 117 1274 &
140 1235 293 1280 fimilia5
323 1248 385 1275 aut
419 1237 565 1287 poll‘unt
594 1237 662 1274 ess'e
685 1237 862 1288 personae
892 1237 1087 1274 familiares
1119 1242 1156 1276 ὃς
1182 1251 1317 1283 notac5
1348 1251 1410 1278 aut
1433 1242 1582 1293 poss'unt
1611 1244 1681 1282 ess'e

76 1288 227 1339 quidvis
246 1293 291 1329 ad
317 1294 528 1342 placitum3
560 1292 694 1339 <modo
730 1290 767 1328 in
810 1292 944 1329 ordine
979 1303 1082 1330 certo
1110 1293 1317 1343 ponantur)
1353 1297 1468 1333 veluti
1495 1296 1681 1346 animalia,

78 1342 241 1388 herbae3
270 1349 382 1385 ctiam
416 1348 535 1394 verba,
568 1349 705 1392 literae,
738 1346 970 1392 characteres,
1000 1348 1178 1396 personae
1207 1349 1409 1397 historicae,
1441 1353 1477 1388 &
1505 1362 1649 1390 caetera
1664 1371 1680 1396 5

76 1401 165 1438 licet
192 1403 377 1439 nonnulla
398 1416 439 1439 ex
469 1402 524 1438 his
544 1401 660 1451 magis
688 1411 769 1450 apta
793 1399 860 1438 sint
884 1404 920 1438 ὃ(
948 1403 1164 1449 commoda,
1186 1405 1256 1440 alia
1278 1403 1425 1441 minus:
1455 1406 1682 1451 Hujusmodi

76 1465 203 1494 autem
232 1456 307 1494 loci
338 1459 562 1494 memoriam
586 1454 773 1504 insigniter
789 1456 928 1502 juvant,
958 1468 1114 1505 eamque
1129 1459 1243 1508 longe
1259 1457 1363 1510 supra
1382 1461 1476 1496 vires
1492 1464 1684 1499 naturales

79 1512 254 1561 exaltant.
300 1513 407 1562 *Item
449 1514 613 1548 carmina
642 1512 784 1547 facilius
816 1511 968 1548 haerent
997 1514 1033 1549 ὃ(
1059 1512 1249 1550 discuntur
1291 1517 1523 1560 memoriter,
1566 1528 1681 1564 quam

74 1565 196 1615 prola.
251 1566 380 1617 Atque
396 1579 437 1603 ex
455 1566 522 1603 isso
537 1564 730 1615 manipulo
751 1567 868 1602 trium
889 1566 1154 1614 instantiarum,
1188 1568 1361 1606 videlicet
1389 1570 1543 1616 ordinis,
1572 1573 1680 1609 loeo-

75 1631 161 1669 rum
185 1621 384 1670 artificialis
408 1623 625 1667 memoriae,
661 1623 696 1657 ὃς
712 1620 896 1661 versuum,
912 1621 1149 1659 constituitur
1164 1621 1299 1672 species
1319 1636 1391 1661 una
1406 1624 1529 1661 auxilii
1545 1626 1589 1662 ad
1603 1639 1682 1663 me-

75 1670 251 1713 moriam.
308 1677 451 1726 Species
481 1686 606 1713 autem
635 1676 710 1721 illa,
739 1671 907 1711 absciffio
930 1675 1068 1713 infiniti
1090 1677 1187 1714 reste
1201 1676 1322 1714 vocari
1344 1675 1466 1729 pofflit.
1526 1680 1628 1716 Cum
1645 1694 1680 1718 e-

76 1731 159 1766 nim
180 1724 259 1781 quis
279 1730 417 1779 aliquid
433 1730 620 1768 reminisci
636 1740 697 1767 aut
713 1741 886 1766 revocare
905 1728 944 1767 in
964 1733 1190 1768 memoriam
1207 1733 1360 1777 nititur-3
1378 1732 1401 1769 fi
1422 1734 1565 1770 nnllam
1580 1748 1681 1784 prae-

75 1786 279 1823 notionem
295 1785 425 1823 habeat
440 1796 502 1823 aut
522 1784 801 1836 perceptionem
818 1786 895 1830 ejus
915 1786 1020 1833 quod
1038 1788 1193 1835 quaerit,
1224 1790 1366 1835 quaerit
1387 1800 1487 1825 certe
1508 1793 1543 1826 δε
1572 1790 1678 1827 moli-

74 1849 149 1886 tur,
179 1841 215 1885 ὅ(
239 1839 310 1877 hac
336 1841 420 1877 illae
445 1839 628 1885 discurrit,
657 1849 835 1887 tanquam
865 1841 905 1876 in
931 1839 1094 1878 infinito.
1150 1842 1268 1893 Quod
1300 1840 1325 1878 si
1349 1854 1487 1879 certam
1517 1845 1680 1892 aliquam

74 1895 366 1945 praenotionem
386 1894 542 1935 habeam
572 1895 691 1931 statim
721 1892 946 1931 abscinditur
961 1894 1175 1938 infinitum3
1206 1898 1243 1933 <Se
1260 1896 1302 1933 fit
1331 1895 1510 1934 diseurliis
1535 1911 1680 1936 memo-

75 1951 148 1986 riae
168 1951 286 1999 magis
309 1947 348 1986 in
375 1948 512 1986 vicino.
567 1950 610 1986 In
647 1949 765 1986 tribus
793 1958 917 1985 autem
945 1947 1017 1986 illis
1046 1949 1223 1989 instantiis
1252 1963 1346 2002 quae
1373 1951 1533 2001 superius
1562 1954 1681 1991 diciae

74 2002 172 2050 sunt,
201 2005 398 2055 praenotio
426 2003 613 2053 perspicua
637 2003 685 2040 est
704 2005 739 2039 δε
755 2013 863 2040 certa.
920 2005 961 2040 In
982 2003 1101 2055 prima
1121 2004 1290 2042 videlicet
1310 2006 1419 2043 debet
1444 2007 1512 2044 ell'e
1540 2007 1681 2056 aliquid

75 2059 179 2107 quod
202 2070 386 2109 congruat
407 2071 493 2096 cum
517 2058 673 2095 ordine:
703 2059 745 2094 In
772 2057 928 2095 secunda
947 2059 1057 2096 debet
1086 2059 1155 2097 ess'e
1175 2061 1314 2108 imago,
1345 2073 1438 2109 quae
1454 2063 1679 2099 relationem

73 2113 239 2162 aliquam
258 2113 403 2160 habeat,
432 2111 503 2151 five
530 2113 832 2150 coiizciiitntiam
849 2114 892 2149 ad
915 2114 976 2150 illa
1005 2114 1086 2151 loca
1114 2124 1236 2151 certa:
1266 2116 1308 2151 In
1328 2117 1590 2153 tertiadebent
1609 2118 1679 2154 esic

75 2169 203 2213 verba,
233 2180 326 2217 quae
354 2168 486 2205 cadant
520 2167 558 2205 in
588 2168 743 2206 versum.
809 2168 938 2217 Atque
968 2170 1018 2205 ita
1051 2168 1276 2206 abscinditur
1305 2170 1509 2207 infinitum.
1565 2171 1676 2208 Aliae

71 2234 197 2260 autem
222 2221 410 2260 instantIae
438 2223 579 2261 dabunt
609 2223 701 2260 hanc
730 2223 882 2259 alteram
906 2222 1088 2272 speeiem3
1118 2234 1157 2260 ut
1182 2223 1358 2274 quicquid
1383 2225 1541 2262 deducat
1566 2225 1673 2264 inrel-

73 2277 228 2314 lcstuale
256 2277 301 2314 ad
327 2277 538 2315 feriendum
573 2276 718 2314 sensum
754 2275 864 2325 (quae
893 2279 987 2314 ratio
1016 2281 1128 2315 etiam
1157 2282 1351 2329 praecipue
1375 2281 1473 2328 viget
1496 2282 1534 2316 in
1564 2281 1673 2319 artifi-

71 2330 154 2369 ciali
173 2333 371 2379 memoria)
403 2333 503 2378 juvet
525 2331 759 2369 memoriam.
816 2331 924 2370 Aliae
945 2332 1133 2370 instantiae
1153 2333 1294 2370 dabunt
1318 2333 1412 2370 hanc
1429 2335 1580 2371 alteram
1597 2335 1672 2387 spe-

71 2385 166 2424 ciem
183 2402 194 2430 ;
214 2396 255 2424 ut
278 2399 372 2436 quae
395 2387 537 2424 faciunt
561 2383 842 2438 impressioncm
860 2389 898 2423 in
922 2387 1054 2425 affeeiu
1075 2388 1177 2433 forti,
1206 2389 1429 2425 incutientes
1446 2389 1581 2427 scilicet
1596 2403 1672 2428 me-

70 2450 166 2489 tum,
194 2442 498 2489 admirationem,
540 2442 735 2494 pudorem,
778 2443 1078 2488 delectationem,
1108 2443 1235 2487 juvent
1268 2444 1505 2481 memoriam.
1560 2444 1672 2482 Aliae

70 2493 258 2537 instantiae
285 2497 428 2534 dabunt
458 2496 552 2533 hanc
581 2498 734 2533 alteram
757 2497 927 2546 speciem,
956 2509 998 2534 ut
1023 2510 1115 2545 quae
1153 2499 1314 2534 maxime
1354 2496 1623 2546 imprimuntur
1650 2513 1671 2537 a

72 2561 200 2588 mente
222 2563 326 2603 pura,
356 2553 392 2588 ὅ(
413 2550 534 2588 minus
554 2563 818 2600 praeoccupata
834 2562 918 2588 ante
948 2553 1003 2589 vel
1033 2552 1137 2602 post;
1166 2553 1280 2589 veluti
1304 2564 1396 2600 quae
1416 2552 1604 2591 discuntur
1632 2553 1672 2592 in

74 2607 240 2656 pueritia,
270 2616 333 2644 aut
353 2617 447 2654 quae
468 2616 773 2643 commentamur
799 2617 884 2643 ante
908 2606 1100 2653 somnum,
1128 2608 1238 2644 etiam
1270 2606 1408 2658 primae
1429 2620 1597 2657 quaeque
1618 2622 1673 2647 rc-

72 2672 154 2698 rum
176 2662 302 2701 vices;
330 2662 447 2710 magis
467 2660 642 2698 haereant
673 2660 712 2697 in
740 2664 935 2698 memoria.
990 2661 1099 2698 Aliae
1131 2662 1320 2699 instantiae
1345 2662 1486 2700 dabunt
1505 2663 1600 2701 hanc
1624 2665 1673 2701 al-

70 2724 187 2752 teram
215 2715 455 2767 speciemQut
477 2715 680 2753 multitudo
698 2717 1067 2761 circumstantiarum,
1097 2715 1165 2753 sire
1186 2715 1368 2762 ansarum,
1396 2718 1495 2762 juvet
1524 2731 1669 2755 memo-

72 2770 191 2811 riam3
219 2772 334 2808 veluti
365 2770 514 2819 scriptio
530 2783 594 2821 per
618 2780 735 2822 partes
751 2783 830 2807 non
853 2773 1086 2808 continuatas
1102 2789 1115 2814 ‚-
1145 2772 1269 2816 lenio,
1300 2770 1368 2809 sive
1390 2774 1558 2810 recitatio
1579 2785 1672 2811 voce

73 2825 156 2862 alta.
210 2825 298 2862 Alia
326 2825 488 2871 denique
515 2824 703 2862 instantiae
736 2826 876 2863 dabunt
915 2826 1009 2863 lianc
1038 2828 1191 2863 alteram
1217 2825 1384 2876 speciem,
1414 2837 1455 2864 ut
1489 2841 1582 2876 quae
1614 2840 1671 2865 ex-

73 2879 263 2929 pectantur
293 2882 328 2917 &
352 2882 603 2916 attentionem
630 2881 802 2926 excitant,
832 2882 964 2918 melius
988 2881 1175 2930 haereant,
1203 2893 1316 2929 quam
1345 2894 1438 2930 quae
1464 2894 1671 2932 praetervo-

73 2932 162 2970 lant.
218 2936 344 2984 Itaque
368 2932 392 2970 si
415 2934 586 2984 seriptum
608 2934 758 2983 aliquod
778 2936 889 2972 vicies
910 2935 1119 2985 perlegeris,
1150 2948 1228 2973 non
1248 2947 1325 2973 tam
1355 2937 1461 2974 facile
1477 2937 1567 2974 illud
1598 2949 1673 2973 me-

74 2989 229 3025 moriter
243 2988 369 3036 disces,
400 2987 552 3038 quamsi
581 2990 673 3027 illud
689 2990 787 3039 legas
811 2991 944 3036 decim,
973 2991 1156 3028 tentando
1172 2991 1322 3028 iuterim
1340 2993 1430 3029 illud
1447 2995 1610 3037 recitare,
1635 2994 1672 3028 δε

73 3041 136 3082 ubi
162 3043 284 3095 deficit
308 3043 506 3093 memoria,
535 3043 767 3097 inspiciendo
796 3045 949 3083 librum.
1004 3047 1057 3083 Ita
1081 3056 1121 3084 ut
1138 3044 1205 3084 fint
1226 3048 1342 3085 veluti
1364 3047 1420 3084 sex
1442 3047 1586 3084 formae
1603 3048 1670 3082 mi-

1098 3114 1102 3117 *
1560 3112 1669 3137 nores

1781 231 1874 283 341
