2040 3439
175 229 237 292 78
407 223 508 272 DE
541 219 719 271 aaut}
739 215 1012 268 MEN‘ri
1031 219 1058 264 s
1083 214 1086 217 ·
1110 219 1138 265 s
1157 213 1566 265 ‘CIENT'IAR
1586 203 1628 264 'ti
1651 203 1714 263 M.
1738 206 1923 277 [init.

306 320 380 363 {uta
394 318 566 360 flustuoty
588 327 630 355 ut
650 325 733 353 arca
752 315 794 353 in
812 313 980 351 diluvio:
1010 309 1081 349 five
1096 312 1310 353 itinctetur‚
1338 321 1380 349 ut
1400 323 1483 348 arca
1499 313 1538 348 in
1561 323 1693 349 cremo
1710 327 1717 349 :
1748 313 1817 352 five
1837 318 1927 353 eonss

315 369 603 422 sistanuut-arca
621 369 852 420 intemplo:
880 367 956 406 hoc
974 365 1025 404 est
1038 365 1362 404 statum'ecclefiae
1382 368 1421 404 in
1442 366 1714 418 persecutione,
1746 368 1782 405 in
1804 381 1927 418 motu,

309 433 357 472 ,ἃς
385 429 424 467 in
452 439 552 477 pace.
609 423 746 468 ¹ln‘hac
774 430 891 472 parte,
919 421 1110 460 defectum
1133 422 1299 470 aliquem
1322 434 1405 458 non
1425 423 1595 468 invenio,
1625 422 1715 471 quin
1737 423 1929 473 supersunt

320 488 361 522 in
390 485 454 521 illa
482 481 679 530 complura
706 479 973 527 potiusquam
995 475 1151 514 desunt:
1177 477 1277 514 Illud
1303 476 1391 513 sane
1416 485 1602 528 optarem,
1633 488 1674 514 ut
1697 479 1829 518 massac
1851 489 1930 518 tam

320 537 543 590 praegrandi
563 537 680 574 virtus
695 545 850 583 quoque
863 535 901 570 ὅ(
919 530 1107 569 sinceritas
1125 533 1392 569 narrationum
1408 531 1688 583 responderent.
1909 542 1917 545 *

379 595 610 631 SECUNDA
630 601 724 640 pars,
751 599 847 637 quae
866 585 1079 625 esthistoria
1097 586 1144 624 ad
1167 587 1392 636 prophetias,
1422 598 1466 623 ex
1491 587 1639 624 duobus
1651 588 1814 626 relativis
1837 601 1927 628 con—

322 648 400 695 stat,
428 646 625 697 prophetia
644 643 719 694 ipsa
742 645 779 681 ὅ(
804 644 881 688 ejus
903 642 1191 691 adimpletione.
1245 643 1485 694 Quapropter
1504 643 1579 679 tale
1602 642 1672 679 effe
1691 644 1809 682 debet
1823 645 1931 691 hujus

321 704 447 753 operis
475 699 697 747 institutum,
725 708 768 736 ut
801 709 890 736 cum
918 695 1070 746 lingulis
1097 709 1141 734 ex
1168 695 1357 746 scripturis
1385 696 1591 748 prophetiis
1612 709 1817 736 eventuum
1840 703 1931 738 veri-

321 769 378 796 tas
403 757 678 806 conjungatur3
707 755 821 802 idque
843 765 910 806 per
933 763 1068 788 omnes
1089 751 1224 789 mundi
1247 762 1394 797 aetates,
1423 762 1508 789 tum
1529 752 1574 789 ad
1600 753 1933 793 confirmationem

322 811 420 859 fidei,
450 823 531 849 tum
552 811 598 848 ad
613 809 880 847 instituendam
898 807 1137 857 disciplinam
1163 807 1354 856 quandam
1374 809 1411 844 ὅ(
1429 809 1603 857 peritiam
1622 809 1661 844 in
1683 810 1933 859 interpretati-

323 880 401 910 one
432 866 727 918 prophetiarum,
756 876 852 913 quae
879 863 1000 900 adhuc
1025 860 1159 900 restant
1186 863 1446 911 complendae.
1503 862 1688 900 Attamen
1713 865 1753 900 in
1783 866 1852 902 hac
1868 874 1934 914 re,

324 922 559 961 admittenda
574 921 623 958 est
642 921 707 958 illa
729 919 904 965 latitudo,
933 930 1027 967 quae
1050 918 1188 955 divinis
1211 916 1396 955 vaticiniis
1409 918 1563 969 propria
1583 916 1634 954 est
1655 920 1692 955 ὃ(
1716 919 1934 963 familiaris;

323 989 366 1016 ut
380 976 668 1027 adimpletiones
688 986 822 1012 eorum
841 973 932 1011 fiant
957 975 995 1011 ὅ(
1014 975 1259 1011 continenter
1273 974 1311 1010 ὅ(
1325 973 1600 1023 punstualiter:
1628 973 1817 1012 Referunt
1827 978 1936 1014 enim

323 1033 494 1071 authoris
522 1031 576 1069 sui
600 1041 801 1071 naturam3
830 1028 904 1067 Cui
927 1039 1027 1066 unus
1053 1025 1133 1065 dies
1161 1035 1348 1080 tanquam
1377 1025 1483 1064 mille
1500 1028 1607 1074 anni,
1637 1024 1685 1070 όν
1708 1028 1814 1067 mille
1840 1032 1935 1069 anni

322 1094 513 1141 tanquam
531 1097 629 1124 nnus
648 1083 758 1123 dies:
787 1086 921 1132 Atque
947 1085 1036 1121 licet
1065 1084 1265 1132 plenitudo
1293 1085 1331 1121 &
1355 1081 1541 1132 fastigium
1564 1085 1839 1133 complementi
1867 1097 1935 1124 ⁴eo—

323 1156 426 1190 rum,
462 1143 671 1192 plerunque
695 1139 803 1177 alicui
830 1149 953 1176 certae
978 1139 1090 1176 aetati
1117 1139 1178 1176 vel
1207 1139 1322 1176 etiam
1347 1148 1453 1175 certo
1474 1149 1680 1176 momento
1707 1140 1935 1183 destinetur;

321 1208 492 1236 attamen
506 1197 645 1234 habent
665 1196 821 1232 interim
842 1194 977 1243 gradus
1001 1195 1212 1231 nonnullos
1236 1195 1273 1230 ὅ(
1288 1192 1399 1229 scalas
1418 1193 1702 1242 complementi,
1731 1207 1798 1245 per
1817 1196 1935 1235 diver-

324 1253 379 1290 sas
402 1252 538 1290 mundi
567 1259 711 1288 aetates.
769 1250 854 1286 Hoc
877 1260 972 1299 opus
994 1245 1190 1285 desiderari
1214 1247 1346 1294 statu0‚
1384 1260 1517 1285 verum
1545 1249 1619 1286 tale
1641 1248 1701 1296 est,
1730 1261 1772 1288 ut
1796 1261 1934 1302 magna

321 1319 416 1346 cum
441 1307 632 1358 sapientia,
667 1304 868 1342 sobrietate
891 1305 928 1341 ὅ(
956 1304 1164 1342 reverentia
1185 1303 1422 1341 tractandum
1449 1300 1504 1350 fit,
1530 1314 1604 1340 -aut
1625 1307 1793 1343 omnino
1810 1305 1937 1344 ⁴dimit-

321 1362 498 1400 tendum.
805 1379 808 1383 Δ
1142 1394 1144 1396 ,
1841 1371 1858 1394 ’.
1917 1387 1919 1389 .

378 1420 577 1455 TERT1A
600 1428 695 1468 pars,
723 1427 817 1464 quae
838 1414 988 1452 historia
1010 1414 1206 1452 nemeseos
1226 1415 1286 1460 est,
1317 1414 1454 1451 sanein
1477 1415 1640 1451 calamos
1654 1417 1939 1455 nonnullorum

322 1474 479 1523 piorum
495 1473 665 1510 virorum
686 1470 832 1517 incidit,
867 1469 927 1506 sed
947 1482 1028 1506 non
1044 1468 1119 1507 sine
1134 1471 1299 1521 partium
1311 1469 1432 1507 studio
1449 1483 1456 1505 2
1487 1481 1666 1518 occupata
1689 1471 1737 1507 est
1752 1481 1877 1509 autem
1895 1475 1935 1510 in

323 1527 554 1565 observanda
569 1526 696 1563 divina
711 1524 772 1562 illa
787 1526 1065 1572 convenientia,
1094 1537 1189 1573 quae
1216 1536 1497 1572 nonnunquam
1522 1525 1720 1562 intercedit
1738 1527 1835 1564 inter
1862 1529 1935 1564 Dei

326 1584 565 1621 voluntatem
582 1582 783 1618 revelatam
800 1582 837 1617 ὅ(
857 1579 1047 1617 secretam.
1103 1581 1286 1632 Quamvis
1309 1581 1413 1616 enim
1443 1590 1521 1616 tam
1551 1579 1707 1617 obscura
1728 1579 1796 1618 fint
1821 1582 1937 1619 consi-

326 1639 377 1675 lia
391 1640 429 1675 ὅ(
448 1637 584 1683 iudicia
598 1637 685 1682 Dei,
714 1645 755 1672 ut
770 1634 921 1672 homini
937 1636 1092 1673 animali
1107 1633 1177 1672 sint
1191 1636 1337 1685 penitus
1353 1634 1615 1681 inscrutabilia,
1644 1637 1853 1684 quinetiam
1869 1637 1939 1676 sae-

324 1694 409 1745 pius
436 1703 572 1730 eorum
594 1689 726 1737 oculis,
755 1691 820 1738 qui
851 1689 1087 1742 prospiciunt
1116 1702 1136 1727 e
1165 1691 1421 1736 tabernaculo,
1460 1689 1496 1727 se
1525 1689 1756 1732 subducant3
1786 1693 1939 1730 divinae

325 1758 454 1785 tamen
475 1745 671 1797 sapientiae
689 1745 824 1791 visum,
852 1745 1057 1794 aliquando
1081 1757 1146 1795 per
1168 1747 1278 1792 vices,
1306 1746 1351 1781 ad
1374 1745 1529 1782 suorum
1551 1745 1886 1784 confirmationem
1902 1750 1941 1785 ὅ(

318 1800 589 1840 confusionem
610 1813 758 1846 eorum,
788 1801 853 1848 qui
876 1810 1056 1849 tanquam
1082 1798 1157 1837 fine
1172 1802 1260 1837 Deo
1284 1800 1368 1838 sunt
1390 1802 1429 1837 in
1451 1800 1611 1848 mundo,
1640 1813 1682 1838 ea
1705 1800 1804 1849 quasi
1824 1804 1939 1849 majo-

324 1858 429 1895 ribus
458 1856 725 1894 charaCteribus
747 1854 939 1906 descripta,
968 1853 1016 1892 fic
1044 1867 1262 1907 proponere
1290 1855 1566 1904 conspicienda,
1595 1857 1652 1893 uti
1683 1854 1787 1904 (ficut
1821 1859 1943 1910 loqui-

326 1922 389 1950 tur
412 1912 611 1964 propheta)
643 1908 802 1963 Qcivis
817 1910 937 1947 etiam
960 1910 1001 1947 in
1025 1909 1136 1962 curfic
1160 1921 1205 1948 ea
1223 1908 1423 1963 perlegere
1437 1907 1552 1962 poſjlt
1568 1928 1582 1954 ς
1611 1911 1687 1948 hoc
1715 1911 1776 1960 est,
1805 1922 1845 1950 ut
1874 1914 1941 1952 h'o·

326 1969 451 2005 mines
479 1979 584 2004 merc
607 1964 786 2003 sensuales
815 1967 852 2003 ὅ(
871 1967 1087 2018 voluptarii,
1115 1967 1182 2014 qui
1204 1967 1340 2011 judicia
1360 1967 1423 2002 illa
1447 1966 1574 2003 divina
1596 1967 1825 2018 praetervehi
1847 1963 1942 2006 festi-

327 2033 434 2069 nant,
462 2033 586 2071 neque
605 2022 857 2070 cogitationes
871 2020 949 2057 suas
970 2023 1010 2058 in
1025 2033 1067 2058 ea
1082 2033 1251 2069 unquam
1271 2021 1456 2070 defigunt,
1486 2031 1628 2067 tamen,
1657 2024 1826 2070 quamvis
1854 2036 1941 2075 pro-

327 2088 416 2127 pere
436 2087 588 2115 currant
611 2078 649 2114 ὅ(
671 2076 772 2113 aliud
794 2085 918 2125 agant,
947 2074 1020 2125 ipsa
1043 2075 1243 2126 agnoscere
1265 2086 1461 2126 cogantur.
1519 2077 1626 2113 Talia
1654 2076 1740 2115 sunt
1754 2079 1942 2116 vindistae

327 2132 429 2170 serae
448 2134 485 2170 ὅ(
506 2133 711 2181 inopinae3
740 2129 872 2168 salutes
908 2130 1032 2168 subito
1069 2130 1292 2181 affulgentes
1319 2134 1356 2169 ὅ(
1381 2131 1609 2181 insperataes
1637 2130 1791 2170 consilia
1817 2133 1944 2171 diirina

328 2199 396 2239 pet
415 2187 592 2237 ambages
611 2197 739 2223 rerum
753 2185 942 2224 tortuosas
963 2188 1000 2223 ὅ(
1018 2185 1213 2236 stupendas
1236 2186 1359 2238 spiras,
1388 2187 1541 2223 tandem
1566 2187 1602 2223 se
1622 2187 1819 2226 manifesto
1837 2181 1943 2239 cxpe-

326 2242 485 2289 dientia,
501 2244 538 2280 ὅ(
553 2240 685 2279 similia
702 2255 710 2277 :
741 2242 848 2292 Quae
861 2242 1000 2288 valent,
1022 2253 1103 2278 non
1120 2241 1242 2279 solum
1258 2242 1303 2278 ad
1324 2240 1577 2278 consolandos
1597 2244 1746 2280 animos
1760 2243 1942 2292 fidelium,

330 2296 392 2336 sed
407 2297 453 2335 ad
469 2296 726 2348 percellendas
741 2298 778 2334 ἃ
793 2297 1071 2335 convincendas
1085 2295 1330 2334 conscientias
1350 2298 1627 2346 improborum.

947 2462 989 2506 C
1025 2466 1071 2509 A
1108 2463 1156 2509 P.
1228 2462 1328 2509 XII.

330 2554 404 2596 De
431 2557 702 2610 appendicibus
729 2557 922 2611 historiae,
958 2571 1054 2612 quae
1088 2559 1193 2598 circa
1228 2557 1349 2598 verba
1379 2557 1576 2598 hominum.
1609 2559 1943 2612 (quemadmodum

381 2608 540 2664 historia
574 2615 655 2677 ipsa
693 2615 805 2654 circa
830 2613 963 2667 fac‘la)
994 2613 1232 2665 versantur:
1274 2614 1458 2654 ‘Partitio
1496 2627 1626 2652 earum
1662 2615 1704 2652 in
1736 2618 1942 2665 orationes,

382 2664 558 2720 epistolas
585 2681 632 2712 ον
658 2668 1002 2724 apophthegmata.

459 2809 494 2846 T
524 2821 605 2846 non
633 2808 820 2848 fanorum
839 2809 1085 2848 solummodo
1105 2810 1262 2847 humani
1286 2811 1447 2860 generis,
1477 2823 1608 2848 verum
1625 2813 1737 2848 ctiam
1755 2812 1942 2852 diciorum

488 2863 674 2900 memoria
697 2863 827 2903 servari
847 2867 970 2903 debet.
1027 2867 1165 2914 Neque
1185 2876 1313 2902 tamen
1334 2866 1505 2907 dubium,
1535 2868 1627 2914 quin
1643 2867 1737 2902 dista
1754 2869 1816 2905 illa
1831 2882 1943 2919 quan-

333 2918 461 2968 doque
485 2916 654 2955 historiae
681 2917 745 2968 ipsi
771 2919 992 2961 inserantur,
1021 2931 1204 2970 quatenus
1223 2920 1268 2957 ad
1293 2932 1348 2957 res
1372 2919 1484 2970 gestas
1509 2921 1698 2971 perspicue
1723 2924 1758 2959 ἅ
1782 2925 1942 2972 graviter

332 2973 532 3011 'narrandas
552 2973 689 3010 faciant
711 2975 746 3010 ὃ(
768 2974 983 3012 deserviant.
1043 2977 1113 3013 Sed
1131 2976 1226 3012 dista
1249 2973 1319 3013 five
1339 2977 1449 3012 verba
1473 2977 1634 3013 humana
1657 2980 1807 3027 proprie
1829 2979 1943 3017 custo-

331 3029 443 3066 diunt
472 3028 558 3065 libri
582 3029 816 3076 orationum,
846 3029 1084 3080 epistolatum
1107 3034 1144 3068 δε
1169 3030 1542 3082 apophthegmatuni.
1600 3031 1729 3081 Atque
1754 3033 1944 3071 orationes

331 3083 418 3122 sanc
441 3081 610 3122 virorum
634 3083 892 3135 prudentium,
921 3085 967 3123 de
991 3085 1154 3134 negotiis
1179 3087 1213 3122 ὃ(
1239 3084 1348 3123 causis
1373 3087 1543 3134 gravibus
1572 3089 1607 3123 δε
1637 3085 1757 3124 arduis
1787 3083 1943 3135 habitae,

1862 3155 1943 3181 [lll'ss
