2040 3439
815 91 1343 143 INDEX.

273 199 358 237 alios
371 199 528 241 intuetur,
549 207 631 243 227.
682 196 791 231 Error
804 206 922 230 eorum
935 192 1058 235 facilis,

274 262 312 287 ut
339 261 381 286 ex
409 248 552 298 proprio
582 246 720 293 ingenio
747 244 833 279 alios
860 244 1055 284 metiantur,

887 293 971 340 Pag.
987 302 1056 336 232

226 349 427 386 Prudentiae
444 346 554 383 civilis
569 356 647 393 pars
664 343 826 385 maxima,
850 354 863 376 1
876 353 930 389 19.
968 341 1059 377 Pru-

277 399 390 434 dentia
420 395 578 433 traditiva
612 394 683 429 five
730 391 923 434 methodus,
979 389 1059 435 165.

280 448 457 484 Prudentia
476 442 674 491 serpentina,
991 449 1062 483 204

229 498 432 535 Prudentiae
448 495 535 529 duae
552 492 689 540 species,
714 503 792 527 vera
810 489 847 526 &
865 489 959 531 falsa,
974 501 1063 536 quae

276 547 379 582 etiam
396 545 558 592 degener,
987 537 1059 593 226

231 595 446 636 Prudentiae,
467 603 705 633 nummorum,
722 589 816 632 fidei,
833 589 976 625 rationes
997 599 1061 622 mi-

280 655 392 686 noreS,
417 655 522 690 quarn
541 641 616 689 quis
632 650 776 688 putaret,
882 687 889 694 ⁶
964 686 970 693 Ι
992 648 1011 672 2
1019 647 1060 682 32

232 693 417 738 Prudentia
431 692 620 739 inquinata,
634 700 715 731 240.
744 687 972 735 Impertiendi
986 698 1064 721 con-

279 743 342 779 filii
359 741 434 778 aliis
452 741 488 776 δε
506 741 603 776 rebus
630 739 691 775 suis
708 736 950 786 prospiciendi,
980 738 1063 771 228.

278 791 463 828 Prudentia
491 788 618 839 privati
650 789 812 824 sermonis
842 787 1063 827 defideratur,

996 845 1059 882 171

231 889 358 940 Psalmi
390 889 533 925 invitant
559 888 604 924 ad
628 885 955 934 contemplationem
983 897 1066 933 ope·

279 954 356 978 rum
379 941 459 979 Dei,
1016 945 1064 981 49

233 984 374 1035 Pstttaci
391 990 492 1034 Χκῖρε,
996 995 1066 1027 149

233 1041 446 1081 Ptolemaeus,
473 1034 640 1085 principia
656 1032 727 1082 ejus
743 1031 981 1086 astronomica,
998 1042 1064 1080 107

235 1092 341 1127 Pueri
357 1086 520 1138 placentis
538 1084 722 1127 alliciendi,
748 1083 814 1118 viri
843 1081 995 1130 perjuriis
1024 1094 1066 1117 ex

285 1149 397 1175 mente
413 1134 595 1183 Lysandri,
756 1181 763 1187 ⁶
876 1180 884 1186 ·
994 1142 1065 1175 240

234 1189 382 1225 Pueriles
399 1186 476 1222 anni
496 1182 671 1232 quomodo
690 1180 900 1224 inst1tuend1‚
982 1192 1039 1233 ,19
1045 1192 1064 1227 3

234 1236 354 1286 Pugna
379 1237 422 1272 ad
442 1234 587 1270 Aetium
610 1232 701 1267 orbis
731 1230 913 1278 imperium
940 1229 1069 1277 dijudi-

281 1287 389 1329 cavit,-
416 1295 499 1332 247,
550 1281 611 1317 Ad
629 1280 751 1316 insulas
770 1280 965 1318 Cursolares
981 1279 1066 1326 quid

285 1336 462 1385 praestitit,
983 1329 1066 1365 ibid.

238 1382 467 1427 Pulchritudo,
1000 1391 1013 1414 1
1022 1382 1068 1415 80

238 1436 356 1472 Pulmo
366 1435 527 1474 marinus,
551 1431 631 1479 136.
683 1429 734 1467 Ita
751 1428 919 1465 vocitatus
932 1428 976 1464 ab
989 1428 1068 1474 His-

282 1487 394 1532 panis,
998 1489 1041 1524 32
1052 1491 1064 1513 1

237 1536 397 1571 Pulveris
415 1531 506 1580 pyrii
525 1530 726 1578 inquisitio,
998 1538 1066 1574 357

237 1584 383 1621 Putredo
395 1581 608 1631 pestilentior
618 1579 666 1615 est
676 1590 768 1622 ante,
793 1590 897 1627 quam
909 1577 984 1626 post
998 1590 1068 1612 ma-

290 1634 476 1673 turitatem,
1021 1637 1067 1674 47

240 1682 447 1729 Putrefabtio
472 1680 505 1714 in
535 1678 565 1713 se
594 1678 697 1714 habet
725 1676 917 1713 rudimenta
935 1676 1068 1717 caloris,

259 1765 262 1768 ,
291 1731 373 1779 326.
425 1729 485 1765 Est
504 1727 676 1776 generatio
708 1726 837 1762 formae
863 1737 985 1769 novae,
1013 1725 1069 1760 ubi

288 1782 331 1816 de
348 1780 407 1815 ista
422 1790 534 1820 varia,
1001 1785 1070 1821 377

242 1831 342 1868 Putei
360 1828 497 1875 Jacobi,
999 1824 1071 1870 265

241 1879 462 1927 Pygmaleonis
480 1874 620 1918 insania,
1024 1885 1069 1920 39

240 1929 385 1974 Pyrrho,
516 1972 519 1973 ⁷
1001 1933 1021 1956 2
1027 1925 1044 1957 8
1051 1935 1070 1969 5

240 1980 446 2025 Pythagorae
463 1976 611 2015 tesserae,
630 1975 686 2009 80.
714 1973 853 2015 citatus,
874 1982 954 2019 107.
995 1970 1070 2027 N.³‘

291 2039 402 2063 turam
421 2038 532 2062 rerum
551 2036 592 2060 ex
611 2023 760 2059 numeris
776 2022 932 2057 constitui
946 2021 1070 2065 asserit,

296 2090 375 2120 114.
429 2073 644 2122 Responsum
687 2071 757 2119 ejus
785 2071 947 2113 Hieroni,
991 2074 1070 2118 198.

291 2126 406 2162 Craffa
427 2124 494 2172 ejus
511 2121 712 2171 superstitio,
741 2121 933 2175 284328-7.
988 2121 1073 2156 Non

290 2176 477 2224 longinqua
507 2173 582 2208 sane
611 2170 681 2219 ejus
708 2181 950 2219 peregrinatio,
988 2173 1073 2255 22887ξΞ

244 2273 441 2322 Pythagorei
457 2273 501 2308 ab
530 2272 586 2309 esu
612 2269 816 2306 animalium
847 2268 1071 2312 abstinebant,

1003 2330 1070 2354 222

245 2372 385 2418 Pyxides
402 2371 622 2420 antiquorum
637 2367 981 2418 pharmacopolarum
994 2380 1074 2416 qua-

294 2421 353 2463 les,
1028 2430 1074 2468 37

325 2616 486 2651 Ualitates
504 2615 649 2664 primae,
1005 2617 1077 2660 284

374 2664 556 2711 Qantitas
574 2663 621 2700 est
639 2663 828 2712 subjeetum
856 2662 1076 2700 mathemati·

297 2727 369 2756 cae,
401 2726 476 2757 114.
528 2715 677 2761 Ideoque
697 2716 782 2749 inter
798 2712 925 2749 formas
943 2715 1077 2750 effenti*

297 2764 364 2800 ales
383 2764 604 2806 numeranda,
996 2763 1076 2800 ibid.

249 2813 380 2860 Qanti
398 2812 584 2851 instantiae,
611 2812 679 2847 five
696 2811 793 2848 doses
805 2823 954 2856 naturae,
1009 2823 1074 2860 372

251 2863 418 2909 Qantum
447 2862 644 2902 comicum,
669 2861 748 2899 ibid.
796 2863 896 2898 Aeris
924 2872 1078 2910 quantum

302 2925 369 2947 non
390 2910 563 2951 minuitur,
895 2916 980 2959 385,
1007 2911 1078 2948 &L

251 2958 365 3008 Quies,
396 2971 476 3006 350.
528 2958 628 3005 Ques
645 2958 736 2993 nulla
753 2971 847 3003 vera,
1007 2963 1077 3008 383

252 3012 346 3058 Qid
363 3010 474 3058 ipsum
489 3008 610 3043 caloris
628 3008 668 3043 fit
686 3017 811 3050 motus,
1007 3022 1080 3056 334

254 3059 498 3106 Qinteffentia,
1013 3071 1027 3094 1
1039 3071 1052 3093 ι
1060 3071 1079 3105 3

253 3110 339 3157 Qis
355 3106 591 3157 philosophiae
608 3105 729 3143 debeat
746 3105 810 3142 effe
826 3105 919 3150 finis,
1031 3119 1080 3153 45

1503 242 1550 279 R.
1918 281 1931 291 ,¹

1897 297 1950 333 *st-

1194 338 1330 382 Ahbim‘,
1349 337 1439 375 unde
1457 340 1626 389 colligunt
1637 340 1854 388 juventutem
1884 357 1941 381 aea

1244 398 1349 425 tatem
1367 388 1434 424 effe
1451 389 1642 437 digniorem
1661 391 1767 434 senio,
1796 404 1850 439 35.
1900 394 1942 435 In

1157 438 1304 474 eruenda
1314 439 1458 475 naturali
1470 440 1506 475 δε
1518 440 1639 476 morali
1651 441 1746 476 sensu
1757 439 1945 479 ceremoniz

1158 499 1256 523 arum
1276 487 1509 524 Mosaicarum
1527 501 1668 538 operam
1683 502 1752 526 non
1771 492 1862 528 male
1872 492 1946 528 eol·-

1158 536 1325 580 locarunt,
1792 541 1878 589 Pag.
1892 550 1941 590 47

1111 585 1259 622 Rabbini
1275 587 1313 622 &
1329 586 1518 624 Cabalistae
1534 598 1710 632 notantur,
1871 590 1944 627 266

1110 635 1274 671 Radicum
1293 636 1331 671 ὅτ
1348 648 1525 672 ramorum
1543 639 1779 683 conformitas,
1873 651 1940 686 343

1112 684 1254 721 Radices
1270 685 1383 732 potius
1400 697 1505 733 quam
1523 686 1643 723 surculi
1663 689 1696 724 in
1714 688 1809 725 aliud
1833 689 1943 726 solum

1162 733 1414 778 transferantur,
1874 739 1944 785 365

1112 783 1220 819 Rodii
1233 783 1310 819 solis
1325 785 1504 832 quomodo
1518 797 1770 835 congregantur
1781 788 1819 824 &
1832 788 1946 824 diffili-

1114 843 1379 926 ΚαῗίἳῗΙυηετεε,
1402 895 1484 930 320.
1523 884 1672 929 Solares,¹
1687 885 1767 923 ibid.
1811 849 1946 925 Bon-¹1:413
1998 882 2001 928 l

1164 932 1319 976 reflexio,-
1863 936 1946 976 ibid.
2000 942 2001 970 ἲ

1113 1002 1162 1008 -
1177 994 1237 1029 per
1253 981 1387 1030 specula
1404 982 1627 1023 comburunt,
1766 996 1846 1031 143,
1876 998 1946 1034 343

1114 1031 1229 1067 Radix
1246 1031 1403 1067 omnium
1422 1032 1594 1068 malorum
1615 1033 1649 1068 in
1666 1033 1822 1078 scientiis,
1874 1047 1949 1084 274·
2002 1045 2003 1061 ³

1114 1082 1261 1129 Ragioni
1276 1081 1313 1116 di
1331 1081 1431 1125 stato,
1458 1082 1596 1130 peffime
1613 1081 1722 1126 audit,

1115 1131 1218 1166 Rami
1230 1131 1398 1174 methodi,
1418 1143 1504 1179 quae
1517 1132 1718 1180 probentur,
1737 1144 1824 1182 quae
1835 1136 1947 1183 rejici·
2002 1137 2003 1142 ’

1166 1190 1276 1222 antur,
1879 1185 1949 1224 168

1116 1229 1172 1266 De
1190 1230 1300 1264 Ranis
1317 1229 1463 1278 AEsopi
1483 1230 1612 1274 fabula,
1877 1245 1946 1282 174

1115 1280 1290 1315 Raritatis
1318 1279 1568 1316 elementorum
1586 1284 1773 1330 proportio
1786 1282 1945 1333 decupla,

1875 1335 1954 1381 278-

1116 1378 1222 1413 Ratio
1239 1378 1388 1415 humana
1400 1380 1519 1428 qualis,
1539 1391 1572 1425 3.
1601 1379 1729 1417 Tribus
1743 1381 1858 1417 modis
1871 1394 1946 1430 per-

1167 1429 1334 1471 turbatur,
1879 1433 1949 1480 169

1118 1477 1223 1512 Ratio
1239 1477 1401 1514 sermonis
1417 1479 1544 1521 anima,
1576 1479 1654 1523 158.
1704 1481 1896 1530 Qomodo
1908 1481 1947 1518 ὅτ

1165 1537 1332 1574 quantum
1352 1528 1455 1563 distat
1471 1529 1516 1563 ab
1532 1527 1720 1572 affefflbus,

1117 1576 1221 1612 Ratio
1231 1576 1331 1625 juxta
1348 1590 1387 1613 ac
1406 1578 1551 1613 verbum
1570 1577 1636 1614 Dei
1667 1590 1736 1615 non
1762 1580 1945 1624 audienda,

1877 1630 1951 1677 263

1119 1675 1222 1710 Ratio
1239 1675 1431 1711 inveniendi
1451 1676 1616 1719 scientum,
1874 1681 1944 1715 282

1116 1745 1166 1752 —-—
1182 1725 1269 1760 circa
1284 1725 1382 1760 usum
1401 1728 1540 1760 rationis
1557 1726 1595 1761 ὅτ
1620 1726 1858 1775 disputationis
1874 1741 1948 1766 me·

1166 1774 1326 1809 diocritas
1338 1786 1447 1817 aurea,
1477 1776 1558 1818 264.
1606 1776 1791 1813 Humanae
1805 1777 1838 1813 in
1854 1777 1947 1814 divi-

1166 1823 1217 1858 nis
1230 1823 1316 1865 usus,
1334 1823 1415 1859 item
1429 1825 1587 1866 excessus,
1607 1825 1749 1874 duplex,
1768 1827 1848 1872 264.
1875 1827 1947 1864 Ra-

1163 1874 1262 1908 tionis
1277 1873 1444 1909 humanae
1461 1875 1657 1922 redargutio
1674 1875 1738 1911 fibi
1755 1877 1950 1926 permifl'ae,

1899 1937 1923 1963 Ο

1121 1972 1369 2008 Reconciliandi
1387 1973 1512 2009 amicos
1531 1973 1587 2009 via
1603 1973 1747 2022 duplex,
1877 1937 1950 2023 {a}

1119 2023 1254 2057 Renum
1272 2023 1308 2057 &
1327 2022 1374 2057 sui
1395 2023 1498 2058 index
1516 2023 1563 2057 est
1581 2023 1618 2058 δε
1635 2023 1783 2072 obliqui,
1879 2036 1945 2072 152

1118 2072 1291 2107 Rettorum
1319 2072 1519 2108 consultatio
1538 2072 1575 2108 &
1593 2073 1741 2110 vifitatio
1766 2074 1953 2123 requiritur

1168 2122 1211 2156 ad
1229 2121 1403 2156 literarum
1420 2122 1684 2165 incrementum,
1897 2126 1945 2161 62

1120 2171 1275 2207 Reduttio
1288 2171 1517 2206 doctrinarum
1534 2172 1567 2207 in
1582 2172 1761 2208 methodos
1773 2185 1893 2221 prava,
1902 2187 1952 2221 44

1122 2220 1278 2257 Redut‘t'io
1295 2233 1357 2268 per
1375 2220 1504 2256 medios
1521 2221 1685 2258 terminos
1703 2222 1845 2271 duplex,
1880 2227 1947 2270 152

1120 2270 1377 2316 Referendarius
1387 2269 1512 2316 judex,
1873 2283 1892 2308 2
1898 2283 1946 2321 57

1122 2320 1335 2365 Reflexionum
1361 2331 1488 2367 organa
1515 2332 1595 2357 cum
1635 2319 1786 2356 sensuum
1813 2323 1952 2371 organis

1168 2370 1389 2411 conveniunt,
1901 2383 1951 2420 95

1125 2419 1296 2466 Refratiio
1313 2418 1482 2453 radiorum
1502 2418 1595 2461 lucis,
1881 2424 1949 2468 338

1124 2470 1164 2505 In
1182 2480 1269 2515 reges
1286 2467 1425 2503 orientis
1441 2468 1557 2503 oculos
1582 2469 1731 2516 defigere
1759 2468 1865 2512 nefas,
1893 2475 1951 2519 37'.

1172 2517 1287 2552 Corda
1299 2528 1418 2552 eorum
1432 2517 1591 2553 curiosius
1604 2519 1721 2554 rimari
1733 2518 1823 2554 haud
1839 2519 1951 2564 decet,

1172 2566 1253 2602 ibid.
1294 2567 1364 2601 Sub
1375 2565 1514 2601 eruditis
1527 2567 1650 2613 regibus
1661 2567 1787 2604 saecula
1802 2569 1955 2606 maxime

1173 2615 1296 2658 felicia,
1311 2627 1367 2661 50.
1389 2616 1471 2650 Suos
1485 2616 1609 2652 habent
1627 2629 1768 2660 errores,
1779 2617 1858 2655 ibid.
1879 2619 1953 2655 No-

1173 2665 1281 2700 tiones
1310 2664 1484 2712 religionis
1500 2677 1559 2700 eos
1573 2666 1618 2701 ab
1633 2667 1803 2702 erroribus
1827 2667 1952 2704 refrae-

1174 2725 1268 2757 nant,
1294 2714 1374 2749 ibid.
1427 2715 1527 2761 Regis
1552 2715 1668 2751 titulus
1686 2717 1796 2752 minus
1814 2716 1953 2754 illustris

1170 2776 1275 2812 quam
1301 2763 1464 2807 Caesaris,
1493 2775 1549 2808 54.
1598 2765 1736 2800 Debent
1763 2765 1954 2813 prospicere

1174 2813 1339 2849 exercitiis
1373 2812 1590 2855 scholasticis,
1619 2813 1675 2848 62.
1723 2814 1827 2861 Reges
1852 2815 1953 2853 instar

1173 2863 1354 2905 astrorum,
1385 2864 1463 2898 181.
1515 2862 1581 2898 Dei
1599 2862 1688 2898 vices
1714 2873 1849 2909 gerunt,
1876 2864 1953 2901 ibid.

1177 2912 1347 2959 Requiem
1371 2911 1496 2947 habent
1514 2912 1657 2953 nullam,
1690 2914 1767 2947 182.
1820 2912 1952 2950 Eorum

1176 2962 1311 3009 ingenia
1339 2972 1380 2996 ex
1414 2970 1527 2995 mente
1553 2960 1710 3003 Sallustii,
1739 2963 1821 2997 208.
1870 2963 1961 3010 Prae·

1172 3011 1332 3046 omnibus
1347 3019 1444 3057 grata
1461 3009 1500 3044 iis
1517 3011 1666 3048 celeritas
1682 3009 1717 3045 in
1729 3011 1876 3059 negotiis
1892 3012 1953 3048 oba

1175 3059 1302 3100 eundis,
1883 3071 1953 3106 224

1130 3109 1256 3155 Regiae
1271 3107 1460 3144 voluntates
1477 3106 1639 3151 mobiles,
1883 3112 1952 3146 208

1801 3159 1951 3206 Regimen

1943 325 1958 337 Α

1875 1097 1953 1142 „3²⁹
2002 1100 2007 1118 r,

1877 1542 1948 1578 170
2008 1523 2009 1538 ³
