2040 3439
167 258 238 307 54

347 240 497 289 :DE
533 228 1041 288 Au-GMENTl‘s
1090 224 1710 285 SCIENTIARUM.
1760 225 1926 287 'Lib-‚ii

314 351 481 382 norum;
519 339 679 390 spatium
701 336 896 390 temporis,
937 336 1054 386 quod,
1092 348 1183 374 meo
1209 335 1365 385 quidem
1390 336 1545 384 judicio,
1585 338 1771 383 majorem
1798 341 1930 390 recipit

311 406 529 443 eventuum,
558 407 653 443 quae
675 405 762 430 raro
777 392 1051 440 seg-ostendunt,
1079 391 1313 437 varietatem,
1342 403 1457 439 quam
1483 393 1523 428 in
1548 389 1626 442 pari
1649 389 1927 432 successionum

310 463 478 488 numero
496 448 639 501 uspiam
660 450 700 485 in
720 460 841 497 regno
866 447 1117 485 haereditario
1136 446 1419 498 deprehendere
1444 447 1545 484 licet.
1601 447 1736 496 Incipit
1756 451 1859 485 enim
1881 451 1928 488 ab

307 503 518 557 adeptione*
536 515 703 542 coronae
725 505 854 549 mixta,
891 504 1028 554 partim
1052 500 1177 548 armis,
1213 503 1352 551 partim
1377 502 1479 547 jure:
1514 500 1715 552 ingressum
1742 501 1926 552 siquidem

308 560 454 598 ferrum
476 560 633 608 aperuit,
670 557 966 596 stabilimentum
985 557 1195 594 attulerunt
1215 558 1390 608 nuptiae:
1430 555 1553 594 secuta
1581 558 1697 607 igitur
1722 557 1808 596 sunt
1826 560 1926 598 'tem-

308 627 404 667 pora
418 615 492 652 illis
510 613 629 652 initiis
644 612 919 654 consentanea3
947 610 1138 649 :simillima
1153 611 1339 658 fluetibus,
1368 611 1447 661 post
1462 622 1637 661 magnam
1654 613 1925 662 tempestatem,

309 681 480 707 tumores
496 672 533 707 ὅ(
548 670 773 718 agitationes
788 668 879 715 suas,
908 666 971 706 sed
986 667 1124 716 absque
1139 666 1262 716 aliqua
1279 667 1440 704 immani
1455 668 1634 718 procella,
1664 669 1926 718 retinentibus,

307 735 421 774 atque
433 725 695 774 gubernatoris
709 722 918 773 prudentia,
934 723 1000 772 qui
1012 734 1109 760 unus
1125 722 1224 759 inter
1236 722 1479 759 antecessbres
1490 734 1593 772 reges
1605 721 1764 760 consilio
1776 723 1924 773 enituit,

312 779 502 829 superatis.
560 777 707 817 Ordine
723 778 914 829 proximus
934 778 1098 815 succedit
1114 781 1189 824 rex,
1218 778 1321 822 cujus
1336 778 1512 823 actiones,
1542 779 1631 815 licet
1645 780 1765 828 magis
1780 781 1926 830 impetu

312 847 429 883 quam
453 832 612 872 consilio
626 833 912 881 administratae,
941 844 1024 871 non
1045 835 1126 870 leve
1148 843 1276 870 tamen
1298 833 1338 868 in
1360 832 1470 869 rebus
1485 833 1657 883 Europae
1678 843 1925 874 momentum

311 891 531 937 attulerunt,
548 901 607 927 eas
617 890 775 928 subinde
787 888 1009 927 librando&
1021 887 1254 935 inclinando,
1271 898 1384 937 prout
1401 886 1498 939 ipsae
1510 888 1817 940 propendebant:
1834 892 1928 944 Quo*

310 946 428 983 etiam
442 946 636 995 regnante,
663 943 789 994 coepit
804 944 885 982 fieri
901 946 1035 994 ingens
1050 944 1114 981 illa
1134 943 1243 981 status
1259 941 1483 980 ecclesiastici
1493 944 1676 990 mutatio,
1705 946 1825 993 qualis
1839 956 1928 983 raro

309 1001 520 1038 admodum
532 1001 660 1050 prodit
672 998 711 1037 in
726 1000 929 1038 theatrum.
974 1001 1128 1037 Secutus
1141 997 1190 1036 est
1205 1011 1265 1035 rex
1278 1000 1418 1035 minor.
1462 999 1563 1035 Dein
1574 1008 1858 1038 tentamentum
1869 1011 1928 1051 ty-

310 1056 490 1102 rannidis,
519 1057 608 1093 licet
633 1055 727 1093 illud
751 1051 1011 1093 brevissimum
1034 1054 1161 1101 fuerit,
1191 1054 1300 1091 instar
1323 1052 1436 1090 febris
1459 1053 1689 1105 ephemerae.
1746 1055 1848 1093 Dei-n
1872 1068 1927 1094 re-

309 1123 431 1162 gnum
454 1109 657 1158 foeminae,
686 1121 816 1148 extero
838 1112 917 1159 regi
932 1119 1082 1160 nuptae.
1138 1109 1279 1147 Rursus
1303 1120 1463 1158 regnum
1479 1109 1670 1146 foeminae
1687 1108 1872 1148 solitariae
1888 1114 1928 1150 ὅ(

309 1166 480 1204 coelibis.
538 1167 641 1204 Haec
678 1167 809 1203 omnia
841 1165 998 1203 demum
1036 1163 1177 1216 excepit
1207 1173 1362 1201 eventus
1400 1164 1463 1201 iste
1492 1162 1625 1202 faustus
1654 1167 1691 1202 δε
1714 1165 1900 1214 gloriosus
1913 1180 1928 1209 v;

307 1220 492 1259 nimirum
508 1220 658 1264 hujusce
672 1220 814 1258 insulae
830 1218 1053 1265 Britanniae,
1074 1231 1093 1255 a
1107 1228 1195 1256 toto
1211 1219 1304 1256 orbe
1318 1219 1468 1265 divisae,
1490 1221 1529 1255 in
1547 1219 1582 1257 se
1596 1218 1710 1261 uni03
1731 1231 1796 1270 per
1811 1232 1925 1271 quarn

309 1286 418 1316 vetus
433 1276 528 1314 illud
544 1277 753 1323 oraculum,
782 1274 948 1312 AEneae
962 1275 1167 1321 redditum,
1196 1274 1302 1323 quod
1318 1276 1489 1324 requiem
1505 1275 1539 1310 ei
1553 1275 1891 1327 praemonstraban

810 1382 1034 1439 Antiquam
1049 1383 1246 1438 exquirite
1265 1390 1429 1422 matrem
1439 1401 1454 1427 ‚-

308 1498 418 1551 supra
440 1493 691 1535 nobilisfimas
710 1506 840 1547 gentes
855 1494 1019 1546 Angliae
1034 1498 1072 1533 &
1089 1496 1236 1533 Scotiae
1252 1496 1292 1532 in
1315 1497 1476 1533 nominc
1493 1496 1562 1533 illo
1576 1496 1803 1545 Britanniae,
1831 1494 1932 1536 anti-⁷

308 1566 405 1603 quae
429 1552 511 1590 suae
527 1553 670 1599 matris,
699 1553 773 1599 jam
797 1553 1081 1598 convenientes,
1109 1551 1360 1602 adimpletum
1381 1550 1443 1592 iit3
1478 1552 1517 1588 in
1541 1552 1678 1602 pignus
1694 1554 1730 1590 ὅ(
1754 1553 1925 1591 tesseram

308 1619 446 1655 metae,
477 1610 514 1645 ὃ(
529 1609 647 1646 exitus
663 1616 831 1646 errorum
847 1609 884 1644 ὅ(
898 1606 1213 1658 peregrinationis
1228 1607 1301 1651 jam
1318 1608 1467 1656 reperti.
1525 1608 1579 1643 lta
1594 1616 1647 1654 ut,
1678 1608 1924 1656 quemadmo-

308 1664 403 1702 dum
418 1675 578 1715 corpora
592 1661 802 1715 ponderosa
816 1663 957 1709 jactata,
986 1672 1187 1710 antequam
1206 1672 1350 1710 ponant
1366 1664 1402 1699 δε
1419 1659 1626 1708 consistant,
1655 1663 1924 1713 trepidationes

308 1719 487 1768 quasdam
516 1720 772 1769 experiantur5
809 1718 946 1755 eodem
968 1717 1089 1754 modo
1114 1716 1309 1766 probabile
1334 1717 1494 1764 videtur,
1532 1717 1659 1755 divina
1684 1719 1926 1768 providentia

308 1775 451 1812 factum
477 1773 560 1821 effe,
599 1784 640 1811 ut
669 1770 992 1819 nionarchiaista,
1028 1771 1246 1823 priusquam
1271 1772 1313 1809 in
1337 1782 1401 1809 tua
1422 1772 1619 1819 majestate,
1658 1774 1835 1823 regiaque
1860 1784 1924 1813 tua

310 1830 457 1876 sobole,
496 1828 551 1876 (in
571 1842 644 1878 qua
665 1829 772 1879 spero
795 1840 876 1865 eam
897 1829 936 1865 in
957 1838 1182 1879 perpetuum
1205 1827 1289 1864 fore
1309 1826 1519 1876 stabilitam)
1542 1825 1751 1866 consisteret
1776 1831 1811 1866 &
1832 1840 1922 1874 con-

310 1884 456 1922 firmata
490 1884 589 1931 effer,
618 1883 680 1922 has
695 1893 773 1921 tam
793 1885 908 1922 varias
923 1881 1152 1920 mutationes
1173 1884 1209 1920 ὃ(
1223 1878 1502 1931 vicissitudines,
1530 1889 1714 1933 tanquam
1728 1884 1920 1935 praeludia

311 1938 516 1978 stabilitatis
531 1939 626 1986 suae,
657 1938 804 1977 subiret.

365 1997 436 2033 DE
461 1995 547 2033 vitis
570 1997 804 2045 cogitantem
830 1993 928 2031 subit
955 1994 1137 2042 quaedam
1161 1992 1372 2041 admiratio,
1400 2003 1573 2044 tempora
1599 1991 1661 2031 ista
1681 1994 1804 2032 nostra
1819 1994 1922 2039 ⁴haud

311 2051 417 2088 noss'e
441 2050 542 2088 bona
558 2049 639 2092 sua3
668 2062 756 2088 cum
776 2061 854 2087 tam
870 2062 947 2087 rara
963 2049 1005 2088 sit
1028 2051 1350 2087 commemoratio
1365 2051 1403 2087 &
1416 2047 1644 2099 conscriptio
1658 2046 1833 2100 vitarum,
1862 2044 1951 2088 eei(¹

312 2117 412 2153 rum,
451 2106 517 2154 qui
546 2103 674 2143 nostro
702 2106 850 2144 saeculo
879 2106 1104 2143 claruerunt.
1163 2103 1237 2141 Etsi
1265 2103 1367 2141 enim
1396 2117 1510 2154 reges,
1550 2106 1588 2142 ὅ(
1616 2105 1682 2154 qui
1709 2104 1926 2144 absolutum

308 2160 562 2213 principatum
586 2161 797 2207 obtineant,
832 2162 939 2210 pauci
965 2160 1034 2198 effe
1057 2156 1221 2212 posiint3
1255 2161 1442 2212 principes
1466 2158 1578 2197 etiam
1604 2161 1644 2196 in
1669 2160 1859 2212 republica
1882 2161 1926 2199 li-

308 2218 398 2254 bera
415 2217 487 2263 (tot
504 2216 771 2266 rcbuspublieis
786 2218 826 2253 in
839 2214 1099 2253 monarchiam
1115 2212 1312 2262 con-verfis)
1327 2214 1423 2252 haud
1440 2212 1571 2256 multi3
1590 2221 1783 2264 utcunque
1797 2223 1928 2255 tamen

309 2282 393 2310 non
414 2271 615 2309 defuerunt
639 2270 708 2309 viri
733 2273 875 2321 egregii
899 2269 1004 2320 (licet
1029 2270 1095 2308 sub
1118 2270 1279 2319 regibus)
1297 2270 1361 2319 qui
1386 2272 1545 2308 meliora
1571 2281 1779 2318 merentur,
1808 2282 1923 2322 quam

312 2329 498 2365 incertam
526 2328 562 2364 ὅ(
592 2338 722 2377 vagam
750 2327 959 2365 memoriae
988 2325 1073 2363 suae
1100 2325 1240 2362 famam
1261 2336 1324 2363 aut
1353 2327 1476 2376 elogia
1495 2325 1596 2363 arida
1617 2327 1654 2364 ὅ(
1673 2326 1806 2372 jejuna.
1861 2327 1925 2364 Et-

311 2384 417 2419 enim
442 2383 510 2420 hac
535 2394 578 2420 ex
599 2391 715 2434 parte,
752 2384 952 2421 inventum
976 2380 1166 2427 cujusdam
1192 2393 1235 2418 ex
1260 2383 1382 2430 poetis
1404 2381 1690 2426 recentioribus,
1725 2393 1804 2433 quo
1827 2383 1924 2420 anti·

311 2438 432 2485 quam‘
451 2438 616 2475 fabulam
640 2436 894 2487 locupletavit,
931 2448 1014 2474 non
1037 2437 1229 2487 inelegans
1252 2436 1320 2474 cst.v
1368 2437 1493 2486 Fingit
1516 2434 1592 2483 ille,
1629 2436 1670 2474 in
1690 2439 1924 2475 extremitate

312 2492 368 2529 fili
389 2494 600 2540 Parcarum,
629 2493 818 2531 numisma
838 2492 1045 2542 quoddam,
1077 2491 1138 2529 seu
1154 2493 1304 2528 monile
1325 2492 1488 2540 pendere
1508 2493 1549 2528 in
1569 2503 1648 2540 quo
1667 2491 1834 2529 defuncti
1854 2503 1923 2530 no-

311 2558 402 2584 men
424 2549 639 2597 impressum
654 2547 715 2587 sit:
745 2558 894 2600 tempus
909 2557 1035 2585 autem
1054 2548 1221 2584 cultrum
1236 2546 1377 2597 Atropi
1394 2546 1615 2595 praestolari,
1645 2548 1694 2594 &‚
1723 2544 1844 2584 statim
1861 2546 1922 2585 ab·

310 2602 416 2639 sciffo
437 2602 516 2649 filo,
552 2602 776 2642 numismata
793 2605 948 2655 eripere,
978 2614 1093 2653 eaque
1115 2601 1299 2651 asportata
1321 2603 1435 2651 paulo
1459 2599 1539 2653 post
1562 2602 1601 2638 in
1625 2601 1783 2640 fluvium
1806 2601 1928 2640 lethes

310 2669 356 2695 ex
376 2658 526 2706 gremio
541 2657 608 2695 suo
622 2661 828 2710 projicere:
857 2660 954 2696 circa
973 2657 1130 2695 fluvium
1144 2666 1284 2702 autem,
1313 2666 1490 2706 magnam
1505 2658 1631 2695 avium
1651 2659 1730 2695 vim
1748 2657 1923 2706 volitare,

311 2724 408 2761 quae
429 2709 655 2751 numismata
676 2716 870 2767 arripiunt,
906 2725 949 2751 ae
969 2711 1163 2763 postquam
1185 2712 1225 2748 in
1250 2709 1373 2748 rostris
1396 2710 1559 2761 ipsarum
1581 2711 1765 2763 paulisper
1787 2712 1921 2750 eadem

309 2768 625 2815 circumtulerint,
663 2772 780 2821 paulo'
804 2769 885 2823 post
911 2780 977 2820 per
1005 2767 1189 2805 incuriam
1217 2767 1258 2803 in
1286 2766 1443 2804 fluvium
1470 2766 1642 2805 decidere
1669 2767 1922 2819 permittunt:

311 2823 412 2860 inter
432 2833 492 2860 eas
511 2834 614 2869 vero,
645 2836 786 2874 cygnos
800 2825 955 2875 reperiri
979 2823 1203 2868 nonnullos,
1229 2822 1295 2870 qui
1310 2819 1336 2858 fi
1355 2821 1544 2859 numisma
1567 2822 1721 2871 aliquod
1741 2833 1830 2859 cum
1853 2834 1921 2860 no—

310 2879 418 2915 mine
439 2877 721 2927 prelienderint‚
751 2882 857 2918 illico
877 2880 921 2917 ad
945 2879 1130 2927 templum
1153 2877 1345 2926 quoddam
1362 2877 1455 2914 illud
1476 2875 1621 2915 deferre
1641 2876 1823 2925 solebant,
1851 2879 1921 2916 im-

312 2934 536 2970 mortalitati
559 2934 828 2973 consecratum.
884 2932 1112 2981 Huiusmodi
1140 2934 1265 2980 itaque
1291 2933 1403 2981 cygni
1427 2932 1560 2969 nostris
1582 2932 1818 2984 temporibus
1840 2932 1920 2970 fere

308 2987 538 3025 defecerunt.
593 2989 777 3042 Quamvis
806 3000 933 3027 autem
957 2989 1113 3040 plurimi
1130 2987 1346 3034 hominum,
1375 2988 1473 3025 curis
1499 2989 1536 3025 &
1555 2986 1680 3025 studiis
1700 2985 1772 3024 suis
1795 2987 1919 3025 nimio

310 3042 508 3092 plusquam
529 3044 754 3095 corporibus
776 3046 967 3092 mortales,
997 3043 1165 3082 nominis
1188 3041 1243 3081 sui
1265 3044 1505 3091 memoriam,
1535 3043 1651 3084 veluti
1677 3042 1828 3080 fumum
1854 3052 1918 3080 aut

310 3110 439 3139 auram
454 3097 678 3152 despiciant:

1777 3149 1923 3194 Animi:

1666 3195 1675 3202 κ
