2040 3439
846 125 1368 176 INDEX.

303 235 459 274 siderium
490 233 597 270 amori
631 229 759 279 patriae
793 227 1080 274 posthabendum,

308 288 386 333 198.
419 281 699 329 Contemplativa
716 290 785 313 non
797 277 1016 324 praeferenda
1029 287 1083 311 ac-

300 337 400 371 tivae.
428 333 502 369 ibid.
557 333 632 365 Vita
665 329 732 363 fine
765 326 942 375 proposito
977 336 1080 372 vaga,

306 396 387 419 201.
441 385 535 417 Vitae
550 381 630 414 fines
648 376 874 426 proponendi,
893 385 934 409 21
946 386 974 409 1.
1003 375 1081 408 Vita

303 432 448 468 Henrici
464 431 546 464 VII.
574 427 658 474 regis
676 425 840 473 Angliac,
907 425 995 470 Pag.
1013 434 1082 466 244

256 485 334 518 Vita
349 482 468 518 brevis,
481 492 531 513 ars
544 477 657 523 longa,
675 487 752 522 109.
772 474 857 508 Viae
868 473 1081 514 similis,240.

305 530 446 566 Brevior
464 527 647 564 coenosior‚
1001 520 1082 557 ibid.

257 582 363 619 Vitae,
405 589 463 623 72,
492 587 546 622 73.
599 575 728 609 Earum
759 569 1081 607 conscribendarum

307 628 394 664 ratio
425 627 518 668 iusta,
560 636 615 671 73.
664 625 758 658 Vitae
787 619 1081 669 philosophorum,

308 688 388 723 107.
415 669 638 721 Prolongatio
656 674 748 707 vitae
764 670 796 706 in
815 670 981 705 medicina
995 669 1083 704 unde

304 725 527 773 expefitanda,
550 735 626 769 113.
678 723 773 756 Vitae
796 719 1012 767 prolongatio
1033 717 1083 753 of-

305 775 424 811 ficium
437 773 638 814 medicinae,
662 783 673 805 1
683 781 740 816 23.
791 770 844 804 De
857 770 933 804 Vita
947 767 1085 816 prolon-

307 824 419 872 ganda
432 823 580 871 regulae,
600 823 676 856 128.
704 817 1084 865 Distinguenduminter

305 887 346 909 ea
362 886 447 921 quae
464 873 506 907 ad
525 873 629 907 vitam
645 870 758 905 sanam
773 868 958 913 &longam
973 866 1084 901 confe-

309 932 399 963 runt,
425 922 503 958 ibid.
556 921 595 955 In
611 932 649 954 ea
666 929 731 954 tres
750 917 964 957 intentiones,
1017 927 1083 962 129

259 975 383 1008 *Vitium
412 971 471 1007 sub
497 970 618 1006 umbra
634 968 768 1003 virtutis
787 967 819 1001 se
844 965 977 1012 recipit,
1008 975 1086 1011 173.

310 1022 413 1057 Latet
429 1019 644 1068 proximitate
658 1017 753 1059 boni,
784 1026 863 1062 173,
884 1025 963 1060 235.
991 1015 1084 1048 Vitia

311 1071 350 1105 ὅτ
367 1070 516 1106 defectus
529 1068 671 1103 aliorum
685 1065 853 1100 discantur
867 1064 910 1098 ab
925 1062 1085 1105 inimicis,

309 1131 390 1165 232.
442 1119 512 1154 Sibi
531 1117 592 1164 ipsi
609 1118 729 1151 vitium
749 1112 969 1161 supplicium,
1014 1123 1080 1156 241

264 1171 403 1210 Vitrum,
431 1180 472 1203 an
489 1166 645 1202 tenacitas
659 1165 690 1200 ei
705 1162 1001 1212 superinducenda,
1016 1172 1084 1207 315

263 1220 389 1254 Vitrum
405 1216 579 1253 calendare
596 1214 665 1249 five
681 1213 864 1261 graduum,
890 1222 974 1257 325,
1004 1222 1087 1257 330,

265 1314 549 1351 Vitricalendaris
562 1312 740 1354 confeffio,
765 1322 847 1358 330,
868 1310 984 1358 &seq
1011 1272 1088 1344 {319-

317 1364 513 1403 verisatum‚
543 1364 622 1409 338.
674 1362 714 1397 In
731 1373 772 1396 eo
788 1360 841 1396 ae'r
852 1360 1010 1395 dilatatus
1027 1359 1087 1394 de-

312 1413 432 1461 primit
453 1425 590 1460 aquam,
618 1422 697 1457 330.
749 1410 975 1451 Comburens,
1005 1419 1088 1455 329,

315 1464 353 1497 &
366 1464 493 1509 passim.
520 1460 732 1496 Calefaetum
751 1459 783 1494 in
799 1458 928 1506 frigido
940 1459 1090 1506 positum

314 1511 420 1546 subito
435 1511 558 1553 diffilit,
587 1521 666 1557 335.
717 1509 796 1544 Vide
808 1521 844 1556 p.
861 1508 941 1555 363.

267 1563 419 1604 Vivatia,
1023 1559 1088 1600 148

264 1612 393 1652 Ulcera,
1021 1617 1059 1640 12
1066 1617 1086 1651 5

264 1661 464 1696 Ultimitates
480 1658 643 1693 humanae
660 1668 806 1699 naturae,
829 1667 906 1704 117.
943 1656 1085 1695 Rerum,

1018 1706 1086 1749 285

265 1758 378 1805 Ul>ffes
396 1757 545 1793 vetulam
564 1755 721 1803 praetulit
740 1755 1002 1796 immortalitati,
1043 1756 1086 1798 58

264 1808 385 1844 Umbra
403 1808 497 1854 super
514 1806 627 1840 album
644 1815 884 1851 congregatur,
1021 1814 1087 1848 145

265 1859 501 1904 Unguentorum
517 1854 604 1896 usus,
1023 1863 1088 1898 129

265 1909 347 1942 Unio
364 1905 525 1946 rosarum,
555 1915 611 1951 73.
663 1902 711 1937 Et
727 1914 926 1950 regnorum,
1044 1912 1090 1946 74

267 1956 419 2001 Unisonus
438 1955 503 1989 sive
519 1963 711 1995 concentus,
1021 1961 1088 1997 377

266 2007 321 2040 De
338 2006 484 2040 Unitatis
501 2002 662 2048 gradibus
678 2003 712 2036 in
729 2001 864 2037 civitate
883 2001 949 2036 Dei
968 2002 1089 2035 tracta-

316 2066 367 2089 tus
385 2053 602 2093 defideratur,
1020 2049 1090 2095 265

268 2103 424 2139 Vocabula
442 2102 577 2149 antiqua
594 2100 781 2141 retinenda,
1041 2101 1085 2146 98

267 2153 472 2188 Voluntarius
489 2162 602 2187 motus
618 2150 659 2185 ad
689 2149 880 2184 doctrinam
907 2148 949 2184 de
977 2148 1092 2184 anima

315 2202 526 2247 rejiciendus,
550 2211 628 2245 131.
679 2199 850 2246 Dirigitur
863 2198 908 2233 ab
922 2198 1089 2246 imagina-

317 2252 417 2292 tione,
1024 2259 1092 2294 134

269 2300 420 2335 Voluntas
438 2298 575 2334 fallendi
595 2298 632 2333 &
650 2297 792 2333 facilitas
813 2297 985 2337 credendi,
1013 2297 1091 2332 fini-

318 2350 432 2392 timae,
451 2361 511 2394 41,
529 2358 588 2391 42.
640 2347 825 2382 Voluntates
838 2347 950 2393 regiae
963 2346 1090 2394 quales,

1020 2397 1090 2431 208

1043 2447 1086 2492 78

1046 2505 1092 2541 57

1021 2546 1091 2579 208

271 2449 421 2483 Voluntas
440 2447 504 2482 Dei
523 2446 671 2482 revelata
689 2445 726 2480 &
744 2445 879 2486 secreta,

270 2498 453 2542 ls'oluptarii
471 2495 594 2542 saepius
611 2496 696 2530 fiunt
715 2494 886 2536 monachi,

271 2547 422 2591 Voluptas
442 2545 478 2579 &
495 2545 608 2587 dolor,

268 2595 459 2640 Voluptaria
476 2606 540 2637 ars,
572 2604 649 2629 120.
700 2592 886 2642 Dispertita
909 2592 1094 2628 secundum

318 2643 437 2684 sensus,
1025 2653 1039 2676 1
1048 2654 1094 2688 30

270 2694 461 2738 Voluptaria
478 2691 588 2733 floret,
614 2691 786 2740 republica
803 2691 1002 2734 declinante,
1026 2703 1089 2738 131

271 2745 380 2778 Votum
396 2740 632 2789 perniciosum,
1047 2752 1094 2788 90

273 2794 335 2826 Vox
352 2790 498 2825 humana
516 2800 618 2836 quam
634 2790 743 2832 varia,
1026 2801 1092 2825 122

271 2840 449 2876 Urbcmitas
461 2839 498 2873 δε
508 2850 645 2873 morum
658 2837 823 2884 elegantia
833 2838 969 2886 quando
981 2837 1014 2874 in
1022 2840 1096 2875 sub—

319 2888 441 2925 fidium
455 2887 524 2935 peti
535 2887 668 2927 debeat,
685 2898 703 2920 2
713 2887 766 2922 16.
794 2888 904 2923 Vestis
915 2888 961 2923 est
973 2889 1094 2931 animi,

318 2938 396 2974 ibid.
439 2937 496 2973 Ne
513 2936 547 2972 in
563 2934 813 2972 affectationem
831 2937 983 2980 transeat,
1014 2937 1094 2975 ibid.

1133 224 1233 261 Urbes
1249 225 1402 262 munitae
1419 225 1504 274 quid
1521 225 1587 263 sint
1601 226 1728 276 absque
1743 236 1844 276 gente
1858 226 1957 272 forti,

1296 304 1299 306 .
1678 278 1681 279 ⁷
1785 278 1873 326 Pag.
1887 288 1958 326 243

1135 325 1242 359 Urina
1259 324 1404 360 solvitur
1419 337 1438 360 a
1455 324 1596 373 frigore,
1886 338 1956 374 377

1137 375 1327 409 Urinatores
1337 373 1525 410 anhelitum
1540 375 1686 410 mirifice
1699 374 1871 419 cohibent,
1881 387 1893 411 1
1901 387 1958 422 30.

1184 423 1374 506 {Qiomodo
1390 423 1450 458 sub
1465 424 1558 472 aquis
1574 425 1700 460 diutius
1720 437 1856 468 manere
1884 425 1963 471 pos-

1199 482 1262 513 int,
1917 475 1934 508 8

1136 520 1216 566 Usus
1232 521 1267 555 &
1285 529 1436 556 naturam
1455 522 1492 556 δε
1510 532 1615 558 artem
1633 522 1751 559 vincit.
1892 485 1961 567 343

1136 570 1219 654 Ususl
1227 569 1361 605 rationis
1373 571 1539 607 humanae
1554 572 1588 606 in
1605 571 1833 620 spiritualibus
1846 571 1961 656 11111]ἑί-

1222 631 1274 661 ex‚
1891 632 1912 657 2

1136 632 1234 703 Utpes
1254 669 1286 703 in
1305 667 1410 704 fundo
1427 682 1604 718 aquarum,
1891 635 1965 718 3ὃὲ

1136 717 1296 752 Vulcanus
1309 718 1342 752 id
1358 719 1493 766 perficit
1503 719 1655 755 celeriter
1667 719 1759 767 quod
1773 729 1891 756 natura
1901 732 1963 768 per

1182 767 1357 814 ambages,
1383 779 1439 815 97.
1491 770 1527 803 A
1545 769 1684 804 Vulcano
1700 769 1742 804 ad
1759 767 1964 805 Minervam

1185 816 1422 852 transeundum
1436 817 1469 852 in
1481 817 1668 866 separandis
1679 817 1888 867 corporibus,
1893 829 1912 864 3
1922 830 1933 854 1
1942 830 1962 866 7

1138 866 1236 912 Vulgo
1252 866 1296 900 nil
1318 866 1532 902 moderatum
1549 877 1684 914 gratum
1699 867 1758 911 est,
1783 869 1861 916 187.
1887 869 1962 903 Vul-

1181 926 1280 962 gares
1313 915 1522 952 differentiae
1552 927 1666 952 motus
1692 917 1816 952 nullius
1848 917 1964 966 pretii,

1429 1014 1435 1020 ,
1587 1014 1596 1021 ‚
1780 967 1866 1011 284,
1893 977 1965 1013 334

1140 1012 1193 1047 De
1207 1012 1306 1062 Vulpe
1323 1013 1360 1049 δε
1378 1013 1437 1050 feli
1451 1014 1597 1069 AEsopi
1615 1014 1744 1059 fabula,
1895 1026 1963 1063 179

1139 1062 1252 1097 Vultus
1269 1062 1338 1098 five
1366 1063 1460 1099 faciei
1481 1074 1633 1107 varietas,
1664 1076 1743 1100 122.
1793 1064 1908 1100 Vultus
1925 1066 1965 1100 δι’

1187 1111 1297 1158 gestus
1315 1113 1518 1155 moderatio,
1552 1115 1629 1150 188.
1678 1114 1807 1150 Vultum
1835 1113 1879 1150 ad
1902 1114 1964 1149 de—

1187 1172 1306 1196 corum
1324 1163 1506 1209 componit
1521 1163 1623 1205 aetio,
1896 1174 1938 1211 19
1943 1175 1964 1209 3

1138 1209 1254 1244 Vultus
1271 1220 1436 1257 quantum
1452 1211 1553 1247 habet
1562 1211 1722 1259 ponderis
1736 1211 1771 1247 in
1784 1213 1966 1248 conversa-

1188 1259 1292 1302 tione,
1321 1271 1402 1305 215.
1452 1261 1665 1307 Compositio
1694 1261 1777 1308 quid
1802 1261 1963 1310 praestet,

1188 1307 1266 1345 ibid.
1295 1309 1492 1345 Hominum
1504 1311 1625 1346 notitia
1634 1323 1694 1359 per
1707 1310 1833 1346 vultum
1844 1310 1883 1346 &
1891 1323 1964 1354 ora,

1894 1370 1966 1407 230

1140 1407 1256 1442 Uxores
1275 1407 1312 1442 δι
1330 1407 1442 1453 liberi,
1789 1410 1868 1451 180,
1898 1411 1964 1445 181

1527 1508 1577 1545 X.

1235 1606 1427 1651 Enophanes
1449 1606 1486 1642 &
1509 1607 1565 1643 alii
1591 1606 1718 1643 scholas
1737 1618 1807 1642 non
1827 1619 1966 1656 aperue-

1283 1665 1374 1697 runt,
1891 1659 1934 1692 28

1138 1705 1304 1749 Xenophon
1312 1705 1527 1741 Atheniensis
1537 1706 1633 1742 viam
1644 1705 1760 1741 stravit
1767 1705 1810 1741 ad
1822 1667 1966 1742 everfi07-

1188 1765 1266 1788 nem
1285 1754 1428 1798 Perfiae,
1457 1767 1516 1800 31,
1544 1766 1602 1801 55.
1655 1755 1688 1790 E
1719 1755 1800 1790 ludo
1822 1755 1968 1792 Socratis

1188 1814 1266 1837 cum
1281 1802 1375 1849 Cyro
1383 1803 1520 1851 juniore
1532 1805 1566 1839 in
1578 1803 1697 1839 Afiam
1710 1803 1894 1852 profectus,
1905 1806 1966 1851 5‘4.

1188 1850 1297 1898 quue
1309 1853 1355 1887 ob
1365 1854 1551 1889 amicitiam
1565 1854 1722 1895 Proxeni,
1736 1853 1815 1890 ibid.
1842 1853 1873 1888 F
1873 1854 1967 1889 alino

1187 1901 1276 1947 regis
1293 1900 1407 1948 legato
1420 1903 1609 1951 respondet,
1635 1902 1713 1939 ibid.
1764 1902 1965 1940 Exercitum

1186 1950 1359 1996 Babylone
1377 1951 1411 1987 in
1425 1952 1600 1988 Graeciam
1617 1951 1762 1994 reduxit,
1785 1952 1861 1988 ibid.
1912 1953 1967 1988 A-

1187 2011 1319 2034 morem
1337 2003 1473 2038 caeteris
1489 2001 1665 2039 affeftibus
1689 2000 1850 2050 praefert,
1880 2011 1965 2038 212.

1189 2048 1267 2084 Vide
1280 2061 1313 2096 p.
1336 2062 1392 2096 39.

1139 2097 1398 2144 valobalsamum‚
1894 2101 1964 2146 388

1533 2201 1577 2236 Z.

1237 2298 1299 2333 Elo
1304 2300 1406 2345 typia,
1872 2299 1885 2334 ἑ
1898 2309 1914 2333 1
1922 2299 1969 2343 84

1137 2299 1232 2394 Z
1261 2349 1358 2383 Zelus
1374 2360 1489 2385 caecus
1501 2347 1734 2397 philosophiae
1750 2344 1895 2385 naturali
1912 2347 1964 2383 in-

1191 2397 1325 2439 imicus,
1895 2397 1970 2444 296

1138 2447 1269 2482 Zembla
1286 2458 1389 2488 nova,
1894 2457 1967 2493 320

1138 2497 1273 2538 Zenoni,
1301 2507 1426 2531 nomen
1445 2495 1621 2544 sophistae,
1648 2497 1830 2544 competit,
1893 2499 1965 2544 287

1138 2546 1290 2587 Zenonis,
1317 2545 1475 2588 Socratis,
1496 2546 1533 2580 &
1550 2546 1693 2592 Epicuri
1711 2545 1857 2588 scholae,
1898 2547 1966 2593 198

1137 2594 1321 2643 —quibus
1347 2594 1381 2629 in
1398 2596 1498 2631 rebus
1515 2594 1715 2631 felicitatem
1741 2595 1966 2639 collocarunt,
2029 2592 2031 2595 ’

1137 2713 1186 2720 --
1203 2692 1390 2740 Pyrrhonis
1409 2692 1447 2728 δε
1463 2691 1607 2735 Herilli,
1883 2643 1968 2742 ,gog

1137 2742 1322 2785 Zibethum‚
1894 2754 1966 2791 307

1138 2793 1300 2834 Zizania,
1318 2790 1401 2828 262.
1428 2791 1512 2827 Non
1523 2790 1676 2840 protinus
1688 2789 1882 2834 evellenda,
1895 2791 1966 2838 265

1138 2841 1273 2877 Zodiaci
1285 2840 1399 2888 quoad
1412 2850 1517 2876 terrae
1529 2839 1652 2876 fructus
1663 2840 1880 2883 incrementa,
1893 2852 1968 2887 350

1139 2892 1248 2926 Zonae
1260 2889 1406 2925 torridae
1418 2889 1524 2925 aestus
1536 2889 1647 2924 minus
1657 2889 1848 2925 tolerabiles
1861 2901 1967 2938 quam

1189 2941 1251 2988 ipsi
1267 2938 1551 2987 aequinoffiales,
1567 2938 1606 2973 δε
1622 2950 1739 2986 quare,
1897 2941 1964 2986 328
2004 2959 2008 2963 ·

1509 3085 1964 3123 APPENDIX:
