2040 3439
121 229 217 277 320

629 199 958 255 NOVUM
1028 200 1520 248 ORGANUM.
1730 198 1902 247 Lib.11-.

300 309 447 362 nariph,
475 318 586 355 atque
610 306 725 341 etiam
747 304 786 338 in
802 298 923 337 Andis
938 299 1128 344 Pcruviae,
1158 296 1232 346 ipsa
1252 296 1392 346 fastigia
1411 298 1607 334 montium
1633 297 1720 334 nive
1739 298 1908 337 destituta

301 363 398 405 fint;
428 362 573 399 nivibus
602 356 806 402 iacentibus
829 365 979 392 tantum
1003 353 1159 390 inferius
1176 352 1216 390 in
1231 351 1391 390 ascensu.
1449 352 1579 400 Atque
1600 351 1749 402 insuper
1777 355 1836 390 ae'r
1866 355 1908 392 in

304 421 377 457 illis
393 415 473 470 ipsis
487 413 684 453 verticibus
709 411 905 448 montium
920 408 1213 458 deprehenditur
1227 409 1389 444 minime
1407 406 1575 456 frigidus,
1605 406 1665 443 sed
1693 409 1817 444 tenuis
1830 411 1909 457 tan·

304 485 387 512 tum
409 475 443 509 δε
463 483 547 508 acer
559 487 572 512 ‚-
602 468 698 505 adeo
726 476 780 512 ut,
809 464 848 501 in
864 464 988 500 Andis
1004 472 1147 513 pungat
1161 465 1199 500 ὅ(
1214 463 1387 500 vulneret
1411 463 1544 499 oculos
1570 473 1634 511 per
1649 461 1807 499 nimiam
1821 464 1911 500 acri-

306 529 491 573 moniam,
520 535 632 572 atque
651 521 763 560 etiam
787 530 928 569 pungat
953 531 995 555 os
1011 516 1221 564 ventriculi,
1237 519 1274 554 δε
1296 516 1446 554 inducat
1465 515 1666 554 vomitum.
1725 517 1851 568 Atque
1866 517 1912 556 ab

306 583 470 629 antiquis
495 590 670 617 notatum
690 576 751 622 est,
781 577 821 612 in
845 576 983 610 vertice
1005 574 1166 623 Olympi
1195 582 1340 610 tantam
1367 572 1472 609 fuiffe
1498 573 1591 608 aeris
1607 573 1842 619 tenuitatem,
1870 582 1913 611 ut

306 637 448 675 necess'e
477 633 588 672 fuerit
610 634 696 678 illis,
724 632 789 679 qui
811 642 858 666 eo
873 628 1122 674 ascenderant,
1147 627 1269 665 secum
1290 626 1431 664 deferre
1457 625 1628 676 spongias
1643 637 1749 664 aceto
1770 629 1806 664 ὃ(
1821 639 1915 676 aqua

307 691 540 736 madefafflrs,
570 687 702 738 easque
726 686 771 723 ad
787 698 830 722 os
845 687 881 721 ὅ(
896 695 1001 721 nares
1017 683 1173 720 subinde
1193 693 1382 731 apponere
1398 695 1408 722 3
1434 680 1518 729 quia
1538 683 1598 718 a'e'r
1612 682 1663 718 ob
1691 681 1914 720 tenuitatem

307 759 390 784 non
414 741 617 783 sufficiebat
642 741 886 791 respirationi.
943 740 986 776 In
1001 750 1081 786 quo
1097 739 1235 775 vertice
1251 739 1364 774 etiam
1391 738 1550 773 relatum
1578 736 1626 773 cst
1644 747 1787 774 tantam
1811 737 1915 775 fuiffe

309 802 546 839 serenitatem
571 802 607 837 &
635 796 948 845 tranquillitatem
974 806 994 830 a
1010 794 1145 842 pluviis
1166 795 1201 829 δε
1228 793 1376 829 nivibus
1393 794 1428 827 ὅ(
1444 793 1586 832 ventis;
1618 802 1657 828 ut
1688 791 1915 830 sacrificanti-

308 858 377 894 bus
391 858 520 893 literae
549 853 752 904 descriptae
775 848 896 900 digito
910 848 949 885 in
977 848 1164 885 cineribus
1195 846 1456 884 sacrificiorum
1474 846 1578 897 super
1592 846 1822 899 aramJovis,
1844 859 1917 885 ma-

309 922 445 949 nerent
463 912 503 947 in
532 921 674 947 annum
691 907 907 956 proximum
931 902 1067 951 absque
1083 904 1158 940 ulla
1174 902 1466 952 perturbatione.
1524 905 1657 949 Atque
1677 903 1792 938 etiam
1804 901 1918 940 hodie

309 967 550 1004 ascendentes
564 965 609 1000 ad
626 964 802 1000 verticem
823 961 930 996 Picus
945 959 992 995 de
1008 958 1213 1007 Tenariph,
1242 969 1290 994 eo
1315 958 1455 994 vadunt
1490 957 1607 993 noan
1639 959 1675 993 &
1704 967 1786 994 non
1807 955 1919 994 inter*

307 1023 373 1059 diu
389 1036 398 1062 ς
426 1023 461 1058 &
479 1021 596 1071 paulo
611 1018 689 1068 post
707 1027 835 1053 ortum
863 1013 950 1051 solis
975 1023 1183 1050 monentur
1202 1015 1238 1050 ὅ(
1263 1011 1468 1049 excitantur
1496 1024 1516 1049 a
1534 1010 1688 1048 ducibus
1717 1011 1798 1058 suis,
1813 1022 1854 1049 ut
1868 1011 1920 1050 fe-

302 1076 440 1114 stinent
462 1074 683 1111 descendere
711 1082 864 1121 propter
892 1070 1104 1119 periculum
1136 1067 1194 1119 (ut
1215 1067 1376 1116 videtur)
1412 1080 1434 1104 a
1457 1068 1642 1104 tenuitate
1666 1067 1767 1114 aeris,
1787 1079 1835 1105 ne
1852 1065 1920 1104 sol-

305 1143 366 1170 vat
388 1128 536 1181 spiritus
556 1131 593 1166 ὃ(
613 1126 781 1165 suffocet.

885 1213 962 1255 Ad
965 1213 1189 1269 ficundam,
1216 1215 1350 1253 tertia.

366 1297 624 1336 REFLExlo
652 1295 843 1332 radiorum
876 1292 962 1330 solis
990 1291 1028 1329 in
1059 1290 1270 1341 regionibus
1297 1301 1415 1340 prope
1443 1288 1602 1327 circulos
1615 1291 1772 1341 polares,
1794 1290 1922 1329 admo-

312 1354 405 1391 dum
421 1353 554 1390 debilis
581 1344 810 1389 &inefficax
838 1346 1025 1385 invenitur
1046 1349 1085 1384 in
1113 1348 1261 1387 calore3
1291 1346 1386 1382 adeo
1415 1356 1454 1382 ut
1482 1346 1627 1395 Belgae,
1656 1347 1720 1394 qui
1744 1346 1923 1395 hyberna-

315 1419 402 1446 runt
424 1410 462 1444 in
480 1409 592 1445 Nova
608 1406 778 1451 Zembla,
807 1416 894 1441 cum
916 1403 1148 1454 expee‘mrent
1168 1401 1269 1440 navis
1288 1400 1369 1438 suae
1385 1399 1647 1437 liberationem
1673 1404 1709 1438 ὅ(
1735 1400 1923 1439 deobstru-

315 1465 486 1500 &ionem
511 1475 530 1499 a
559 1462 703 1511 glaciali
722 1460 839 1506 mole,
870 1457 982 1509 (quae
1002 1468 1084 1494 eam
1101 1454 1312 1505 obsederat)
1333 1467 1399 1505 per
1418 1454 1522 1492 initia
1537 1453 1772 1508 menfisJulii
1789 1455 1847 1506 spe
1862 1455 1924 1494 sua

316 1519 476 1556 frustrati
505 1516 586 1563 sint,
624 1518 660 1553 δε
694 1513 811 1552 εοειᾶἰ
844 1513 995 1565 scaphae
1025 1512 1060 1549 se
1097 1513 1350 1549 committere.
1407 1512 1533 1561 Itaque
1565 1508 1657 1547 radii
1685 1511 1771 1548 solis
1796 1510 1925 1549 direffi

314 1574 489 1611 videntur
518 1584 651 1624 parum
676 1570 788 1622 posse,
819 1571 932 1606 etiam
954 1567 1059 1617 super
1081 1576 1220 1604 terram
1240 1567 1417 1618 planatus
1446 1578 1516 1602 nec
1546 1566 1671 1603 reflexi
1705 1564 1829 1613 eriam,
1858 1565 1923 1604 nifi

317 1627 616 1677 multiplicentur
642 1629 678 1663 ὃ(
699 1623 889 1668 uniantur,
918 1623 1023 1672 quod
1050 1621 1103 1668 fit,
1134 1633 1220 1659 cum
1251 1621 1305 1658 sol
1335 1620 1449 1670 magis
1477 1623 1596 1670 vergit
1619 1621 1665 1657 ad
1680 1621 1924 1672 perpendicu-

317 1685 399 1722 lum
416 1697 426 1724 3
455 1685 543 1731 quia
560 1693 643 1719 tum
659 1678 863 1717 incidentia
879 1677 1069 1715 radiorum
1089 1677 1178 1714 facit
1198 1677 1357 1726 angulos
1376 1677 1559 1712 acutiores
1575 1690 1585 1717 3
1604 1685 1645 1713 ut
1666 1677 1785 1713 lineae
1806 1677 1925 1715 radio-

317 1750 403 1776 rum
423 1736 492 1775 fint
519 1739 637 1786 magis
660 1734 699 1772 in
727 1735 942 1784 propinquo
958 1750 972 1775 ,-
1002 1733 1067 1770 ubi
1084 1742 1214 1768 contra
1235 1733 1274 1768 in
1303 1732 1448 1780 magnis
1467 1729 1749 1779 obliquitatibus
1763 1730 1850 1768 solis
1865 1744 1927 1769 an-

318 1794 398 1843 guli
421 1793 504 1830 sunt
527 1792 632 1830 valde
652 1788 787 1836 obtufi,
817 1791 854 1826 &
874 1788 1034 1838 proinde
1064 1786 1183 1824 lineae
1208 1787 1401 1822 radiorum
1430 1787 1547 1834 magis
1563 1786 1746 1823 distantes.
1779 1786 1851 1824 Sed
1872 1788 1926 1824 in-

320 1847 433 1885 terim
449 1848 662 1884 notandum
679 1845 738 1891 est,
755 1845 889 1880 multas
904 1842 971 1879 effe
985 1842 1086 1894 posse
1107 1840 1344 1893 operationes
1360 1841 1553 1877 radiorum
1575 1840 1673 1888 solis,
1683 1852 1793 1892 atque
1813 1840 1928 1879 etiam

321 1915 366 1940 ex
390 1913 521 1939 natura
543 1900 662 1946 calidi,
691 1911 784 1948 quae
805 1911 887 1935 non
903 1897 988 1935 sunt
1011 1896 1319 1946 proportionatae
1338 1896 1539 1944 adtaCtum
1556 1896 1743 1937 nostrum3
1770 1896 1866 1934 adeo
1887 1906 1928 1935 ut

321 1958 486 2007 respeciu
508 1957 622 1993 nostri
644 1967 724 1991 non
745 1964 950 2003 operentur
975 1953 1090 2001 usque
1119 1952 1163 1988 ad
1183 1951 1478 1998 calefastioncni,
1508 1949 1568 1988 scd
1586 1950 1749 2001 respectu
1766 1952 1928 1990 aliorum

317 2014 601 2051 nonnullorum
625 2020 834 2060 corporum
863 2019 1092 2057 exequantur
1127 2019 1241 2056 opera
1263 2004 1383 2043 calidi.

875 2098 950 2140 Ad
962 2097 1187 2152 ficztndam,
1216 2106 1370 2153 quarta.

373 2180 493 2217 FIAT
523 2178 739 2225 hujusmodi
759 2180 1073 2231 experimentum.
1129 2175 1351 2227 Accipiatur
1368 2175 1560 2224 speculum
1575 2175 1811 2223 fabricatum,
1841 2186 1930 2223 qon-

319 2245 375 2273 tra
398 2248 439 2272 ac
458 2235 499 2272 fit
520 2237 560 2273 in
576 2235 730 2287 speculis
750 2231 1061 2271 comburentibus
1081 2245 1092 2272 3
1120 2233 1158 2268 δε
1178 2232 1441 2280 interponatur
1461 2231 1560 2267 inter
1581 2242 1738 2268 manum
1751 2232 1788 2268 ὅ(
1808 2230 1930 2268 radios

319 2289 429 2331 solis;
460 2293 496 2327 ὃς
517 2290 579 2327 fiat
603 2289 824 2335 observatio,
856 2299 986 2326 utrum
1008 2288 1155 2324 minuat
1186 2288 1353 2323 calorem
1381 2284 1476 2331 solis,
1506 2285 1831 2334 quemadmodum
1859 2284 1933 2335 spe-

319 2347 450 2382 culum
481 2346 708 2382 comburens
737 2344 900 2381 eundem
935 2351 1045 2392 auget
1077 2343 1114 2378 &
1133 2339 1306 2378 intendit.
1364 2341 1607 2382 Manifestum
1627 2341 1676 2378 est
1695 2339 1798 2378 enim
1826 2340 1930 2390 quod

320 2401 444 2437 radios
462 2402 620 2450 opticOS,
649 2410 762 2450 prout
784 2398 982 2437 fabricatur
1003 2395 1193 2446 speculum
1210 2397 1250 2432 in
1271 2393 1450 2433 dcnsstate
1472 2396 1657 2445 inaequali
1674 2395 1838 2447 respcstu
1854 2407 1932 2432 me-

321 2455 375 2490 dii
403 2458 440 2492 &
468 2457 638 2501 laterum,
667 2457 718 2492 ita
742 2465 916 2505 apparere
940 2451 1158 2490 simulachra
1177 2453 1295 2501 magis
1322 2449 1466 2498 diffusa,
1496 2462 1559 2488 aut
1585 2452 1705 2500 magis
1727 2450 1928 2488 contracta.

322 2510 449 2558 Itaque
464 2511 566 2548 idem
592 2510 798 2548 videndum
827 2511 868 2547 in
893 2509 1029 2546 calore.

879 2599 955 2640 Ad
967 2597 1191 2652 frastradam,
1220 2599 1372 2652 quinta.

378 2674 497 2710 Fiar
519 2676 818 2725 experimentum
835 2673 1045 2723 diligenter,
1062 2682 1188 2709 utrum
1205 2683 1270 2720 per
1284 2671 1428 2722 specula
1447 2671 1709 2708 comburentia
1733 2666 1932 2708 fortiffima

325 2729 363 2764 δε
378 2727 520 2777 optime
540 2728 724 2775 fabricata,
755 2728 845 2766 radii
874 2731 984 2766 lunae
1006 2723 1148 2779 poffint
1163 2728 1334 2777 excipi&
1350 2725 1478 2775 colligi
1494 2728 1533 2763 in
1559 2727 1724 2774 aliquem
1749 2726 1807 2763 vel
1823 2726 1932 2762 mini—

325 2794 436 2819 mum
460 2784 617 2831 gradum
636 2785 790 2834 teporis.
845 2786 876 2821 Is
912 2795 1003 2821 vero
1038 2782 1172 2832 gradus
1200 2782 1350 2830 teporis,
1381 2779 1405 2819 si
1425 2781 1572 2818 fortass'e
1592 2780 1704 2817 nimis
1731 2779 1872 2817 subtilis
1895 2782 1933 2817 ὅ(

326 2838 460 2874 debilis
485 2837 607 2882 fuerit,
637 2850 677 2874 ut
696 2840 740 2875 ad
758 2840 899 2876 taCtum
919 2839 1059 2891 percipi
1078 2839 1113 2874 ὅ(
1128 2836 1357 2886 deprehendi
1372 2849 1453 2874 non
1466 2833 1579 2886 possit
1595 2849 1605 2876 3
1634 2833 1933 2885 confugiendum

325 2891 393 2929 erit
413 2892 458 2928 ad
483 2892 576 2928 vitra
591 2893 665 2937 illa,
695 2905 789 2941 quae
804 2892 969 2931 indicant
990 2891 1299 2930 constitutionem
1315 2893 1407 2928 a'eris
1421 2891 1580 2928 calidam
1596 2900 1657 2927 aut
1668 2889 1840 2940 frigidam
1858 2904 1867 2930 ς
1883 2892 1934 2926 ita

325 2957 367 2984 ut
397 2945 487 2983 radii
514 2947 624 2983 lunae
652 2958 717 2995 per
746 2948 936 2997 speculum
952 2948 1182 2986 comburens
1196 2946 1362 2983 incidant
1379 2948 1414 2982 &
1431 2947 1612 2991 jaciantur
1626 2943 1664 2981 in
1679 2945 1933 2982 summitatem

326 3000 416 3041 vitri
431 3000 644 3047 huiusmodi
661 3015 671 3041 3
700 3012 810 3050 atque
831 3013 914 3040 tum
945 3013 1113 3050 notetur,
1142 2999 1167 3038 sl
1187 3001 1249 3039 fiat
1269 2996 1456 3051 depreffio
1470 3012 1585 3050 aquae
1599 3012 1666 3052 per
1680 3010 1866 3052 teporem.

1865 3104 1937 3147 Ad
