<?xml version="1.0" encoding="UTF-8"?>
<!DOCTYPE html PUBLIC "-//W3C//DTD XHTML 1.0 Transitional//EN"
    "http://www.w3.org/TR/xhtml1/DTD/xhtml1-transitional.dtd">
<html xmlns="http://www.w3.org/1999/xhtml" xml:lang="en" lang="en">
 <head>
  <title>
</title>
<meta http-equiv="Content-Type" content="text/html;charset=utf-8" />
  <meta name='ocr-system' content='tesseract 3.04.00' />
  <meta name='ocr-capabilities' content='ocr_page ocr_carea ocr_par ocr_line ocrx_word'/>
</head>
<body>
  <div class='ocr_page' id='page_1' title='image "./worksoffrancisb01baco_0210.png"; bbox 0 0 2040 3439; ppageno 0'>
   <div class='ocr_carea' id='block_1_1' title="bbox 167 212 236 274">
    <p class='ocr_par' dir='ltr' id='par_1_1' title="bbox 167 212 236 274">
     <span class='ocr_line' id='line_1_1' title="bbox 167 212 236 274; baseline 0 -14"><span class='ocrx_word' id='word_1_1' title='bbox 167 212 236 274; x_wconf 75' lang='lat'>96</span> 
     </span>
    </p>
   </div>
   <div class='ocr_carea' id='block_1_2' title="bbox 388 195 1917 256">
    <p class='ocr_par' dir='ltr' id='par_1_2' title="bbox 388 195 1917 256">
     <span class='ocr_line' id='line_1_2' title="bbox 388 195 1917 256; baseline -0.001 0"><span class='ocrx_word' id='word_1_2' title='bbox 388 202 487 256; x_wconf 83' lang='lat' dir='ltr'>DE</span> <span class='ocrx_word' id='word_1_3' title='bbox 540 200 1036 256; x_wconf 80' lang='lat' dir='ltr'>AUGMENTIS</span> <span class='ocrx_word' id='word_1_4' title='bbox 1086 195 1917 254; x_wconf 67' lang='lat' dir='ltr'>SCI&#39;ENTIA&#39;RUM.Lib.111·,</span> 
     </span>
    </p>
   </div>
   <div class='ocr_carea' id='block_1_3' title="bbox 306 298 1922 569">
    <p class='ocr_par' dir='ltr' id='par_1_3' title="bbox 306 298 1922 569">
     <span class='ocr_line' id='line_1_3' title="bbox 306 298 1918 354; baseline -0.002 -9"><span class='ocrx_word' id='word_1_5' title='bbox 306 317 380 354; x_wconf 87' lang='lat' dir='ltr'>ces,</span> <span class='ocrx_word' id='word_1_6' title='bbox 408 318 490 344; x_wconf 91' lang='lat' dir='ltr'>non</span> <span class='ocrx_word' id='word_1_7' title='bbox 505 315 631 343; x_wconf 89' lang='lat' dir='ltr'>rerum</span> <span class='ocrx_word' id='word_1_8' title='bbox 648 301 879 349; x_wconf 81' lang='lat' dir='ltr'>subtilitates,</span> <span class='ocrx_word' id='word_1_9' title='bbox 909 300 1024 338; x_wconf 87' lang='lat' dir='ltr'>secuti</span> <span class='ocrx_word' id='word_1_10' title='bbox 1039 298 1125 338; x_wconf 87' lang='lat' dir='ltr'>sunt</span> <span class='ocrx_word' id='word_1_11' title='bbox 1140 300 1329 338; x_wconf 90' lang='lat' dir='ltr'>homines.</span> <span class='ocrx_word' id='word_1_12' title='bbox 1386 300 1649 353; x_wconf 72' lang='lat' dir='ltr'>Quamobrem</span> <span class='ocrx_word' id='word_1_13' title='bbox 1663 300 1805 340; x_wconf 88' lang='lat' dir='ltr'>horum</span> <span class='ocrx_word' id='word_1_14' title='bbox 1819 314 1918 342; x_wconf 85' lang='lat' dir='ltr'>tran·</span> 
     </span>
     <span class='ocr_line' id='line_1_4' title="bbox 309 354 1919 406; baseline -0.002 -6"><span class='ocrx_word' id='word_1_15' title='bbox 309 361 584 406; x_wconf 87' lang='lat' dir='ltr'>scendentium,</span> <span class='ocrx_word' id='word_1_16' title='bbox 616 356 687 395; x_wconf 83' lang='lat' dir='ltr'>five</span> <span class='ocrx_word' id='word_1_17' title='bbox 707 358 977 396; x_wconf 88' lang='lat' dir='ltr'>conditionum</span> <span class='ocrx_word' id='word_1_18' title='bbox 1001 356 1149 393; x_wconf 90' lang='lat' dir='ltr'>entium</span> <span class='ocrx_word' id='word_1_19' title='bbox 1173 356 1464 394; x_wconf 87' lang='lat' dir='ltr'>adventitiarum</span> <span class='ocrx_word' id='word_1_20' title='bbox 1485 354 1771 404; x_wconf 74' lang='lat' dir='ltr'>inquisitionem</span> <span class='ocrx_word' id='word_1_21' title='bbox 1791 370 1919 399; x_wconf 88' lang='lat' dir='ltr'>veram</span> 
     </span>
     <span class='ocr_line' id='line_1_5' title="bbox 309 410 1920 462; baseline -0.006 -7"><span class='ocrx_word' id='word_1_22' title='bbox 309 420 348 455; x_wconf 87' lang='lat'>&amp;</span> <span class='ocrx_word' id='word_1_23' title='bbox 369 414 538 462; x_wconf 87' lang='lat' dir='ltr'>solidam,</span> <span class='ocrx_word' id='word_1_24' title='bbox 577 413 783 451; x_wconf 89' lang='lat' dir='ltr'>secundum</span> <span class='ocrx_word' id='word_1_25' title='bbox 805 423 958 449; x_wconf 87' lang='lat' dir='ltr'>naturae</span> <span class='ocrx_word' id='word_1_26' title='bbox 979 422 1061 448; x_wconf 89' lang='lat' dir='ltr'>non</span> <span class='ocrx_word' id='word_1_27' title='bbox 1091 410 1275 449; x_wconf 91' lang='lat' dir='ltr'>sermonis</span> <span class='ocrx_word' id='word_1_28' title='bbox 1294 413 1407 460; x_wconf 79' lang='lat' dir='ltr'>leges,</span> <span class='ocrx_word' id='word_1_29' title='bbox 1446 410 1725 462; x_wconf 81' lang='lat' dir='ltr'>philosophiam</span> <span class='ocrx_word' id='word_1_30' title='bbox 1750 415 1920 462; x_wconf 79' lang='lat' dir='ltr'>primam</span> 
     </span>
     <span class='ocr_line' id='line_1_6' title="bbox 307 464 1922 521; baseline -0.006 -11"><span class='ocrx_word' id='word_1_31' title='bbox 307 473 473 521; x_wconf 80' lang='lat' dir='ltr'>recipere</span> <span class='ocrx_word' id='word_1_32' title='bbox 494 470 681 507; x_wconf 87' lang='lat' dir='ltr'>volumus.</span> <span class='ocrx_word' id='word_1_33' title='bbox 739 468 872 516; x_wconf 85' lang='lat' dir='ltr'>Atque</span> <span class='ocrx_word' id='word_1_34' title='bbox 886 468 933 504; x_wconf 91' lang='lat' dir='ltr'>de</span> <span class='ocrx_word' id='word_1_35' title='bbox 954 465 1193 516; x_wconf 85' lang='lat' dir='ltr'>philosophia</span> <span class='ocrx_word' id='word_1_36' title='bbox 1206 467 1330 518; x_wconf 89' lang='lat' dir='ltr'>prima</span> <span class='ocrx_word' id='word_1_37' title='bbox 1352 464 1437 513; x_wconf 79' lang='lat' dir='ltr'>(five</span> <span class='ocrx_word' id='word_1_38' title='bbox 1452 466 1500 503; x_wconf 88' lang='lat' dir='ltr'>dc</span> <span class='ocrx_word' id='word_1_39' title='bbox 1520 466 1675 518; x_wconf 83' lang='lat' dir='ltr'>Sophia)</span> <span class='ocrx_word' id='word_1_40' title='bbox 1694 480 1809 517; x_wconf 83' lang='lat' dir='ltr'>quam</span> <span class='ocrx_word' id='word_1_41' title='bbox 1823 468 1922 509; x_wconf 71' lang='lat' dir='ltr'>inter</span> 
     </span>
     <span class='ocr_line' id='line_1_7' title="bbox 310 519 1440 569; baseline -0.006 -4"><span class='ocrx_word' id='word_1_42' title='bbox 310 526 508 565; x_wconf 75' lang='lat' dir='ltr'>desiderata</span> <span class='ocrx_word' id='word_1_43' title='bbox 523 523 622 561; x_wconf 89' lang='lat' dir='ltr'>haud</span> <span class='ocrx_word' id='word_1_44' title='bbox 637 521 833 560; x_wconf 88' lang='lat' dir='ltr'>immerito</span> <span class='ocrx_word' id='word_1_45' title='bbox 849 520 1059 569; x_wconf 85' lang='lat' dir='ltr'>retulimus,</span> <span class='ocrx_word' id='word_1_46' title='bbox 1087 521 1179 560; x_wconf 83' lang='lat' dir='ltr'>haee</span> <span class='ocrx_word' id='word_1_47' title='bbox 1193 522 1291 560; x_wconf 64' lang='lat' dir='ltr'>dista</span> <span class='ocrx_word' id='word_1_48' title='bbox 1304 519 1387 559; x_wconf 74' lang='lat' dir='ltr'>sint.</span> <span class='ocrx_word' id='word_1_49' title='bbox 1438 534 1440 536; x_wconf 92' lang='lat'>·</span> 
     </span>
    </p>
   </div>
   <div class='ocr_carea' id='block_1_4' title="bbox 937 691 1272 746">
    <p class='ocr_par' dir='ltr' id='par_1_4' title="bbox 937 691 1272 746">
     <span class='ocr_line' id='line_1_8' title="bbox 937 691 1272 746; baseline -0.003 0"><span class='ocrx_word' id='word_1_50' title='bbox 937 700 978 746; x_wconf 93' lang='lat' dir='ltr'>C</span> <span class='ocrx_word' id='word_1_51' title='bbox 1015 694 1062 746; x_wconf 88' lang='lat' dir='ltr'><strong>A</strong></span> <span class='ocrx_word' id='word_1_52' title='bbox 1095 691 1146 746; x_wconf 93' lang='lat' dir='ltr'>P.</span> <span class='ocrx_word' id='word_1_53' title='bbox 1212 691 1272 745; x_wconf 90' lang='lat' dir='ltr'>II.</span> 
     </span>
    </p>
   </div>
   <div class='ocr_carea' id='block_1_5' title="bbox 311 773 1924 897">
    <p class='ocr_par' dir='ltr' id='par_1_5' title="bbox 311 773 1924 897">
     <span class='ocr_line' id='line_1_9' title="bbox 311 773 1924 846; baseline 0.001 -17"><span class='ocrx_word' id='word_1_54' title='bbox 311 787 388 829; x_wconf 78' lang='lat' dir='ltr'>De</span> <span class='ocrx_word' id='word_1_55' title='bbox 409 788 602 845; x_wconf 84' lang='lat' dir='ltr'>theologia</span> <span class='ocrx_word' id='word_1_56' title='bbox 617 788 820 829; x_wconf 78' lang='lat' dir='ltr'>naturali:</span> <span class='ocrx_word' id='word_1_57' title='bbox 850 786 898 833; x_wconf 64' lang='lat' dir='ltr'>dy</span> <span class='ocrx_word' id='word_1_58' title='bbox 913 786 1090 827; x_wconf 59' lang='lat' dir='ltr'>domina</span> <span class='ocrx_word' id='word_1_59' title='bbox 1113 786 1160 826; x_wconf 88' lang='lat' dir='ltr'>de</span> <span class='ocrx_word' id='word_1_60' title='bbox 1174 786 1345 840; x_wconf 64' lang='lat' dir='ltr'>Angelis</span> <span class='ocrx_word' id='word_1_61' title='bbox 1370 773 1418 831; x_wconf 56' lang='lat'>&lt;72⁹</span> <span class='ocrx_word' id='word_1_62' title='bbox 1439 785 1654 839; x_wconf 40' lang='lat' dir='ltr'>t2,‘;i;·.⁵f1.-·&#39;bzss</span> <span class='ocrx_word' id='word_1_63' title='bbox 1664 808 1680 835; x_wconf 78' lang='lat'>,-</span> <span class='ocrx_word' id='word_1_64' title='bbox 1707 802 1808 843; x_wconf 80' lang='lat' dir='ltr'>quae</span> <span class='ocrx_word' id='word_1_65' title='bbox 1826 782 1924 846; x_wconf 65' lang='lat' dir='ltr'>‘just</span> 
     </span>
     <span class='ocr_line' id='line_1_10' title="bbox 931 842 1304 897; baseline -0.003 -15"><span class='ocrx_word' id='word_1_66' title='bbox 931 842 1018 882; x_wconf 87' lang='lat' dir='ltr'>dem</span> <span class='ocrx_word' id='word_1_67' title='bbox 1033 842 1085 896; x_wconf 80' lang='lat' dir='ltr'>cst</span> <span class='ocrx_word' id='word_1_68' title='bbox 1098 842 1304 897; x_wconf 74' lang='lat' dir='ltr'><em>appendix.</em></span> 
     </span>
    </p>
   </div>
   <div class='ocr_carea' id='block_1_6' title="bbox 419 953 1923 1063">
    <p class='ocr_par' dir='ltr' id='par_1_6' title="bbox 419 953 1923 1063">
     <span class='ocr_line' id='line_1_11' title="bbox 419 953 1923 1008; baseline 0.001 -12"><span class='ocrx_word' id='word_1_69' title='bbox 419 958 578 996; x_wconf 93' lang='lat' dir='ltr'>OLLO</span> <span class='ocrx_word' id='word_1_70' title='bbox 589 957 759 995; x_wconf 91' lang='lat' dir='ltr'>CATA</span> <span class='ocrx_word' id='word_1_71' title='bbox 789 958 903 1008; x_wconf 81' lang='lat' dir='ltr'>igitur</span> <span class='ocrx_word' id='word_1_72' title='bbox 918 955 979 993; x_wconf 89' lang='lat' dir='ltr'>sua</span> <span class='ocrx_word' id='word_1_73' title='bbox 994 956 1034 993; x_wconf 90' lang='lat' dir='ltr'>in</span> <span class='ocrx_word' id='word_1_74' title='bbox 1050 954 1133 993; x_wconf 86' lang='lat' dir='ltr'>sede</span> <span class='ocrx_word' id='word_1_75' title='bbox 1148 953 1347 992; x_wconf 89' lang='lat' dir='ltr'>communi</span> <span class='ocrx_word' id='word_1_76' title='bbox 1364 953 1603 993; x_wconf 67' lang='lat' dir='ltr'>scientiarum</span> <span class='ocrx_word' id='word_1_77' title='bbox 1618 965 1784 1005; x_wconf 85' lang='lat' dir='ltr'>parente,</span> <span class='ocrx_word' id='word_1_78' title='bbox 1812 957 1923 998; x_wconf 77' lang='lat' dir='ltr'>instar</span> 
     </span>
     <span class='ocr_line' id='line_1_12' title="bbox 440 1010 1386 1063; baseline -0.004 -12"><span class='ocrx_word' id='word_1_79' title='bbox 440 1012 709 1063; x_wconf 88' lang='lat' dir='ltr'>Berecynthiae</span> <span class='ocrx_word' id='word_1_80' title='bbox 728 1023 831 1051; x_wconf 87' lang='lat' dir='ltr'>tanta</span> <span class='ocrx_word' id='word_1_81' title='bbox 851 1012 1049 1062; x_wconf 80' lang='lat' dir='ltr'>gaudentis</span> <span class='ocrx_word' id='word_1_82' title='bbox 1064 1011 1211 1048; x_wconf 79' lang='lat' dir='ltr'>coelesti</span> <span class='ocrx_word' id='word_1_83' title='bbox 1235 1010 1386 1051; x_wconf 81' lang='lat' dir='ltr'>sobole3</span> 
     </span>
    </p>
   </div>
   <div class='ocr_carea' id='block_1_7' title="bbox 617 1082 1617 1137">
    <p class='ocr_par' dir='ltr' id='par_1_7' title="bbox 617 1082 1617 1137">
     <span class='ocr_line' id='line_1_13' title="bbox 617 1082 1617 1137; baseline -0.004 -12"><span class='ocrx_word' id='word_1_84' title='bbox 617 1087 762 1127; x_wconf 83' lang='lat' dir='ltr'><em>Omnes</em></span> <span class='ocrx_word' id='word_1_85' title='bbox 778 1083 990 1133; x_wconf 70' lang='lat' dir='ltr'>coelicolas,</span> <span class='ocrx_word' id='word_1_86' title='bbox 1018 1097 1146 1123; x_wconf 78' lang='lat' dir='ltr'>omnes</span> <span class='ocrx_word' id='word_1_87' title='bbox 1154 1082 1298 1137; x_wconf 82' lang='lat' dir='ltr'>fitpera</span> <span class='ocrx_word' id='word_1_88' title='bbox 1313 1082 1400 1122; x_wconf 74' lang='lat' dir='ltr'>alta</span> <span class='ocrx_word' id='word_1_89' title='bbox 1419 1091 1617 1125; x_wconf 53' lang='lat' dir='ltr'>tenentem</span> 
     </span>
    </p>
   </div>
   <div class='ocr_carea' id='block_1_8' title="bbox 304 1168 1932 3102">
    <p class='ocr_par' dir='ltr' id='par_1_8' title="bbox 304 1168 1932 3102">
     <span class='ocr_line' id='line_1_14' title="bbox 307 1168 1928 1222; baseline -0.001 -9"><span class='ocrx_word' id='word_1_90' title='bbox 307 1184 541 1214; x_wconf 76' lang='lat' dir='ltr'>revertamur</span> <span class='ocrx_word' id='word_1_91' title='bbox 559 1173 605 1211; x_wconf 87' lang='lat' dir='ltr'>ad</span> <span class='ocrx_word' id='word_1_92' title='bbox 619 1174 863 1222; x_wconf 85' lang='lat' dir='ltr'>partitionem</span> <span class='ocrx_word' id='word_1_93' title='bbox 885 1172 988 1209; x_wconf 87' lang='lat' dir='ltr'>illam</span> <span class='ocrx_word' id='word_1_94' title='bbox 1003 1172 1120 1209; x_wconf 88' lang='lat' dir='ltr'>trium</span> <span class='ocrx_word' id='word_1_95' title='bbox 1135 1168 1471 1222; x_wconf 63' lang='lat' dir='ltr'>philosophicarum,</span> <span class='ocrx_word' id='word_1_96' title='bbox 1499 1170 1661 1218; x_wconf 80' lang='lat' dir='ltr'>divinae,</span> <span class='ocrx_word' id='word_1_97' title='bbox 1688 1173 1867 1209; x_wconf 71' lang='lat' dir='ltr'>naturalis</span> <span class='ocrx_word' id='word_1_98' title='bbox 1887 1175 1928 1211; x_wconf 68' lang='grc' dir='ltr'>ὃς</span> 
     </span>
     <span class='ocr_line' id='line_1_15' title="bbox 309 1224 1927 1278; baseline -0.001 -10"><span class='ocrx_word' id='word_1_99' title='bbox 309 1232 510 1269; x_wconf 80' lang='lat' dir='ltr'>humanae.</span> <span class='ocrx_word' id='word_1_100' title='bbox 567 1231 670 1267; x_wconf 84' lang='lat' dir='ltr'>Nam</span> <span class='ocrx_word' id='word_1_101' title='bbox 690 1228 888 1276; x_wconf 74' lang='lat' dir='ltr'>theologia</span> <span class='ocrx_word' id='word_1_102' title='bbox 910 1228 1100 1272; x_wconf 81' lang='lat' dir='ltr'>naturalis,</span> <span class='ocrx_word' id='word_1_103' title='bbox 1136 1224 1373 1277; x_wconf 80' lang='lat' dir='ltr'>philosophia</span> <span class='ocrx_word' id='word_1_104' title='bbox 1399 1225 1510 1263; x_wconf 86' lang='lat' dir='ltr'>etiam</span> <span class='ocrx_word' id='word_1_105' title='bbox 1534 1224 1658 1262; x_wconf 80' lang='lat' dir='ltr'>divina</span> <span class='ocrx_word' id='word_1_106' title='bbox 1687 1228 1784 1273; x_wconf 65' lang='lat' dir='ltr'>reeic</span> <span class='ocrx_word' id='word_1_107' title='bbox 1803 1225 1927 1278; x_wconf 77' lang='lat' dir='ltr'>appel·</span> 
     </span>
     <span class='ocr_line' id='line_1_16' title="bbox 308 1279 1926 1332; baseline -0.001 -9"><span class='ocrx_word' id='word_1_108' title='bbox 308 1288 419 1324; x_wconf 87' lang='lat' dir='ltr'>latur.</span> <span class='ocrx_word' id='word_1_109' title='bbox 475 1284 666 1322; x_wconf 86' lang='lat' dir='ltr'>Definitur</span> <span class='ocrx_word' id='word_1_110' title='bbox 689 1294 815 1320; x_wconf 86' lang='lat' dir='ltr'>autem</span> <span class='ocrx_word' id='word_1_111' title='bbox 836 1283 938 1329; x_wconf 84' lang='lat' dir='ltr'>haee,</span> <span class='ocrx_word' id='word_1_112' title='bbox 968 1292 1010 1319; x_wconf 89' lang='lat' dir='ltr'>ut</span> <span class='ocrx_word' id='word_1_113' title='bbox 1032 1280 1075 1319; x_wconf 83' lang='lat' dir='ltr'>fit</span> <span class='ocrx_word' id='word_1_114' title='bbox 1098 1282 1181 1319; x_wconf 88' lang='lat' dir='ltr'>talis</span> <span class='ocrx_word' id='word_1_115' title='bbox 1205 1279 1370 1326; x_wconf 88' lang='lat' dir='ltr'>scientia,</span> <span class='ocrx_word' id='word_1_116' title='bbox 1400 1281 1460 1318; x_wconf 89' lang='lat' dir='ltr'>seu</span> <span class='ocrx_word' id='word_1_117' title='bbox 1485 1283 1611 1332; x_wconf 85' lang='lat' dir='ltr'>potius</span> <span class='ocrx_word' id='word_1_118' title='bbox 1633 1280 1808 1320; x_wconf 73' lang='lat' dir='ltr'>scientiae</span> <span class='ocrx_word' id='word_1_119' title='bbox 1832 1282 1926 1321; x_wconf 85' lang='lat' dir='ltr'>scin—</span> 
     </span>
     <span class='ocr_line' id='line_1_17' title="bbox 308 1337 1927 1389; baseline -0.001 -11"><span class='ocrx_word' id='word_1_120' title='bbox 308 1342 404 1386; x_wconf 88' lang='lat' dir='ltr'>tilla,</span> <span class='ocrx_word' id='word_1_121' title='bbox 442 1340 560 1389; x_wconf 78' lang='lat' dir='ltr'>qualis</span> <span class='ocrx_word' id='word_1_122' title='bbox 580 1339 627 1376; x_wconf 90' lang='lat' dir='ltr'>de</span> <span class='ocrx_word' id='word_1_123' title='bbox 646 1340 734 1376; x_wconf 91' lang='lat' dir='ltr'>Deo</span> <span class='ocrx_word' id='word_1_124' title='bbox 754 1338 882 1376; x_wconf 87' lang='lat' dir='ltr'>haberi</span> <span class='ocrx_word' id='word_1_125' title='bbox 906 1337 1037 1388; x_wconf 88' lang='lat' dir='ltr'>potest,</span> <span class='ocrx_word' id='word_1_126' title='bbox 1073 1349 1138 1388; x_wconf 88' lang='lat' dir='ltr'>pet</span> <span class='ocrx_word' id='word_1_127' title='bbox 1163 1337 1295 1373; x_wconf 89' lang='lat' dir='ltr'>lumen</span> <span class='ocrx_word' id='word_1_128' title='bbox 1318 1345 1472 1374; x_wconf 81' lang='lat' dir='ltr'>naturae</span> <span class='ocrx_word' id='word_1_129' title='bbox 1496 1339 1532 1373; x_wconf 72' lang='grc' dir='ltr'>δε</span> <span class='ocrx_word' id='word_1_130' title='bbox 1556 1337 1927 1386; x_wconf 85' lang='lat' dir='ltr'>contemplationem</span> 
     </span>
     <span class='ocr_line' id='line_1_18' title="bbox 309 1391 1926 1440; baseline -0.002 -6"><span class='ocrx_word' id='word_1_131' title='bbox 309 1407 439 1434; x_wconf 84' lang='lat' dir='ltr'>rerum</span> <span class='ocrx_word' id='word_1_132' title='bbox 458 1405 689 1432; x_wconf 86' lang='lat' dir='ltr'>creatarum:</span> <span class='ocrx_word' id='word_1_133' title='bbox 719 1396 756 1431; x_wconf 74' lang='grc' dir='ltr'>ὅ(</span> <span class='ocrx_word' id='word_1_134' title='bbox 777 1395 924 1430; x_wconf 84' lang='lat' dir='ltr'>ratione</span> <span class='ocrx_word' id='word_1_135' title='bbox 940 1391 1076 1432; x_wconf 62' lang='lat' dir='ltr'>obieeti</span> <span class='ocrx_word' id='word_1_136' title='bbox 1097 1391 1182 1429; x_wconf 83' lang='lat' dir='ltr'>sane</span> <span class='ocrx_word' id='word_1_137' title='bbox 1196 1391 1336 1438; x_wconf 84' lang='lat' dir='ltr'>divina,</span> <span class='ocrx_word' id='word_1_138' title='bbox 1365 1394 1511 1429; x_wconf 78' lang='lat' dir='ltr'>ratione</span> <span class='ocrx_word' id='word_1_139' title='bbox 1533 1391 1832 1440; x_wconf 84' lang='lat' dir='ltr'>informationis,</span> <span class='ocrx_word' id='word_1_140' title='bbox 1860 1404 1926 1432; x_wconf 87' lang='lat' dir='ltr'>na-</span> 
     </span>
     <span class='ocr_line' id='line_1_19' title="bbox 311 1444 1927 1499; baseline -0.001 -11"><span class='ocrx_word' id='word_1_141' title='bbox 311 1450 441 1489; x_wconf 85' lang='lat' dir='ltr'>turalis</span> <span class='ocrx_word' id='word_1_142' title='bbox 460 1449 602 1487; x_wconf 87' lang='lat' dir='ltr'>censeri</span> <span class='ocrx_word' id='word_1_143' title='bbox 629 1450 758 1499; x_wconf 83' lang='lat' dir='ltr'>potest.</span> <span class='ocrx_word' id='word_1_144' title='bbox 816 1450 935 1493; x_wconf 74' lang='lat' dir='ltr'>Hujus</span> <span class='ocrx_word' id='word_1_145' title='bbox 959 1448 1137 1485; x_wconf 84' lang='lat' dir='ltr'>scientiae</span> <span class='ocrx_word' id='word_1_146' title='bbox 1163 1447 1304 1483; x_wconf 82' lang='lat' dir='ltr'>limites</span> <span class='ocrx_word' id='word_1_147' title='bbox 1329 1448 1380 1483; x_wconf 85' lang='lat' dir='ltr'>ita</span> <span class='ocrx_word' id='word_1_148' title='bbox 1403 1459 1490 1484; x_wconf 85' lang='lat' dir='ltr'>vere</span> <span class='ocrx_word' id='word_1_149' title='bbox 1516 1444 1718 1496; x_wconf 74' lang='lat' dir='ltr'>signantur,</span> <span class='ocrx_word' id='word_1_150' title='bbox 1755 1457 1799 1486; x_wconf 89' lang='lat' dir='ltr'>ut</span> <span class='ocrx_word' id='word_1_151' title='bbox 1819 1448 1867 1486; x_wconf 85' lang='lat' dir='ltr'>ad</span> <span class='ocrx_word' id='word_1_152' title='bbox 1891 1460 1927 1486; x_wconf 85' lang='lat' dir='ltr'>a·</span> 
     </span>
     <span class='ocr_line' id='line_1_20' title="bbox 308 1501 1927 1551; baseline -0.001 -8"><span class='ocrx_word' id='word_1_153' title='bbox 308 1505 516 1544; x_wconf 89' lang='lat' dir='ltr'>theismum</span> <span class='ocrx_word' id='word_1_154' title='bbox 531 1504 809 1542; x_wconf 84' lang='lat' dir='ltr'>confutandum</span> <span class='ocrx_word' id='word_1_155' title='bbox 825 1506 861 1540; x_wconf 85' lang='lat'>&amp;</span> <span class='ocrx_word' id='word_1_156' title='bbox 876 1503 1196 1548; x_wconf 84' lang='lat' dir='ltr'>convincendum,</span> <span class='ocrx_word' id='word_1_157' title='bbox 1227 1504 1262 1539; x_wconf 74' lang='grc' dir='ltr'>ὅ(</span> <span class='ocrx_word' id='word_1_158' title='bbox 1279 1502 1323 1539; x_wconf 87' lang='lat' dir='ltr'>ad</span> <span class='ocrx_word' id='word_1_159' title='bbox 1339 1503 1460 1551; x_wconf 76' lang='lat' dir='ltr'>legem</span> <span class='ocrx_word' id='word_1_160' title='bbox 1477 1512 1630 1539; x_wconf 78' lang='lat' dir='ltr'>naturae</span> <span class='ocrx_word' id='word_1_161' title='bbox 1644 1501 1927 1541; x_wconf 85' lang='lat' dir='ltr'>informandam</span> 
     </span>
     <span class='ocr_line' id='line_1_21' title="bbox 309 1556 1927 1611; baseline -0.002 -12"><span class='ocrx_word' id='word_1_162' title='bbox 309 1562 348 1599; x_wconf 90' lang='lat' dir='ltr'>se</span> <span class='ocrx_word' id='word_1_163' title='bbox 365 1562 588 1601; x_wconf 79' lang='lat' dir='ltr'>extendant3</span> <span class='ocrx_word' id='word_1_164' title='bbox 609 1560 655 1597; x_wconf 86' lang='lat' dir='ltr'>ad</span> <span class='ocrx_word' id='word_1_165' title='bbox 671 1560 898 1609; x_wconf 81' lang='lat' dir='ltr'>religionem</span> <span class='ocrx_word' id='word_1_166' title='bbox 913 1569 1040 1596; x_wconf 88' lang='lat' dir='ltr'>autem</span> <span class='ocrx_word' id='word_1_167' title='bbox 1055 1556 1312 1596; x_wconf 85' lang='lat' dir='ltr'>adstruendam</span> <span class='ocrx_word' id='word_1_168' title='bbox 1328 1570 1409 1594; x_wconf 89' lang='lat' dir='ltr'>non</span> <span class='ocrx_word' id='word_1_169' title='bbox 1424 1557 1676 1608; x_wconf 82' lang='lat' dir='ltr'>proferantur.</span> <span class='ocrx_word' id='word_1_170' title='bbox 1731 1559 1927 1611; x_wconf 74' lang='lat' dir='ltr'>Quamob-</span> 
     </span>
     <span class='ocr_line' id='line_1_22' title="bbox 311 1613 1926 1663; baseline -0.001 -9"><span class='ocrx_word' id='word_1_171' title='bbox 311 1630 395 1654; x_wconf 88' lang='lat' dir='ltr'>rem</span> <span class='ocrx_word' id='word_1_172' title='bbox 420 1628 491 1653; x_wconf 90' lang='lat' dir='ltr'>nec</span> <span class='ocrx_word' id='word_1_173' title='bbox 513 1617 617 1653; x_wconf 84' lang='lat' dir='ltr'>Deus</span> <span class='ocrx_word' id='word_1_174' title='bbox 639 1626 809 1663; x_wconf 87' lang='lat' dir='ltr'>unquam</span> <span class='ocrx_word' id='word_1_175' title='bbox 834 1613 951 1651; x_wconf 83' lang='lat' dir='ltr'>edidit</span> <span class='ocrx_word' id='word_1_176' title='bbox 974 1614 1214 1659; x_wconf 84' lang='lat' dir='ltr'>miraculum,</span> <span class='ocrx_word' id='word_1_177' title='bbox 1245 1625 1323 1661; x_wconf 92' lang='lat' dir='ltr'>quo</span> <span class='ocrx_word' id='word_1_178' title='bbox 1342 1623 1628 1649; x_wconf 77' lang='lat' dir='ltr'>converteretur</span> <span class='ocrx_word' id='word_1_179' title='bbox 1652 1613 1802 1655; x_wconf 83' lang='lat' dir='ltr'>atheus;</span> <span class='ocrx_word' id='word_1_180' title='bbox 1839 1613 1926 1663; x_wconf 88' lang='lat' dir='ltr'>quia</span> 
     </span>
     <span class='ocr_line' id='line_1_23' title="bbox 310 1667 1926 1723; baseline -0.001 -14"><span class='ocrx_word' id='word_1_181' title='bbox 310 1681 460 1723; x_wconf 87' lang='lat' dir='ltr'>poterat</span> <span class='ocrx_word' id='word_1_182' title='bbox 486 1671 568 1721; x_wconf 91' lang='lat' dir='ltr'>ipso</span> <span class='ocrx_word' id='word_1_183' title='bbox 596 1681 749 1707; x_wconf 89' lang='lat' dir='ltr'>naturae</span> <span class='ocrx_word' id='word_1_184' title='bbox 770 1671 916 1707; x_wconf 85' lang='lat' dir='ltr'>lumine</span> <span class='ocrx_word' id='word_1_185' title='bbox 942 1669 986 1706; x_wconf 85' lang='lat' dir='ltr'>ad</span> <span class='ocrx_word' id='word_1_186' title='bbox 1006 1669 1187 1706; x_wconf 88' lang='lat' dir='ltr'>notitiam</span> <span class='ocrx_word' id='word_1_187' title='bbox 1213 1669 1287 1705; x_wconf 86' lang='lat' dir='ltr'>Dei</span> <span class='ocrx_word' id='word_1_188' title='bbox 1309 1669 1485 1719; x_wconf 78' lang='lat' dir='ltr'>perduci3</span> <span class='ocrx_word' id='word_1_189' title='bbox 1523 1680 1654 1705; x_wconf 81' lang='lat' dir='ltr'>verum</span> <span class='ocrx_word' id='word_1_190' title='bbox 1675 1667 1854 1707; x_wconf 84' lang='lat' dir='ltr'>miracula</span> <span class='ocrx_word' id='word_1_191' title='bbox 1879 1669 1926 1707; x_wconf 90' lang='lat' dir='ltr'>ad</span> 
     </span>
     <span class='ocr_line' id='line_1_24' title="bbox 310 1721 1926 1774; baseline -0.002 -8"><span class='ocrx_word' id='word_1_192' title='bbox 310 1727 591 1766; x_wconf 87' lang='lat' dir='ltr'>convertendos</span> <span class='ocrx_word' id='word_1_193' title='bbox 606 1726 825 1764; x_wconf 85' lang='lat' dir='ltr'>idololatras</span> <span class='ocrx_word' id='word_1_194' title='bbox 840 1727 877 1762; x_wconf 69' lang='grc' dir='ltr'>δε</span> <span class='ocrx_word' id='word_1_195' title='bbox 892 1723 1161 1774; x_wconf 69' lang='lat' dir='ltr'>superstitiosos</span> <span class='ocrx_word' id='word_1_196' title='bbox 1181 1721 1366 1772; x_wconf 66' lang='lat' dir='ltr'>designata</span> <span class='ocrx_word' id='word_1_197' title='bbox 1381 1722 1477 1769; x_wconf 90' lang='lat' dir='ltr'>sunt,</span> <span class='ocrx_word' id='word_1_198' title='bbox 1508 1725 1574 1772; x_wconf 88' lang='lat' dir='ltr'>qui</span> <span class='ocrx_word' id='word_1_199' title='bbox 1590 1725 1749 1761; x_wconf 87' lang='lat' dir='ltr'>Numen</span> <span class='ocrx_word' id='word_1_200' title='bbox 1764 1735 1926 1773; x_wconf 82' lang='lat' dir='ltr'>agnove-</span> 
     </span>
     <span class='ocr_line' id='line_1_25' title="bbox 310 1775 1924 1828; baseline -0.001 -8"><span class='ocrx_word' id='word_1_201' title='bbox 310 1793 414 1828; x_wconf 84' lang='lat' dir='ltr'>runt,</span> <span class='ocrx_word' id='word_1_202' title='bbox 453 1782 515 1819; x_wconf 91' lang='lat' dir='ltr'>sed</span> <span class='ocrx_word' id='word_1_203' title='bbox 537 1780 578 1818; x_wconf 86' lang='lat' dir='ltr'>in</span> <span class='ocrx_word' id='word_1_204' title='bbox 605 1783 710 1818; x_wconf 89' lang='lat' dir='ltr'>cultu</span> <span class='ocrx_word' id='word_1_205' title='bbox 736 1781 813 1826; x_wconf 84' lang='lat' dir='ltr'>ejus</span> <span class='ocrx_word' id='word_1_206' title='bbox 836 1780 1078 1820; x_wconf 80' lang='lat' dir='ltr'>aberrarunt3</span> <span class='ocrx_word' id='word_1_207' title='bbox 1117 1780 1301 1827; x_wconf 76' lang='lat' dir='ltr'>quoniam</span> <span class='ocrx_word' id='word_1_208' title='bbox 1331 1791 1413 1816; x_wconf 86' lang='lat' dir='ltr'>non</span> <span class='ocrx_word' id='word_1_209' title='bbox 1439 1775 1573 1815; x_wconf 82' lang='lat' dir='ltr'>sufficit</span> <span class='ocrx_word' id='word_1_210' title='bbox 1602 1779 1733 1816; x_wconf 88' lang='lat' dir='ltr'>lumen</span> <span class='ocrx_word' id='word_1_211' title='bbox 1756 1788 1924 1828; x_wconf 87' lang='lat' dir='ltr'>naturae,</span> 
     </span>
     <span class='ocr_line' id='line_1_26' title="bbox 307 1833 1924 1885; baseline -0.002 -9"><span class='ocrx_word' id='word_1_212' title='bbox 307 1839 384 1876; x_wconf 89' lang='lat' dir='ltr'>Dei</span> <span class='ocrx_word' id='word_1_213' title='bbox 408 1838 596 1875; x_wconf 83' lang='lat' dir='ltr'>voluntati</span> <span class='ocrx_word' id='word_1_214' title='bbox 619 1836 874 1881; x_wconf 83' lang='lat' dir='ltr'>declarandae,</span> <span class='ocrx_word' id='word_1_215' title='bbox 904 1846 966 1872; x_wconf 86' lang='lat' dir='ltr'>aut</span> <span class='ocrx_word' id='word_1_216' title='bbox 989 1836 1106 1872; x_wconf 89' lang='lat' dir='ltr'>cultui</span> <span class='ocrx_word' id='word_1_217' title='bbox 1127 1836 1203 1878; x_wconf 83' lang='lat' dir='ltr'>ejus</span> <span class='ocrx_word' id='word_1_218' title='bbox 1226 1835 1403 1883; x_wconf 83' lang='lat' dir='ltr'>legitimo</span> <span class='ocrx_word' id='word_1_219' title='bbox 1426 1834 1638 1885; x_wconf 83' lang='lat' dir='ltr'>prodendo.</span> <span class='ocrx_word' id='word_1_220' title='bbox 1696 1835 1802 1872; x_wconf 87' lang='lat' dir='ltr'>Sicut</span> <span class='ocrx_word' id='word_1_221' title='bbox 1819 1833 1924 1873; x_wconf 89' lang='lat' dir='ltr'>enim</span> 
     </span>
     <span class='ocr_line' id='line_1_27' title="bbox 308 1888 1928 1943; baseline -0.001 -13"><span class='ocrx_word' id='word_1_222' title='bbox 308 1893 457 1943; x_wconf 80' lang='lat' dir='ltr'>opificis</span> <span class='ocrx_word' id='word_1_223' title='bbox 480 1891 690 1942; x_wconf 78' lang='lat' dir='ltr'>potentiam</span> <span class='ocrx_word' id='word_1_224' title='bbox 715 1893 751 1928; x_wconf 75' lang='grc' dir='ltr'>ὃ(</span> <span class='ocrx_word' id='word_1_225' title='bbox 773 1891 945 1941; x_wconf 85' lang='lat' dir='ltr'>peritiam</span> <span class='ocrx_word' id='word_1_226' title='bbox 967 1890 1167 1927; x_wconf 86' lang='lat' dir='ltr'>ostendunt</span> <span class='ocrx_word' id='word_1_227' title='bbox 1187 1901 1301 1941; x_wconf 88' lang='lat' dir='ltr'>opera</span> <span class='ocrx_word' id='word_1_228' title='bbox 1324 1890 1414 1935; x_wconf 86' lang='lat' dir='ltr'>ejus,</span> <span class='ocrx_word' id='word_1_229' title='bbox 1443 1888 1648 1939; x_wconf 79' lang='lat' dir='ltr'>imaginem</span> <span class='ocrx_word' id='word_1_230' title='bbox 1669 1899 1794 1927; x_wconf 87' lang='lat' dir='ltr'>autem</span> <span class='ocrx_word' id='word_1_231' title='bbox 1814 1891 1928 1928; x_wconf 89' lang='lat' dir='ltr'>mini-</span> 
     </span>
     <span class='ocr_line' id='line_1_28' title="bbox 309 1944 1928 1999; baseline -0.002 -13"><span class='ocrx_word' id='word_1_232' title='bbox 309 1961 395 1989; x_wconf 80' lang='lat' dir='ltr'>mc3</span> <span class='ocrx_word' id='word_1_233' title='bbox 423 1946 470 1985; x_wconf 78' lang='lat' dir='ltr'>stc</span> <span class='ocrx_word' id='word_1_234' title='bbox 485 1959 597 1999; x_wconf 84' lang='lat' dir='ltr'>opera</span> <span class='ocrx_word' id='word_1_235' title='bbox 611 1947 697 1993; x_wconf 90' lang='lat' dir='ltr'>Dei,</span> <span class='ocrx_word' id='word_1_236' title='bbox 729 1944 955 1983; x_wconf 85' lang='lat' dir='ltr'>Conditoris</span> <span class='ocrx_word' id='word_1_237' title='bbox 970 1947 1294 1997; x_wconf 85' lang='lat' dir='ltr'>omnipotentiam</span> <span class='ocrx_word' id='word_1_238' title='bbox 1308 1947 1344 1982; x_wconf 71' lang='grc' dir='ltr'>ὅ(</span> <span class='ocrx_word' id='word_1_239' title='bbox 1360 1945 1577 1995; x_wconf 85' lang='lat' dir='ltr'>sapientiam</span> <span class='ocrx_word' id='word_1_240' title='bbox 1593 1944 1807 1992; x_wconf 77' lang='lat' dir='ltr'>ostendunt,</span> <span class='ocrx_word' id='word_1_241' title='bbox 1836 1946 1928 1983; x_wconf 87' lang='lat' dir='ltr'>ima·</span> 
     </span>
     <span class='ocr_line' id='line_1_29' title="bbox 309 1998 1928 2054; baseline -0.001 -13"><span class='ocrx_word' id='word_1_242' title='bbox 309 2003 442 2054; x_wconf 79' lang='lat' dir='ltr'>ginem</span> <span class='ocrx_word' id='word_1_243' title='bbox 465 2004 542 2047; x_wconf 80' lang='lat' dir='ltr'>ejus</span> <span class='ocrx_word' id='word_1_244' title='bbox 562 2002 849 2051; x_wconf 83' lang='lat' dir='ltr'>haudquaquam</span> <span class='ocrx_word' id='word_1_245' title='bbox 873 2002 1096 2050; x_wconf 72' lang='lat' dir='ltr'>depingunt.</span> <span class='ocrx_word' id='word_1_246' title='bbox 1153 2001 1283 2051; x_wconf 83' lang='lat' dir='ltr'>Atque</span> <span class='ocrx_word' id='word_1_247' title='bbox 1306 2000 1373 2037; x_wconf 85' lang='lat' dir='ltr'>hac</span> <span class='ocrx_word' id='word_1_248' title='bbox 1389 2002 1429 2037; x_wconf 89' lang='lat' dir='ltr'>in</span> <span class='ocrx_word' id='word_1_249' title='bbox 1445 2013 1497 2047; x_wconf 89' lang='lat' dir='ltr'>re,</span> <span class='ocrx_word' id='word_1_250' title='bbox 1527 1998 1769 2037; x_wconf 84' lang='lat' dir='ltr'>ethnicorum</span> <span class='ocrx_word' id='word_1_251' title='bbox 1789 2002 1928 2052; x_wconf 88' lang='lat' dir='ltr'>opinio</span> 
     </span>
     <span class='ocr_line' id='line_1_30' title="bbox 311 2053 1928 2106; baseline -0.001 -10"><span class='ocrx_word' id='word_1_252' title='bbox 311 2072 333 2096; x_wconf 84' lang='lat' dir='ltr'>a</span> <span class='ocrx_word' id='word_1_253' title='bbox 361 2059 457 2096; x_wconf 87' lang='lat' dir='ltr'>sacra</span> <span class='ocrx_word' id='word_1_254' title='bbox 484 2056 637 2095; x_wconf 84' lang='lat' dir='ltr'>veritate</span> <span class='ocrx_word' id='word_1_255' title='bbox 666 2057 826 2095; x_wconf 85' lang='lat' dir='ltr'>recedit:</span> <span class='ocrx_word' id='word_1_256' title='bbox 864 2058 923 2093; x_wconf 86' lang='lat' dir='ltr'>llli</span> <span class='ocrx_word' id='word_1_257' title='bbox 949 2054 1132 2104; x_wconf 76' lang='lat' dir='ltr'>siquidem</span> <span class='ocrx_word' id='word_1_258' title='bbox 1160 2056 1347 2092; x_wconf 90' lang='lat' dir='ltr'>mundum</span> <span class='ocrx_word' id='word_1_259' title='bbox 1376 2054 1581 2105; x_wconf 78' lang='lat' dir='ltr'>imaginem</span> <span class='ocrx_word' id='word_1_260' title='bbox 1609 2056 1684 2092; x_wconf 90' lang='lat' dir='ltr'>Dei</span> <span class='ocrx_word' id='word_1_261' title='bbox 1708 2053 1928 2106; x_wconf 81' lang='lat' dir='ltr'>statuebant,</span> 
     </span>
     <span class='ocr_line' id='line_1_31' title="bbox 309 2110 1926 2161; baseline -0.001 -10"><span class='ocrx_word' id='word_1_262' title='bbox 309 2115 512 2152; x_wconf 86' lang='lat' dir='ltr'>hominem</span> <span class='ocrx_word' id='word_1_263' title='bbox 535 2113 682 2150; x_wconf 88' lang='lat' dir='ltr'>mundi.</span> <span class='ocrx_word' id='word_1_264' title='bbox 740 2112 797 2149; x_wconf 87' lang='lat' dir='ltr'>At</span> <span class='ocrx_word' id='word_1_265' title='bbox 823 2111 940 2150; x_wconf 86' lang='lat' dir='ltr'>sacrae</span> <span class='ocrx_word' id='word_1_266' title='bbox 966 2112 1094 2148; x_wconf 87' lang='lat' dir='ltr'>literae</span> <span class='ocrx_word' id='word_1_267' title='bbox 1119 2111 1217 2148; x_wconf 86' lang='lat' dir='ltr'>haud</span> <span class='ocrx_word' id='word_1_268' title='bbox 1240 2112 1305 2148; x_wconf 87' lang='lat' dir='ltr'>tali</span> <span class='ocrx_word' id='word_1_269' title='bbox 1330 2111 1479 2148; x_wconf 88' lang='lat' dir='ltr'>honore</span> <span class='ocrx_word' id='word_1_270' title='bbox 1499 2111 1688 2148; x_wconf 90' lang='lat' dir='ltr'>mundum</span> <span class='ocrx_word' id='word_1_271' title='bbox 1708 2110 1926 2161; x_wconf 76' lang='lat' dir='ltr'>dignantur,</span> 
     </span>
     <span class='ocr_line' id='line_1_32' title="bbox 310 2166 1927 2218; baseline -0.001 -11"><span class='ocrx_word' id='word_1_272' title='bbox 310 2180 352 2207; x_wconf 89' lang='lat' dir='ltr'>ut</span> <span class='ocrx_word' id='word_1_273' title='bbox 367 2169 439 2207; x_wconf 88' lang='lat' dir='ltr'>Dei</span> <span class='ocrx_word' id='word_1_274' title='bbox 455 2168 598 2218; x_wconf 86' lang='lat' dir='ltr'>uspiam</span> <span class='ocrx_word' id='word_1_275' title='bbox 613 2170 742 2218; x_wconf 71' lang='lat' dir='ltr'>imago</span> <span class='ocrx_word' id='word_1_276' title='bbox 757 2168 914 2214; x_wconf 79' lang='lat' dir='ltr'>dicatur,</span> <span class='ocrx_word' id='word_1_277' title='bbox 942 2167 1001 2204; x_wconf 84' lang='lat' dir='ltr'>sed</span> <span class='ocrx_word' id='word_1_278' title='bbox 1019 2166 1268 2204; x_wconf 87' lang='lat' dir='ltr'>solummodo</span> <span class='ocrx_word' id='word_1_279' title='bbox 1284 2179 1379 2216; x_wconf 88' lang='lat' dir='ltr'>opus</span> <span class='ocrx_word' id='word_1_280' title='bbox 1394 2178 1577 2204; x_wconf 86' lang='lat' dir='ltr'>manuum</span> <span class='ocrx_word' id='word_1_281' title='bbox 1593 2166 1692 2207; x_wconf 77' lang='lat' dir='ltr'>eius3</span> <span class='ocrx_word' id='word_1_282' title='bbox 1722 2166 1927 2205; x_wconf 87' lang='lat' dir='ltr'>hominem</span> 
     </span>
     <span class='ocr_line' id='line_1_33' title="bbox 310 2219 1928 2274; baseline -0.001 -12"><span class='ocrx_word' id='word_1_283' title='bbox 310 2237 402 2262; x_wconf 81' lang='lat' dir='ltr'>vero</span> <span class='ocrx_word' id='word_1_284' title='bbox 423 2226 629 2274; x_wconf 78' lang='lat' dir='ltr'>imaginem</span> <span class='ocrx_word' id='word_1_285' title='bbox 645 2223 718 2261; x_wconf 89' lang='lat' dir='ltr'>Dei</span> <span class='ocrx_word' id='word_1_286' title='bbox 738 2222 955 2260; x_wconf 85' lang='lat' dir='ltr'>immediate</span> <span class='ocrx_word' id='word_1_287' title='bbox 970 2220 1205 2260; x_wconf 89' lang='lat' dir='ltr'>substituunt.</span> <span class='ocrx_word' id='word_1_288' title='bbox 1263 2221 1466 2274; x_wconf 72' lang='lat' dir='ltr'>Quocirca,</span> <span class='ocrx_word' id='word_1_289' title='bbox 1496 2222 1601 2270; x_wconf 91' lang='lat' dir='ltr'>quod</span> <span class='ocrx_word' id='word_1_290' title='bbox 1616 2219 1657 2259; x_wconf 83' lang='lat' dir='ltr'>fit</span> <span class='ocrx_word' id='word_1_291' title='bbox 1677 2223 1793 2270; x_wconf 90' lang='lat' dir='ltr'>Deus,</span> <span class='ocrx_word' id='word_1_292' title='bbox 1820 2223 1928 2271; x_wconf 87' lang='lat' dir='ltr'>quod</span> 
     </span>
     <span class='ocr_line' id='line_1_34' title="bbox 310 2276 1928 2329; baseline -0.001 -11"><span class='ocrx_word' id='word_1_293' title='bbox 310 2293 437 2318; x_wconf 82' lang='lat' dir='ltr'>rerum</span> <span class='ocrx_word' id='word_1_294' title='bbox 452 2280 614 2318; x_wconf 81' lang='lat' dir='ltr'>habenas</span> <span class='ocrx_word' id='word_1_295' title='bbox 634 2280 780 2325; x_wconf 66' lang='lat' dir='ltr'>traetet,</span> <span class='ocrx_word' id='word_1_296' title='bbox 810 2278 915 2327; x_wconf 90' lang='lat' dir='ltr'>quod</span> <span class='ocrx_word' id='word_1_297' title='bbox 931 2277 1076 2315; x_wconf 90' lang='lat' dir='ltr'>summe</span> <span class='ocrx_word' id='word_1_298' title='bbox 1092 2287 1239 2329; x_wconf 77' lang='lat' dir='ltr'>potenS,</span> <span class='ocrx_word' id='word_1_299' title='bbox 1269 2278 1372 2326; x_wconf 89' lang='lat' dir='ltr'>quod</span> <span class='ocrx_word' id='word_1_300' title='bbox 1390 2277 1532 2329; x_wconf 85' lang='lat' dir='ltr'>sapiens</span> <span class='ocrx_word' id='word_1_301' title='bbox 1547 2279 1584 2314; x_wconf 72' lang='grc' dir='ltr'>δε</span> <span class='ocrx_word' id='word_1_302' title='bbox 1598 2276 1794 2326; x_wconf 82' lang='lat' dir='ltr'>praescius,</span> <span class='ocrx_word' id='word_1_303' title='bbox 1821 2279 1928 2327; x_wconf 81' lang='lat' dir='ltr'>quod</span> 
     </span>
     <span class='ocr_line' id='line_1_35' title="bbox 311 2333 1929 2384; baseline -0.001 -11"><span class='ocrx_word' id='word_1_304' title='bbox 311 2337 447 2383; x_wconf 88' lang='lat' dir='ltr'>bonus,</span> <span class='ocrx_word' id='word_1_305' title='bbox 484 2335 590 2384; x_wconf 86' lang='lat' dir='ltr'>quod</span> <span class='ocrx_word' id='word_1_306' title='bbox 610 2345 886 2380; x_wconf 84' lang='lat' dir='ltr'>remunerator,</span> <span class='ocrx_word' id='word_1_307' title='bbox 917 2333 1021 2381; x_wconf 90' lang='lat' dir='ltr'>quod</span> <span class='ocrx_word' id='word_1_308' title='bbox 1042 2333 1192 2379; x_wconf 88' lang='lat' dir='ltr'>vindex,</span> <span class='ocrx_word' id='word_1_309' title='bbox 1221 2333 1327 2381; x_wconf 89' lang='lat' dir='ltr'>quod</span> <span class='ocrx_word' id='word_1_310' title='bbox 1351 2333 1574 2379; x_wconf 85' lang='lat' dir='ltr'>adorandus,</span> <span class='ocrx_word' id='word_1_311' title='bbox 1605 2335 1718 2370; x_wconf 79' lang='lat' dir='ltr'>ctiam</span> <span class='ocrx_word' id='word_1_312' title='bbox 1734 2345 1778 2371; x_wconf 87' lang='lat' dir='ltr'>ex</span> <span class='ocrx_word' id='word_1_313' title='bbox 1805 2335 1929 2384; x_wconf 78' lang='lat' dir='ltr'>operi·</span> 
     </span>
     <span class='ocr_line' id='line_1_36' title="bbox 311 2387 1928 2438; baseline -0.001 -10"><span class='ocrx_word' id='word_1_314' title='bbox 311 2392 380 2429; x_wconf 90' lang='lat' dir='ltr'>bus</span> <span class='ocrx_word' id='word_1_315' title='bbox 403 2393 481 2435; x_wconf 84' lang='lat' dir='ltr'>ejus</span> <span class='ocrx_word' id='word_1_316' title='bbox 504 2389 751 2428; x_wconf 87' lang='lat' dir='ltr'>demonstrari</span> <span class='ocrx_word' id='word_1_317' title='bbox 771 2392 808 2426; x_wconf 65' lang='grc' dir='ltr'>ὃς</span> <span class='ocrx_word' id='word_1_318' title='bbox 836 2390 959 2426; x_wconf 84' lang='lat' dir='ltr'>evinci</span> <span class='ocrx_word' id='word_1_319' title='bbox 982 2389 1121 2438; x_wconf 84' lang='lat' dir='ltr'>potest:</span> <span class='ocrx_word' id='word_1_320' title='bbox 1159 2391 1196 2426; x_wconf 68' lang='grc' dir='ltr'>δε</span> <span class='ocrx_word' id='word_1_321' title='bbox 1220 2388 1453 2425; x_wconf 83' lang='lat' dir='ltr'>admirabilia</span> <span class='ocrx_word' id='word_1_322' title='bbox 1478 2389 1675 2438; x_wconf 85' lang='lat' dir='ltr'>complura</span> <span class='ocrx_word' id='word_1_323' title='bbox 1694 2387 1830 2427; x_wconf 89' lang='lat' dir='ltr'>secreta</span> <span class='ocrx_word' id='word_1_324' title='bbox 1857 2390 1928 2427; x_wconf 85' lang='lat' dir='ltr'>cir·</span> 
     </span>
     <span class='ocr_line' id='line_1_37' title="bbox 309 2442 1928 2496; baseline 0.001 -14"><span class='ocrx_word' id='word_1_325' title='bbox 309 2458 352 2483; x_wconf 83' lang='lat' dir='ltr'>ca</span> <span class='ocrx_word' id='word_1_326' title='bbox 377 2447 553 2484; x_wconf 85' lang='lat' dir='ltr'>attributa</span> <span class='ocrx_word' id='word_1_327' title='bbox 581 2447 673 2493; x_wconf 87' lang='lat' dir='ltr'>ejus,</span> <span class='ocrx_word' id='word_1_328' title='bbox 713 2447 750 2482; x_wconf 76' lang='grc' dir='ltr'>ὃ(</span> <span class='ocrx_word' id='word_1_329' title='bbox 781 2446 907 2483; x_wconf 89' lang='lat' dir='ltr'>multo</span> <span class='ocrx_word' id='word_1_330' title='bbox 939 2445 1057 2493; x_wconf 76' lang='lat' dir='ltr'>magis</span> <span class='ocrx_word' id='word_1_331' title='bbox 1086 2445 1184 2481; x_wconf 89' lang='lat' dir='ltr'>circa</span> <span class='ocrx_word' id='word_1_332' title='bbox 1213 2442 1382 2494; x_wconf 80' lang='lat' dir='ltr'>regimen</span> <span class='ocrx_word' id='word_1_333' title='bbox 1412 2445 1449 2481; x_wconf 70' lang='grc' dir='ltr'>δε</span> <span class='ocrx_word' id='word_1_334' title='bbox 1475 2442 1793 2494; x_wconf 83' lang='lat' dir='ltr'>dispensationem</span> <span class='ocrx_word' id='word_1_335' title='bbox 1818 2443 1928 2496; x_wconf 81' lang='lat' dir='ltr'>super</span> 
     </span>
     <span class='ocr_line' id='line_1_38' title="bbox 311 2498 1928 2548; baseline -0.001 -10"><span class='ocrx_word' id='word_1_336' title='bbox 311 2500 538 2548; x_wconf 84' lang='lat' dir='ltr'>universum,</span> <span class='ocrx_word' id='word_1_337' title='bbox 575 2500 690 2539; x_wconf 88' lang='lat' dir='ltr'>etiam</span> <span class='ocrx_word' id='word_1_338' title='bbox 714 2500 837 2538; x_wconf 88' lang='lat' dir='ltr'>sobrie</span> <span class='ocrx_word' id='word_1_339' title='bbox 857 2513 901 2538; x_wconf 86' lang='lat' dir='ltr'>ex</span> <span class='ocrx_word' id='word_1_340' title='bbox 921 2500 1056 2537; x_wconf 88' lang='lat' dir='ltr'>iisdem</span> <span class='ocrx_word' id='word_1_341' title='bbox 1075 2498 1160 2536; x_wconf 91' lang='lat' dir='ltr'>elici</span> <span class='ocrx_word' id='word_1_342' title='bbox 1179 2501 1218 2536; x_wconf 70' lang='grc' dir='ltr'>δε</span> <span class='ocrx_word' id='word_1_343' title='bbox 1238 2499 1466 2536; x_wconf 85' lang='lat' dir='ltr'>manifestari</span> <span class='ocrx_word' id='word_1_344' title='bbox 1488 2508 1654 2547; x_wconf 86' lang='lat' dir='ltr'>queunt;</span> <span class='ocrx_word' id='word_1_345' title='bbox 1683 2499 1808 2548; x_wconf 89' lang='lat' dir='ltr'>estque</span> <span class='ocrx_word' id='word_1_346' title='bbox 1831 2499 1928 2538; x_wconf 87' lang='lat' dir='ltr'>istud</span> 
     </span>
     <span class='ocr_line' id='line_1_39' title="bbox 311 2554 1929 2605; baseline 0.001 -13"><span class='ocrx_word' id='word_1_347' title='bbox 311 2567 579 2605; x_wconf 72' lang='lat' dir='ltr'>argumentum</span> <span class='ocrx_word' id='word_1_348' title='bbox 594 2569 614 2594; x_wconf 85' lang='lat' dir='ltr'>a</span> <span class='ocrx_word' id='word_1_349' title='bbox 633 2554 831 2595; x_wconf 87' lang='lat' dir='ltr'>nonnullis</span> <span class='ocrx_word' id='word_1_350' title='bbox 847 2556 990 2593; x_wconf 85' lang='lat' dir='ltr'>utiliter</span> <span class='ocrx_word' id='word_1_351' title='bbox 1004 2555 1283 2604; x_wconf 69' lang='lat' dir='ltr'>pertrastatum.</span> <span class='ocrx_word' id='word_1_352' title='bbox 1340 2555 1487 2591; x_wconf 86' lang='lat' dir='ltr'>Verum</span> <span class='ocrx_word' id='word_1_353' title='bbox 1502 2567 1544 2591; x_wconf 86' lang='lat' dir='ltr'>cx</span> <span class='ocrx_word' id='word_1_354' title='bbox 1561 2555 1702 2592; x_wconf 90' lang='lat' dir='ltr'>intuitu</span> <span class='ocrx_word' id='word_1_355' title='bbox 1722 2566 1849 2593; x_wconf 89' lang='lat' dir='ltr'>rerum</span> <span class='ocrx_word' id='word_1_356' title='bbox 1863 2567 1929 2594; x_wconf 84' lang='lat' dir='ltr'>na-</span> 
     </span>
     <span class='ocr_line' id='line_1_40' title="bbox 312 2608 1928 2660; baseline 0.001 -12"><span class='ocrx_word' id='word_1_357' title='bbox 312 2612 505 2657; x_wconf 85' lang='lat' dir='ltr'>turalium,</span> <span class='ocrx_word' id='word_1_358' title='bbox 532 2622 644 2660; x_wconf 86' lang='lat' dir='ltr'>atque</span> <span class='ocrx_word' id='word_1_359' title='bbox 664 2611 851 2650; x_wconf 87' lang='lat' dir='ltr'>humanae</span> <span class='ocrx_word' id='word_1_360' title='bbox 866 2609 1021 2648; x_wconf 88' lang='lat' dir='ltr'>rationis</span> <span class='ocrx_word' id='word_1_361' title='bbox 1036 2610 1241 2659; x_wconf 90' lang='lat' dir='ltr'>principiis,</span> <span class='ocrx_word' id='word_1_362' title='bbox 1270 2608 1316 2646; x_wconf 91' lang='lat' dir='ltr'>de</span> <span class='ocrx_word' id='word_1_363' title='bbox 1331 2608 1418 2646; x_wconf 86' lang='lat' dir='ltr'>fidei</span> <span class='ocrx_word' id='word_1_364' title='bbox 1439 2608 1620 2658; x_wconf 89' lang='lat' dir='ltr'>mysteriis</span> <span class='ocrx_word' id='word_1_365' title='bbox 1634 2611 1694 2647; x_wconf 91' lang='lat' dir='ltr'>vel</span> <span class='ocrx_word' id='word_1_366' title='bbox 1709 2611 1928 2650; x_wconf 84' lang='lat' dir='ltr'>ratiocinari</span> 
     </span>
     <span class='ocr_line' id='line_1_41' title="bbox 314 2662 1930 2714; baseline 0.001 -10"><span class='ocrx_word' id='word_1_367' title='bbox 314 2667 374 2704; x_wconf 92' lang='lat' dir='ltr'>vel</span> <span class='ocrx_word' id='word_1_368' title='bbox 398 2665 514 2702; x_wconf 86' lang='lat' dir='ltr'>etiam</span> <span class='ocrx_word' id='word_1_369' title='bbox 530 2666 680 2704; x_wconf 80' lang='lat' dir='ltr'>suadere</span> <span class='ocrx_word' id='word_1_370' title='bbox 700 2666 974 2712; x_wconf 88' lang='lat' dir='ltr'>vehementius,</span> <span class='ocrx_word' id='word_1_371' title='bbox 1003 2675 1066 2702; x_wconf 85' lang='lat' dir='ltr'>aut</span> <span class='ocrx_word' id='word_1_372' title='bbox 1089 2665 1211 2702; x_wconf 85' lang='lat' dir='ltr'>rursus</span> <span class='ocrx_word' id='word_1_373' title='bbox 1226 2675 1268 2701; x_wconf 84' lang='lat' dir='ltr'>ca</span> <span class='ocrx_word' id='word_1_374' title='bbox 1290 2662 1468 2702; x_wconf 72' lang='lat' dir='ltr'>curiosius</span> <span class='ocrx_word' id='word_1_375' title='bbox 1485 2662 1726 2714; x_wconf 85' lang='lat' dir='ltr'>introspicere</span> <span class='ocrx_word' id='word_1_376' title='bbox 1748 2668 1787 2704; x_wconf 88' lang='lat'>&amp;</span> <span class='ocrx_word' id='word_1_377' title='bbox 1809 2665 1930 2705; x_wconf 72' lang='lat' dir='ltr'>venti-</span> 
     </span>
     <span class='ocr_line' id='line_1_42' title="bbox 314 2718 1929 2771; baseline 0.001 -13"><span class='ocrx_word' id='word_1_378' title='bbox 314 2723 405 2768; x_wconf 88' lang='lat' dir='ltr'>lare,</span> <span class='ocrx_word' id='word_1_379' title='bbox 434 2723 471 2758; x_wconf 72' lang='grc' dir='ltr'>δε</span> <span class='ocrx_word' id='word_1_380' title='bbox 493 2722 538 2757; x_wconf 89' lang='lat' dir='ltr'>de</span> <span class='ocrx_word' id='word_1_381' title='bbox 564 2723 685 2759; x_wconf 90' lang='lat' dir='ltr'>modo</span> <span class='ocrx_word' id='word_1_382' title='bbox 704 2720 866 2771; x_wconf 85' lang='lat' dir='ltr'>mysterii</span> <span class='ocrx_word' id='word_1_383' title='bbox 889 2719 1088 2770; x_wconf 87' lang='lat' dir='ltr'>inquirere,</span> <span class='ocrx_word' id='word_1_384' title='bbox 1117 2719 1214 2756; x_wconf 87' lang='lat' dir='ltr'>haud</span> <span class='ocrx_word' id='word_1_385' title='bbox 1239 2729 1366 2756; x_wconf 90' lang='lat' dir='ltr'>tutum</span> <span class='ocrx_word' id='word_1_386' title='bbox 1390 2731 1480 2757; x_wconf 90' lang='lat' dir='ltr'>meo</span> <span class='ocrx_word' id='word_1_387' title='bbox 1504 2718 1643 2765; x_wconf 80' lang='lat' dir='ltr'>judicio</span> <span class='ocrx_word' id='word_1_388' title='bbox 1665 2720 1791 2758; x_wconf 88' lang='lat' dir='ltr'>fuerit.</span> <span class='ocrx_word' id='word_1_389' title='bbox 1849 2719 1929 2760; x_wconf 84' lang='lat' dir='ltr'>Da</span> 
     </span>
     <span class='ocr_line' id='line_1_43' title="bbox 304 2773 1932 2828; baseline 0.001 -15"><span class='ocrx_word' id='word_1_390' title='bbox 304 2773 407 2827; x_wconf 84' lang='lat' dir='ltr'>fidei</span> <span class='ocrx_word' id='word_1_391' title='bbox 425 2787 522 2828; x_wconf 77' lang='lat' dir='ltr'>qnae</span> <span class='ocrx_word' id='word_1_392' title='bbox 534 2773 755 2827; x_wconf 79' lang='lat' dir='ltr'>fideifimt.</span> <span class='ocrx_word' id='word_1_393' title='bbox 815 2779 918 2816; x_wconf 88' lang='lat' dir='ltr'>Nam</span> <span class='ocrx_word' id='word_1_394' title='bbox 938 2777 997 2814; x_wconf 91' lang='lat' dir='ltr'>vel</span> <span class='ocrx_word' id='word_1_395' title='bbox 1021 2775 1178 2821; x_wconf 88' lang='lat' dir='ltr'>ethnici,</span> <span class='ocrx_word' id='word_1_396' title='bbox 1215 2776 1255 2811; x_wconf 85' lang='lat' dir='ltr'>in</span> <span class='ocrx_word' id='word_1_397' title='bbox 1276 2775 1409 2812; x_wconf 88' lang='lat' dir='ltr'>illustri</span> <span class='ocrx_word' id='word_1_398' title='bbox 1434 2776 1496 2812; x_wconf 87' lang='lat' dir='ltr'>illa</span> <span class='ocrx_word' id='word_1_399' title='bbox 1521 2777 1557 2812; x_wconf 70' lang='grc' dir='ltr'>δε</span> <span class='ocrx_word' id='word_1_400' title='bbox 1581 2775 1719 2822; x_wconf 83' lang='lat' dir='ltr'>divina,</span> <span class='ocrx_word' id='word_1_401' title='bbox 1748 2776 1796 2813; x_wconf 88' lang='lat' dir='ltr'>dc</span> <span class='ocrx_word' id='word_1_402' title='bbox 1817 2783 1932 2816; x_wconf 77' lang='lat' dir='ltr'>aurea</span> 
     </span>
     <span class='ocr_line' id='line_1_44' title="bbox 316 2827 1929 2882; baseline 0.001 -13"><span class='ocrx_word' id='word_1_403' title='bbox 316 2841 458 2878; x_wconf 86' lang='lat' dir='ltr'>catena,</span> <span class='ocrx_word' id='word_1_404' title='bbox 488 2832 623 2877; x_wconf 66' lang='lat' dir='ltr'>rabula,</span> <span class='ocrx_word' id='word_1_405' title='bbox 652 2833 725 2869; x_wconf 92' lang='lat' dir='ltr'>hoe</span> <span class='ocrx_word' id='word_1_406' title='bbox 741 2832 861 2881; x_wconf 91' lang='lat' dir='ltr'>ipsum</span> <span class='ocrx_word' id='word_1_407' title='bbox 878 2832 1113 2869; x_wconf 88' lang='lat' dir='ltr'>concedunt:</span> <span class='ocrx_word' id='word_1_408' title='bbox 1142 2827 1246 2882; x_wconf 81' lang='lat' dir='ltr'>quod</span> <span class='ocrx_word' id='word_1_409' title='bbox 1255 2827 1406 2880; x_wconf 81' lang='lat' dir='ltr'>Jovem</span> <span class='ocrx_word' id='word_1_410' title='bbox 1419 2827 1466 2868; x_wconf 87' lang='lat' dir='ltr'>de</span> <span class='ocrx_word' id='word_1_411' title='bbox 1481 2828 1579 2867; x_wconf 80' lang='lat' dir='ltr'>coelo</span> <span class='ocrx_word' id='word_1_412' title='bbox 1597 2827 1652 2867; x_wconf 82' lang='lat' dir='ltr'>ad</span> <span class='ocrx_word' id='word_1_413' title='bbox 1663 2837 1792 2869; x_wconf 84' lang='lat' dir='ltr'>terras</span> <span class='ocrx_word' id='word_1_414' title='bbox 1814 2828 1929 2871; x_wconf 73' lang='lat' dir='ltr'>dedu-</span> 
     </span>
     <span class='ocr_line' id='line_1_45' title="bbox 318 2883 1930 2938; baseline 0.001 -15"><span class='ocrx_word' id='word_1_415' title='bbox 318 2898 402 2923; x_wconf 86' lang='lat' dir='ltr'>cere</span> <span class='ocrx_word' id='word_1_416' title='bbox 415 2897 485 2923; x_wconf 73' lang='lat' dir='ltr'>nec</span> <span class='ocrx_word' id='word_1_417' title='bbox 502 2884 675 2923; x_wconf 78' lang='lat' dir='ltr'>homines</span> <span class='ocrx_word' id='word_1_418' title='bbox 685 2894 912 2937; x_wconf 78' lang='lat' dir='ltr'>potuerunt,</span> <span class='ocrx_word' id='word_1_419' title='bbox 941 2899 1010 2924; x_wconf 83' lang='lat' dir='ltr'>nec</span> <span class='ocrx_word' id='word_1_420' title='bbox 1024 2884 1104 2925; x_wconf 74' lang='lat' dir='ltr'>dii3</span> <span class='ocrx_word' id='word_1_421' title='bbox 1133 2897 1152 2922; x_wconf 84' lang='lat' dir='ltr'>e</span> <span class='ocrx_word' id='word_1_422' title='bbox 1167 2885 1373 2931; x_wconf 85' lang='lat' dir='ltr'>contrario,</span> <span class='ocrx_word' id='word_1_423' title='bbox 1402 2883 1505 2938; x_wconf 80' lang='lat' dir='ltr'>quod</span> <span class='ocrx_word' id='word_1_424' title='bbox 1517 2885 1683 2937; x_wconf 77' lang='lat' dir='ltr'>Jupiter</span> <span class='ocrx_word' id='word_1_425' title='bbox 1696 2883 1930 2938; x_wconf 82' lang='lat' dir='ltr'>pertrahere</span> 
     </span>
     <span class='ocr_line' id='line_1_46' title="bbox 319 2939 1928 2993; baseline 0 -15"><span class='ocrx_word' id='word_1_426' title='bbox 319 2953 383 2978; x_wconf 86' lang='lat' dir='ltr'>eos</span> <span class='ocrx_word' id='word_1_427' title='bbox 396 2941 574 2992; x_wconf 77' lang='lat' dir='ltr'>potuerit</span> <span class='ocrx_word' id='word_1_428' title='bbox 598 2952 618 2977; x_wconf 90' lang='lat' dir='ltr'>e</span> <span class='ocrx_word' id='word_1_429' title='bbox 642 2947 749 2978; x_wconf 83' lang='lat' dir='ltr'>terra</span> <span class='ocrx_word' id='word_1_430' title='bbox 772 2940 825 2979; x_wconf 66' lang='lat' dir='ltr'>acl</span> <span class='ocrx_word' id='word_1_431' title='bbox 846 2940 999 2979; x_wconf 79' lang='lat' dir='ltr'>coelum.</span> <span class='ocrx_word' id='word_1_432' title='bbox 1056 2942 1183 2993; x_wconf 74' lang='lat' dir='ltr'>Quare</span> <span class='ocrx_word' id='word_1_433' title='bbox 1203 2940 1332 2977; x_wconf 83' lang='lat' dir='ltr'>frustra</span> <span class='ocrx_word' id='word_1_434' title='bbox 1356 2940 1551 2987; x_wconf 86' lang='lat' dir='ltr'>sudaverit,</span> <span class='ocrx_word' id='word_1_435' title='bbox 1589 2939 1652 2988; x_wconf 86' lang='lat' dir='ltr'>qui</span> <span class='ocrx_word' id='word_1_436' title='bbox 1677 2940 1849 2979; x_wconf 84' lang='lat' dir='ltr'>coelestia</span> <span class='ocrx_word' id='word_1_437' title='bbox 1873 2954 1928 2978; x_wconf 87' lang='lat' dir='ltr'>re-</span> 
     </span>
     <span class='ocr_line' id='line_1_47' title="bbox 320 2995 1930 3048; baseline -0.001 -13"><span class='ocrx_word' id='word_1_438' title='bbox 320 2998 476 3046; x_wconf 77' lang='lat' dir='ltr'>ligionis</span> <span class='ocrx_word' id='word_1_439' title='bbox 494 3007 635 3041; x_wconf 82' lang='lat' dir='ltr'>arcana,</span> <span class='ocrx_word' id='word_1_440' title='bbox 666 2995 810 3033; x_wconf 89' lang='lat' dir='ltr'>nostrae</span> <span class='ocrx_word' id='word_1_441' title='bbox 834 2999 973 3034; x_wconf 87' lang='lat' dir='ltr'>rationi</span> <span class='ocrx_word' id='word_1_442' title='bbox 997 2997 1168 3046; x_wconf 85' lang='lat' dir='ltr'>adaptare</span> <span class='ocrx_word' id='word_1_443' title='bbox 1190 2995 1408 3033; x_wconf 87' lang='lat' dir='ltr'>conabitur:</span> <span class='ocrx_word' id='word_1_444' title='bbox 1444 2996 1591 3033; x_wconf 85' lang='lat' dir='ltr'>decebit</span> <span class='ocrx_word' id='word_1_445' title='bbox 1613 2997 1752 3048; x_wconf 69' lang='lat' dir='ltr'>ponus,</span> <span class='ocrx_word' id='word_1_446' title='bbox 1781 3007 1930 3034; x_wconf 81' lang='lat' dir='ltr'>mentes</span> 
     </span>
     <span class='ocr_line' id='line_1_48' title="bbox 316 3049 1929 3102; baseline 0 -12"><span class='ocrx_word' id='word_1_447' title='bbox 316 3051 456 3090; x_wconf 86' lang='lat' dir='ltr'>nostras</span> <span class='ocrx_word' id='word_1_448' title='bbox 484 3053 529 3089; x_wconf 82' lang='lat' dir='ltr'>ad</span> <span class='ocrx_word' id='word_1_449' title='bbox 557 3050 722 3089; x_wconf 85' lang='lat' dir='ltr'>coelestis</span> <span class='ocrx_word' id='word_1_450' title='bbox 748 3054 912 3089; x_wconf 55' lang='lat' dir='ltr'>veritatis</span> <span class='ocrx_word' id='word_1_451' title='bbox 942 3052 1129 3089; x_wconf 86' lang='lat' dir='ltr'>thronum</span> <span class='ocrx_word' id='word_1_452' title='bbox 1156 3049 1390 3089; x_wconf 84' lang='lat' dir='ltr'>adorandum</span> <span class='ocrx_word' id='word_1_453' title='bbox 1412 3052 1596 3089; x_wconf 85' lang='lat' dir='ltr'>attollere.</span> <span class='ocrx_word' id='word_1_454' title='bbox 1654 3052 1699 3088; x_wconf 88' lang='lat' dir='ltr'>In</span> <span class='ocrx_word' id='word_1_455' title='bbox 1718 3052 1786 3089; x_wconf 89' lang='lat' dir='ltr'>hac</span> <span class='ocrx_word' id='word_1_456' title='bbox 1812 3050 1929 3102; x_wconf 80' lang='lat' dir='ltr'>igitur</span> 
     </span>
    </p>
   </div>
   <div class='ocr_carea' id='block_1_9' title="bbox 1821 3117 1928 3159">
    <p class='ocr_par' dir='ltr' id='par_1_9' title="bbox 1821 3117 1928 3159">
     <span class='ocr_line' id='line_1_49' title="bbox 1821 3117 1928 3159; baseline 0.009 -15"><span class='ocrx_word' id='word_1_457' title='bbox 1821 3117 1928 3159; x_wconf 84' lang='lat' dir='ltr'>parte</span> 
     </span>
    </p>
   </div>
   <div class='ocr_carea' id='block_1_10' title="bbox 2033 202 2040 250">
    <p class='ocr_par' dir='ltr' id='par_1_10' title="bbox 2033 202 2040 250">
     <span class='ocr_line' id='line_1_50' title="bbox 2037 202 2040 221; baseline 0 0"><span class='ocrx_word' id='word_1_458' title='bbox 2037 202 2040 221; x_wconf 63' lang='lat'>1</span> 
     </span>
     <span class='ocr_line' id='line_1_51' title="bbox 2033 225 2040 250; baseline 0 0"><span class='ocrx_word' id='word_1_459' title='bbox 2033 225 2040 250; x_wconf 54' lang='grc' dir='ltr'>τε</span> 
     </span>
    </p>
   </div>
  </div>
 </body>
</html>
