<?xml version="1.0" encoding="UTF-8"?>
<!DOCTYPE html PUBLIC "-//W3C//DTD XHTML 1.0 Transitional//EN"
    "http://www.w3.org/TR/xhtml1/DTD/xhtml1-transitional.dtd">
<html xmlns="http://www.w3.org/1999/xhtml" xml:lang="en" lang="en">
 <head>
  <title>
</title>
<meta http-equiv="Content-Type" content="text/html;charset=utf-8" />
  <meta name='ocr-system' content='tesseract 3.04.00' />
  <meta name='ocr-capabilities' content='ocr_page ocr_carea ocr_par ocr_line ocrx_word'/>
</head>
<body>
  <div class='ocr_page' id='page_1' title='image "./worksoffrancisb01baco_0144.png"; bbox 0 0 2040 3439; ppageno 0'>
   <div class='ocr_carea' id='block_1_1' title="bbox 198 264 261 309">
    <p class='ocr_par' dir='ltr' id='par_1_1' title="bbox 198 264 261 309">
     <span class='ocr_line' id='line_1_1' title="bbox 198 264 261 309; baseline -0.016 0"><span class='ocrx_word' id='word_1_1' title='bbox 198 264 261 309; x_wconf 80' lang='lat'>34</span> 
     </span>
    </p>
   </div>
   <div class='ocr_carea' id='block_1_2' title="bbox 430 229 1934 302">
    <p class='ocr_par' dir='ltr' id='par_1_2' title="bbox 430 229 1934 302">
     <span class='ocr_line' id='line_1_2' title="bbox 430 229 1934 302; baseline -0.006 -12"><span class='ocrx_word' id='word_1_2' title='bbox 430 240 533 290; x_wconf 85' lang='lat' dir='ltr'>DE</span> <span class='ocrx_word' id='word_1_3' title='bbox 582 233 1077 302; x_wconf 81' lang='lat' dir='ltr'><strong>AUGMENTIS</strong></span> <span class='ocrx_word' id='word_1_4' title='bbox 1130 229 1728 283; x_wconf 84' lang='lat' dir='ltr'>SC1ENT1ARUM.</span> <span class='ocrx_word' id='word_1_5' title='bbox 1785 229 1934 281; x_wconf 66' lang='lat' dir='ltr'>Lib.I.-⁴</span> 
     </span>
    </p>
   </div>
   <div class='ocr_carea' id='block_1_3' title="bbox 337 321 1966 3138">
    <p class='ocr_par' dir='ltr' id='par_1_3' title="bbox 337 321 1961 1808">
     <span class='ocr_line' id='line_1_3' title="bbox 384 321 1940 382; baseline -0.006 -4"><span class='ocrx_word' id='word_1_6' title='bbox 384 341 453 379; x_wconf 68' lang='lat' dir='ltr'>Di:</span> <span class='ocrx_word' id='word_1_7' title='bbox 480 334 638 376; x_wconf 82' lang='lat' dir='ltr'>Catonis</span> <span class='ocrx_word' id='word_1_8' title='bbox 657 331 834 371; x_wconf 81' lang='lat' dir='ltr'>Censoris</span> <span class='ocrx_word' id='word_1_9' title='bbox 855 330 1007 375; x_wconf 74' lang='lat' dir='ltr'>judicio,</span> <span class='ocrx_word' id='word_1_10' title='bbox 1037 328 1109 364; x_wconf 80' lang='lat' dir='ltr'>hoe</span> <span class='ocrx_word' id='word_1_11' title='bbox 1130 327 1273 364; x_wconf 59' lang='lat' dir='ltr'>dicium</span> <span class='ocrx_word' id='word_1_12' title='bbox 1288 326 1378 373; x_wconf 87' lang='lat' dir='ltr'>esto,</span> <span class='ocrx_word' id='word_1_13' title='bbox 1407 321 1659 364; x_wconf 84' lang='lat' dir='ltr'>meritissimas</span> <span class='ocrx_word' id='word_1_14' title='bbox 1674 341 1762 367; x_wconf 86' lang='lat' dir='ltr'>eum</span> <span class='ocrx_word' id='word_1_15' title='bbox 1777 330 1940 382; x_wconf 83' lang='lat' dir='ltr'>blasphe-</span> 
     </span>
     <span class='ocr_line' id='line_1_4' title="bbox 337 380 1942 438; baseline -0.004 -6"><span class='ocrx_word' id='word_1_16' title='bbox 337 394 432 432; x_wconf 74' lang='lat' dir='ltr'>miae</span> <span class='ocrx_word' id='word_1_17' title='bbox 461 393 498 430; x_wconf 90' lang='lat' dir='ltr'>in</span> <span class='ocrx_word' id='word_1_18' title='bbox 522 391 641 429; x_wconf 87' lang='lat' dir='ltr'>literas</span> <span class='ocrx_word' id='word_1_19' title='bbox 661 387 760 426; x_wconf 75' lang='lat' dir='ltr'>luiss&#39;e</span> <span class='ocrx_word' id='word_1_20' title='bbox 784 397 935 438; x_wconf 81' lang='lat' dir='ltr'>poenas,</span> <span class='ocrx_word' id='word_1_21' title='bbox 964 395 1050 420; x_wconf 87' lang='lat' dir='ltr'>cum</span> <span class='ocrx_word' id='word_1_22' title='bbox 1083 380 1361 431; x_wconf 79' lang='lat' dir='ltr'>septuagenario</span> <span class='ocrx_word' id='word_1_23' title='bbox 1384 382 1518 428; x_wconf 79' lang='lat' dir='ltr'>major,</span> <span class='ocrx_word' id='word_1_24' title='bbox 1547 380 1646 430; x_wconf 75' lang='lat' dir='ltr'>quasi</span> <span class='ocrx_word' id='word_1_25' title='bbox 1670 387 1942 436; x_wconf 75' lang='lat' dir='ltr'>repuerascens,</span> 
     </span>
     <span class='ocr_line' id='line_1_5' title="bbox 339 435 1942 493; baseline -0.004 -6"><span class='ocrx_word' id='word_1_26' title='bbox 339 451 519 487; x_wconf 78' lang='lat' dir='ltr'>Graecam</span> <span class='ocrx_word' id='word_1_27' title='bbox 548 448 717 493; x_wconf 73' lang='lat' dir='ltr'>linguam</span> <span class='ocrx_word' id='word_1_28' title='bbox 751 436 985 490; x_wconf 81' lang='lat' dir='ltr'>eupidissime</span> <span class='ocrx_word' id='word_1_29' title='bbox 1014 437 1230 482; x_wconf 78' lang='lat' dir='ltr'>addisceret.</span> <span class='ocrx_word' id='word_1_30' title='bbox 1285 439 1338 474; x_wconf 89' lang='lat' dir='ltr'>Ex</span> <span class='ocrx_word' id='word_1_31' title='bbox 1373 448 1452 485; x_wconf 90' lang='lat' dir='ltr'>quo</span> <span class='ocrx_word' id='word_1_32' title='bbox 1479 435 1607 488; x_wconf 87' lang='lat' dir='ltr'>liquet,</span> <span class='ocrx_word' id='word_1_33' title='bbox 1642 440 1812 488; x_wconf 84' lang='lat' dir='ltr'>priorem</span> <span class='ocrx_word' id='word_1_34' title='bbox 1835 444 1942 481; x_wconf 86' lang='lat' dir='ltr'>illam</span> 
     </span>
     <span class='ocr_line' id='line_1_6' title="bbox 337 491 1946 545; baseline -0.006 -4"><span class='ocrx_word' id='word_1_35' title='bbox 337 503 531 542; x_wconf 80' lang='lat' dir='ltr'>censuram</span> <span class='ocrx_word' id='word_1_36' title='bbox 548 500 709 537; x_wconf 83' lang='lat' dir='ltr'>Graecae</span> <span class='ocrx_word' id='word_1_37' title='bbox 729 498 953 540; x_wconf 77' lang='lat' dir='ltr'>literaturae,</span> <span class='ocrx_word' id='word_1_38' title='bbox 982 505 1024 530; x_wconf 87' lang='lat' dir='ltr'>ex</span> <span class='ocrx_word' id='word_1_39' title='bbox 1053 491 1221 538; x_wconf 69' lang='lat' dir='ltr'>affectata</span> <span class='ocrx_word' id='word_1_40' title='bbox 1249 493 1383 542; x_wconf 79' lang='lat' dir='ltr'>potius¹</span> <span class='ocrx_word' id='word_1_41' title='bbox 1402 493 1593 541; x_wconf 80' lang='lat' dir='ltr'>gravitate,</span> <span class='ocrx_word' id='word_1_42' title='bbox 1621 505 1735 541; x_wconf 84' lang='lat' dir='ltr'>quam</span> <span class='ocrx_word' id='word_1_43' title='bbox 1763 498 1868 545; x_wconf 85' lang='lat' dir='ltr'>quod</span> <span class='ocrx_word' id='word_1_44' title='bbox 1891 499 1946 536; x_wconf 75' lang='lat' dir='ltr'>ita</span> 
     </span>
     <span class='ocr_line' id='line_1_7' title="bbox 342 544 1946 611; baseline -0.001 -19"><span class='ocrx_word' id='word_1_45' title='bbox 342 544 488 611; x_wconf 60' lang='lat' dir='ltr'>penitus</span> <span class='ocrx_word' id='word_1_46' title='bbox 508 555 671 599; x_wconf 80' lang='lat' dir='ltr'>sentiret,</span> <span class='ocrx_word' id='word_1_47' title='bbox 702 550 847 589; x_wconf 72' lang='lat' dir='ltr'>fluxiss&#39;e.</span> <span class='ocrx_word' id='word_1_48' title='bbox 906 549 971 586; x_wconf 89' lang='lat' dir='ltr'>Ad</span> <span class='ocrx_word' id='word_1_49' title='bbox 982 545 1131 598; x_wconf 84' lang='lat' dir='ltr'>Virgilii</span> <span class='ocrx_word' id='word_1_50' title='bbox 1154 559 1246 585; x_wconf 84' lang='lat' dir='ltr'>vero</span> <span class='ocrx_word' id='word_1_51' title='bbox 1265 548 1431 584; x_wconf 85' lang='lat' dir='ltr'>carmina</span> <span class='ocrx_word' id='word_1_52' title='bbox 1451 547 1553 595; x_wconf 90' lang='lat' dir='ltr'>quod</span> <span class='ocrx_word' id='word_1_53' title='bbox 1574 550 1723 597; x_wconf 84' lang='lat' dir='ltr'>attinet,</span> <span class='ocrx_word' id='word_1_54' title='bbox 1752 561 1946 602; x_wconf 85' lang='lat' dir='ltr'>utcunque</span> 
     </span>
     <span class='ocr_line' id='line_1_8' title="bbox 344 600 1946 658; baseline -0.004 -7"><span class='ocrx_word' id='word_1_55' title='bbox 344 613 397 652; x_wconf 88' lang='lat' dir='ltr'>illi</span> <span class='ocrx_word' id='word_1_56' title='bbox 419 610 567 649; x_wconf 89' lang='lat' dir='ltr'>libitum</span> <span class='ocrx_word' id='word_1_57' title='bbox 584 609 694 646; x_wconf 85' lang='lat' dir='ltr'>suerit</span> <span class='ocrx_word' id='word_1_58' title='bbox 719 604 898 644; x_wconf 73' lang='lat' dir='ltr'>universo</span> <span class='ocrx_word' id='word_1_59' title='bbox 913 603 1063 642; x_wconf 88' lang='lat' dir='ltr'>mundo</span> <span class='ocrx_word' id='word_1_60' title='bbox 1083 601 1272 649; x_wconf 85' lang='lat' dir='ltr'>insultare,</span> <span class='ocrx_word' id='word_1_61' title='bbox 1299 600 1484 641; x_wconf 82' lang='lat' dir='ltr'>Romanis</span> <span class='ocrx_word' id='word_1_62' title='bbox 1498 601 1691 642; x_wconf 79' lang='lat' dir='ltr'>afferendo</span> <span class='ocrx_word' id='word_1_63' title='bbox 1717 604 1813 644; x_wconf 85' lang='lat' dir='ltr'>artes</span> <span class='ocrx_word' id='word_1_64' title='bbox 1831 606 1946 658; x_wconf 89' lang='lat' dir='ltr'>impe-</span> 
     </span>
     <span class='ocr_line' id='line_1_9' title="bbox 340 657 1955 714; baseline -0.002 -9"><span class='ocrx_word' id='word_1_65' title='bbox 340 668 460 714; x_wconf 84' lang='lat' dir='ltr'>randi,</span> <span class='ocrx_word' id='word_1_66' title='bbox 488 676 651 702; x_wconf 81' lang='lat' dir='ltr'>caeteras</span> <span class='ocrx_word' id='word_1_67' title='bbox 670 673 850 711; x_wconf 79' lang='lat' dir='ltr'>tanquam</span> <span class='ocrx_word' id='word_1_68' title='bbox 869 659 1066 711; x_wconf 82' lang='lat' dir='ltr'>populares</span> <span class='ocrx_word' id='word_1_69' title='bbox 1085 659 1166 694; x_wconf 87' lang='lat' dir='ltr'>aliis</span> <span class='ocrx_word' id='word_1_70' title='bbox 1190 657 1466 706; x_wconf 68' lang='lat' dir='ltr'>relinquendos</span> <span class='ocrx_word' id='word_1_71' title='bbox 1502 658 1541 693; x_wconf 88' lang='lat' dir='ltr'>in</span> <span class='ocrx_word' id='word_1_72' title='bbox 1572 657 1647 695; x_wconf 90' lang='lat' dir='ltr'>hoe</span> <span class='ocrx_word' id='word_1_73' title='bbox 1670 670 1798 698; x_wconf 87' lang='lat' dir='ltr'>tamen</span> <span class='ocrx_word' id='word_1_74' title='bbox 1826 664 1955 701; x_wconf 82' lang='lat' dir='ltr'>mani-·</span> 
     </span>
     <span class='ocr_line' id='line_1_10' title="bbox 342 711 1948 766; baseline -0.002 -6"><span class='ocrx_word' id='word_1_75' title='bbox 342 721 432 761; x_wconf 84' lang='lat' dir='ltr'>festo</span> <span class='ocrx_word' id='word_1_76' title='bbox 454 731 615 766; x_wconf 85' lang='lat' dir='ltr'>tenetur,</span> <span class='ocrx_word' id='word_1_77' title='bbox 644 720 842 756; x_wconf 76' lang='lat' dir='ltr'>Romanos</span> <span class='ocrx_word' id='word_1_78' title='bbox 865 726 1061 763; x_wconf 84' lang='lat' dir='ltr'>nunquam</span> <span class='ocrx_word' id='word_1_79' title='bbox 1081 714 1229 762; x_wconf 87' lang='lat' dir='ltr'>imperii</span> <span class='ocrx_word' id='word_1_80' title='bbox 1253 712 1438 762; x_wconf 77' lang='lat' dir='ltr'>fastigium</span> <span class='ocrx_word' id='word_1_81' title='bbox 1463 711 1727 762; x_wconf 77' lang='lat' dir='ltr'>conscendisse,</span> <span class='ocrx_word' id='word_1_82' title='bbox 1754 716 1879 756; x_wconf 88' lang='lat' dir='ltr'>donec</span> <span class='ocrx_word' id='word_1_83' title='bbox 1899 718 1948 756; x_wconf 83' lang='lat' dir='ltr'>ad</span> 
     </span>
     <span class='ocr_line' id='line_1_11' title="bbox 341 767 1946 823; baseline -0.002 -8"><span class='ocrx_word' id='word_1_84' title='bbox 341 779 479 816; x_wconf 83' lang='lat' dir='ltr'>artium</span> <span class='ocrx_word' id='word_1_85' title='bbox 494 777 646 813; x_wconf 89' lang='lat' dir='ltr'>culmen</span> <span class='ocrx_word' id='word_1_86' title='bbox 670 771 777 810; x_wconf 83' lang='lat' dir='ltr'>fimul</span> <span class='ocrx_word' id='word_1_87' title='bbox 798 770 1055 823; x_wconf 78' lang='lat' dir='ltr'>perveniss&#39;ent.</span> <span class='ocrx_word' id='word_1_88' title='bbox 1112 770 1291 816; x_wconf 81' lang='lat' dir='ltr'>Namque</span> <span class='ocrx_word' id='word_1_89' title='bbox 1310 767 1456 805; x_wconf 89' lang='lat' dir='ltr'>duobus</span> <span class='ocrx_word' id='word_1_90' title='bbox 1475 768 1606 817; x_wconf 86' lang='lat' dir='ltr'>primis</span> <span class='ocrx_word' id='word_1_91' title='bbox 1638 769 1867 819; x_wconf 80' lang='lat' dir='ltr'>Caesaribus,</span> <span class='ocrx_word' id='word_1_92' title='bbox 1895 774 1946 811; x_wconf 87' lang='lat' dir='ltr'>vi-</span> 
     </span>
     <span class='ocr_line' id='line_1_12' title="bbox 342 823 1948 882; baseline -0.002 -12"><span class='ocrx_word' id='word_1_93' title='bbox 342 835 391 870; x_wconf 88' lang='lat' dir='ltr'>ris</span> <span class='ocrx_word' id='word_1_94' title='bbox 413 827 619 882; x_wconf 87' lang='lat' dir='ltr'>imperandi</span> <span class='ocrx_word' id='word_1_95' title='bbox 633 823 872 878; x_wconf 81' lang='lat' dir='ltr'>peritissimis,</span> <span class='ocrx_word' id='word_1_96' title='bbox 902 825 1215 873; x_wconf 85' lang='lat' dir='ltr'>contemporanei</span> <span class='ocrx_word' id='word_1_97' title='bbox 1239 833 1345 860; x_wconf 88' lang='lat' dir='ltr'>erant</span> <span class='ocrx_word' id='word_1_98' title='bbox 1373 824 1541 875; x_wconf 89' lang='lat' dir='ltr'>optimus</span> <span class='ocrx_word' id='word_1_99' title='bbox 1559 834 1670 872; x_wconf 84' lang='lat' dir='ltr'>poeta</span> <span class='ocrx_word' id='word_1_100' title='bbox 1689 826 1753 863; x_wconf 89' lang='lat' dir='ltr'>ille</span> <span class='ocrx_word' id='word_1_101' title='bbox 1767 825 1844 878; x_wconf 87' lang='lat' dir='ltr'>ipse</span> <span class='ocrx_word' id='word_1_102' title='bbox 1863 829 1948 866; x_wconf 84' lang='lat' dir='ltr'>Vir-</span> 
     </span>
     <span class='ocr_line' id='line_1_13' title="bbox 343 877 1946 935; baseline -0.003 -9"><span class='ocrx_word' id='word_1_103' title='bbox 343 890 454 927; x_wconf 67' lang='lat' dir='ltr'>uilius</span> <span class='ocrx_word' id='word_1_104' title='bbox 476 887 599 931; x_wconf 83' lang='lat' dir='ltr'>Maro,</span> <span class='ocrx_word' id='word_1_105' title='bbox 619 885 786 935; x_wconf 88' lang='lat' dir='ltr'>optimus</span> <span class='ocrx_word' id='word_1_106' title='bbox 801 881 1109 918; x_wconf 86' lang='lat' dir='ltr'>historicusTitus</span> <span class='ocrx_word' id='word_1_107' title='bbox 1118 877 1253 925; x_wconf 83' lang='lat' dir='ltr'>Livius,</span> <span class='ocrx_word' id='word_1_108' title='bbox 1282 879 1448 930; x_wconf 86' lang='lat' dir='ltr'>optimus</span> <span class='ocrx_word' id='word_1_109' title='bbox 1461 879 1687 926; x_wconf 72' lang='lat' dir='ltr'>antiquarius</span> <span class='ocrx_word' id='word_1_110' title='bbox 1698 881 1946 920; x_wconf 85' lang='lat' dir='ltr'>MarcusVat—</span> 
     </span>
     <span class='ocr_line' id='line_1_14' title="bbox 342 930 1950 992; baseline -0.003 -12"><span class='ocrx_word' id='word_1_111' title='bbox 342 930 402 988; x_wconf 68' lang='lat' dir='ltr'>ro,</span> <span class='ocrx_word' id='word_1_112' title='bbox 432 943 601 992; x_wconf 84' lang='lat' dir='ltr'>optimus</span> <span class='ocrx_word' id='word_1_113' title='bbox 616 950 677 976; x_wconf 80' lang='lat' dir='ltr'>aut</span> <span class='ocrx_word' id='word_1_114' title='bbox 693 940 849 988; x_wconf 85' lang='lat' dir='ltr'>optimo</span> <span class='ocrx_word' id='word_1_115' title='bbox 864 937 1056 988; x_wconf 84' lang='lat' dir='ltr'>proximus</span> <span class='ocrx_word' id='word_1_116' title='bbox 1071 945 1200 971; x_wconf 79' lang='lat' dir='ltr'>orator</span> <span class='ocrx_word' id='word_1_117' title='bbox 1215 934 1365 971; x_wconf 79' lang='lat' dir='ltr'>Marcus</span> <span class='ocrx_word' id='word_1_118' title='bbox 1381 934 1543 974; x_wconf 83' lang='lat' dir='ltr'>Cicer03</span> <span class='ocrx_word' id='word_1_119' title='bbox 1570 935 1756 984; x_wconf 87' lang='lat' dir='ltr'>principes</span> <span class='ocrx_word' id='word_1_120' title='bbox 1770 947 1882 984; x_wconf 83' lang='lat' dir='ltr'>cette,</span> <span class='ocrx_word' id='word_1_121' title='bbox 1905 951 1950 976; x_wconf 81' lang='lat' dir='ltr'>ex</span> 
     </span>
     <span class='ocr_line' id='line_1_15' title="bbox 344 989 1951 1040; baseline -0.002 -6"><span class='ocrx_word' id='word_1_122' title='bbox 344 999 454 1035; x_wconf 83' lang='lat' dir='ltr'>omni</span> <span class='ocrx_word' id='word_1_123' title='bbox 475 996 658 1033; x_wconf 80' lang='lat' dir='ltr'>memoria</span> <span class='ocrx_word' id='word_1_124' title='bbox 674 995 714 1030; x_wconf 88' lang='lat' dir='ltr'>in</span> <span class='ocrx_word' id='word_1_125' title='bbox 744 993 804 1030; x_wconf 81' lang='lat' dir='ltr'>sua</span> <span class='ocrx_word' id='word_1_126' title='bbox 833 990 970 1040; x_wconf 86' lang='lat' dir='ltr'>quique</span> <span class='ocrx_word' id='word_1_127' title='bbox 986 990 1168 1027; x_wconf 79' lang='lat' dir='ltr'>facultate.</span> <span class='ocrx_word' id='word_1_128' title='bbox 1225 989 1429 1035; x_wconf 79' lang='lat' dir='ltr'>Postremo,</span> <span class='ocrx_word' id='word_1_129' title='bbox 1459 997 1644 1037; x_wconf 86' lang='lat' dir='ltr'>quantum</span> <span class='ocrx_word' id='word_1_130' title='bbox 1659 991 1705 1028; x_wconf 84' lang='lat' dir='ltr'>ad</span> <span class='ocrx_word' id='word_1_131' title='bbox 1721 991 1881 1030; x_wconf 87' lang='lat' dir='ltr'>Socratis</span> <span class='ocrx_word' id='word_1_132' title='bbox 1895 1005 1951 1030; x_wconf 88' lang='lat' dir='ltr'>ac-</span> 
     </span>
     <span class='ocr_line' id='line_1_16' title="bbox 346 1044 1954 1095; baseline -0.002 -6"><span class='ocrx_word' id='word_1_133' title='bbox 346 1051 592 1095; x_wconf 70' lang='lat' dir='ltr'>cusationem,</span> <span class='ocrx_word' id='word_1_134' title='bbox 621 1050 657 1085; x_wconf 92' lang='lat' dir='ltr'>id</span> <span class='ocrx_word' id='word_1_135' title='bbox 678 1050 766 1086; x_wconf 91' lang='lat' dir='ltr'>dico</span> <span class='ocrx_word' id='word_1_136' title='bbox 788 1058 935 1084; x_wconf 82' lang='lat' dir='ltr'>tantum</span> <span class='ocrx_word' id='word_1_137' title='bbox 953 1060 963 1087; x_wconf 57' lang='grc' dir='ltr'>,ς</span> <span class='ocrx_word' id='word_1_138' title='bbox 995 1045 1236 1082; x_wconf 83' lang='lat' dir='ltr'>recordemur</span> <span class='ocrx_word' id='word_1_139' title='bbox 1256 1054 1488 1093; x_wconf 87' lang='lat' dir='ltr'>temporum,</span> <span class='ocrx_word' id='word_1_140' title='bbox 1515 1044 1650 1093; x_wconf 85' lang='lat' dir='ltr'>quibus</span> <span class='ocrx_word' id='word_1_141' title='bbox 1668 1046 1854 1084; x_wconf 86' lang='lat' dir='ltr'>intentata</span> <span class='ocrx_word' id='word_1_142' title='bbox 1875 1047 1924 1085; x_wconf 90' lang='lat' dir='ltr'>est</span> <span class='ocrx_word' id='word_1_143' title='bbox 1939 1062 1954 1089; x_wconf 66' lang='grc' dir='ltr'><strong>ς</strong></span> 
     </span>
     <span class='ocr_line' id='line_1_17' title="bbox 345 1096 1952 1153; baseline -0.003 -8"><span class='ocrx_word' id='word_1_144' title='bbox 345 1107 530 1145; x_wconf 84' lang='lat' dir='ltr'>nimirum</span> <span class='ocrx_word' id='word_1_145' title='bbox 554 1105 617 1142; x_wconf 88' lang='lat' dir='ltr'>sub</span> <span class='ocrx_word' id='word_1_146' title='bbox 636 1106 791 1153; x_wconf 70' lang='lat' dir='ltr'>triginta</span> <span class='ocrx_word' id='word_1_147' title='bbox 810 1103 988 1151; x_wconf 71' lang='lat' dir='ltr'>tyrannis,</span> <span class='ocrx_word' id='word_1_148' title='bbox 1017 1101 1236 1137; x_wconf 81' lang='lat' dir='ltr'>mortalium</span> <span class='ocrx_word' id='word_1_149' title='bbox 1256 1101 1433 1137; x_wconf 88' lang='lat' dir='ltr'>omnium</span> <span class='ocrx_word' id='word_1_150' title='bbox 1457 1096 1728 1148; x_wconf 76' lang='lat' dir='ltr'>crudefisshnis,</span> <span class='ocrx_word' id='word_1_151' title='bbox 1759 1101 1952 1140; x_wconf 85' lang='lat' dir='ltr'>sceleratis-</span> 
     </span>
     <span class='ocr_line' id='line_1_18' title="bbox 347 1153 1951 1211; baseline -0.002 -11"><span class='ocrx_word' id='word_1_152' title='bbox 347 1161 458 1207; x_wconf 75' lang='lat' dir='ltr'>funis,</span> <span class='ocrx_word' id='word_1_153' title='bbox 487 1162 721 1210; x_wconf 85' lang='lat' dir='ltr'>imperioque</span> <span class='ocrx_word' id='word_1_154' title='bbox 742 1153 1030 1211; x_wconf 67' lang='lat' dir='ltr'>indignilliniis:</span> <span class='ocrx_word' id='word_1_155' title='bbox 1060 1156 1150 1206; x_wconf 79' lang='lat' dir='ltr'>Qii,</span> <span class='ocrx_word' id='word_1_156' title='bbox 1180 1166 1306 1191; x_wconf 83' lang='lat' dir='ltr'>reruni</span> <span class='ocrx_word' id='word_1_157' title='bbox 1331 1156 1367 1191; x_wconf 69' lang='grc' dir='ltr'>ὃς</span> <span class='ocrx_word' id='word_1_158' title='bbox 1395 1164 1614 1203; x_wconf 88' lang='lat' dir='ltr'>temporum</span> <span class='ocrx_word' id='word_1_159' title='bbox 1638 1156 1741 1193; x_wconf 88' lang='lat' dir='ltr'>orbis</span> <span class='ocrx_word' id='word_1_160' title='bbox 1754 1157 1951 1209; x_wconf 89' lang='lat' dir='ltr'>postquam</span> 
     </span>
     <span class='ocr_line' id='line_1_19' title="bbox 348 1208 1954 1258; baseline -0.002 -4"><span class='ocrx_word' id='word_1_161' title='bbox 348 1217 589 1255; x_wconf 68' lang='lat' dir='ltr'>circumae‘tus</span> <span class='ocrx_word' id='word_1_162' title='bbox 617 1214 714 1258; x_wconf 78' lang='lat' dir='ltr'>effer,</span> <span class='ocrx_word' id='word_1_163' title='bbox 754 1213 923 1250; x_wconf 71' lang='lat' dir='ltr'>Socrates</span> <span class='ocrx_word' id='word_1_164' title='bbox 956 1212 1019 1247; x_wconf 89' lang='lat' dir='ltr'>ille</span> <span class='ocrx_word' id='word_1_165' title='bbox 1050 1208 1267 1257; x_wconf 68' lang='lat' dir='ltr'>(flagitiosus</span> <span class='ocrx_word' id='word_1_166' title='bbox 1295 1208 1448 1257; x_wconf 88' lang='lat' dir='ltr'>scilicet)</span> <span class='ocrx_word' id='word_1_167' title='bbox 1480 1208 1656 1248; x_wconf 87' lang='lat' dir='ltr'>heroibus</span> <span class='ocrx_word' id='word_1_168' title='bbox 1686 1223 1954 1251; x_wconf 84' lang='lat' dir='ltr'>annumeratus</span> 
     </span>
     <span class='ocr_line' id='line_1_20' title="bbox 349 1264 1954 1317; baseline -0.001 -9"><span class='ocrx_word' id='word_1_169' title='bbox 349 1271 409 1317; x_wconf 86' lang='lat' dir='ltr'>est,</span> <span class='ocrx_word' id='word_1_170' title='bbox 438 1274 475 1308; x_wconf 66' lang='lat' dir='ltr'>&amp;r</span> <span class='ocrx_word' id='word_1_171' title='bbox 496 1270 680 1306; x_wconf 74' lang='lat' dir='ltr'>memoria</span> <span class='ocrx_word' id='word_1_172' title='bbox 701 1269 778 1308; x_wconf 79' lang='lat' dir='ltr'>eius</span> <span class='ocrx_word' id='word_1_173' title='bbox 802 1267 979 1303; x_wconf 80' lang='lat' dir='ltr'>omnibus</span> <span class='ocrx_word' id='word_1_174' title='bbox 1003 1275 1080 1301; x_wconf 79' lang='lat' dir='ltr'>tani</span> <span class='ocrx_word' id='word_1_175' title='bbox 1108 1265 1246 1300; x_wconf 75' lang='lat' dir='ltr'>divinis</span> <span class='ocrx_word' id='word_1_176' title='bbox 1266 1275 1380 1311; x_wconf 85' lang='lat' dir='ltr'>quam</span> <span class='ocrx_word' id='word_1_177' title='bbox 1406 1264 1579 1301; x_wconf 85' lang='lat' dir='ltr'>humanis</span> <span class='ocrx_word' id='word_1_178' title='bbox 1594 1264 1803 1305; x_wconf 88' lang='lat' dir='ltr'>honoribus</span> <span class='ocrx_word' id='word_1_179' title='bbox 1824 1279 1954 1306; x_wconf 89' lang='lat' dir='ltr'>cumu-</span> 
     </span>
     <span class='ocr_line' id='line_1_21' title="bbox 349 1320 1957 1373; baseline 0.001 -13"><span class='ocrx_word' id='word_1_180' title='bbox 349 1328 443 1364; x_wconf 64' lang='lat' dir='ltr'>lata:</span> <span class='ocrx_word' id='word_1_181' title='bbox 474 1327 566 1373; x_wconf 84' lang='lat' dir='ltr'>quin</span> <span class='ocrx_word' id='word_1_182' title='bbox 600 1322 866 1372; x_wconf 73' lang='lat' dir='ltr'>disputationes</span> <span class='ocrx_word' id='word_1_183' title='bbox 897 1323 973 1364; x_wconf 78' lang='lat' dir='ltr'>ejus</span> <span class='ocrx_word' id='word_1_184' title='bbox 1001 1330 1182 1368; x_wconf 78' lang='lat' dir='ltr'>tanquam</span> <span class='ocrx_word' id='word_1_185' title='bbox 1210 1320 1458 1370; x_wconf 82' lang='lat' dir='ltr'>corruptrices</span> <span class='ocrx_word' id='word_1_186' title='bbox 1487 1331 1642 1360; x_wconf 88' lang='lat' dir='ltr'>morum</span> <span class='ocrx_word' id='word_1_187' title='bbox 1667 1321 1768 1370; x_wconf 88' lang='lat' dir='ltr'>prius</span> <span class='ocrx_word' id='word_1_188' title='bbox 1795 1321 1957 1371; x_wconf 87' lang='lat' dir='ltr'>habitae,</span> 
     </span>
     <span class='ocr_line' id='line_1_22' title="bbox 349 1373 1956 1431; baseline -0.001 -13"><span class='ocrx_word' id='word_1_189' title='bbox 349 1394 419 1431; x_wconf 85' lang='lat' dir='ltr'>pro</span> <span class='ocrx_word' id='word_1_190' title='bbox 442 1375 742 1430; x_wconf 64' lang='lat' dir='ltr'>praesc-utillimis</span> <span class='ocrx_word' id='word_1_191' title='bbox 759 1375 895 1413; x_wconf 83' lang='lat' dir='ltr'>mentis</span> <span class='ocrx_word' id='word_1_192' title='bbox 916 1385 1143 1423; x_wconf 85' lang='lat' dir='ltr'>morumque</span> <span class='ocrx_word' id='word_1_193' title='bbox 1167 1373 1348 1411; x_wconf 85' lang='lat' dir='ltr'>antidotis</span> <span class='ocrx_word' id='word_1_194' title='bbox 1370 1374 1416 1411; x_wconf 79' lang='lat' dir='ltr'>ab</span> <span class='ocrx_word' id='word_1_195' title='bbox 1441 1376 1551 1412; x_wconf 89' lang='lat' dir='ltr'>omni</span> <span class='ocrx_word' id='word_1_196' title='bbox 1570 1374 1782 1423; x_wconf 86' lang='lat' dir='ltr'>posteritate</span> <span class='ocrx_word' id='word_1_197' title='bbox 1795 1378 1956 1416; x_wconf 85' lang='lat' dir='ltr'>celebra-</span> 
     </span>
     <span class='ocr_line' id='line_1_23' title="bbox 351 1427 1957 1483; baseline -0.002 -9"><span class='ocrx_word' id='word_1_198' title='bbox 351 1438 497 1474; x_wconf 85' lang='lat' dir='ltr'>bantur.</span> <span class='ocrx_word' id='word_1_199' title='bbox 554 1435 684 1482; x_wconf 81' lang='lat' dir='ltr'>Atque</span> <span class='ocrx_word' id='word_1_200' title='bbox 711 1433 800 1469; x_wconf 77' lang='lat' dir='ltr'>haec</span> <span class='ocrx_word' id='word_1_201' title='bbox 825 1427 1006 1468; x_wconf 76' lang='lat' dir='ltr'>sufficiant</span> <span class='ocrx_word' id='word_1_202' title='bbox 1035 1431 1080 1467; x_wconf 85' lang='lat' dir='ltr'>ad</span> <span class='ocrx_word' id='word_1_203' title='bbox 1102 1429 1408 1480; x_wconf 88' lang='lat' dir='ltr'>respondendum</span> <span class='ocrx_word' id='word_1_204' title='bbox 1431 1431 1607 1478; x_wconf 82' lang='lat' dir='ltr'>politicis,</span> <span class='ocrx_word' id='word_1_205' title='bbox 1637 1429 1700 1479; x_wconf 90' lang='lat' dir='ltr'>qui</span> <span class='ocrx_word' id='word_1_206' title='bbox 1720 1431 1957 1483; x_wconf 84' lang='lat' dir='ltr'>superciliosa</span> 
     </span>
     <span class='ocr_line' id='line_1_24' title="bbox 350 1483 1957 1537; baseline -0.001 -9"><span class='ocrx_word' id='word_1_207' title='bbox 350 1489 552 1536; x_wconf 86' lang='lat' dir='ltr'>severitate,</span> <span class='ocrx_word' id='word_1_208' title='bbox 580 1500 642 1526; x_wconf 86' lang='lat' dir='ltr'>aut</span> <span class='ocrx_word' id='word_1_209' title='bbox 662 1488 784 1526; x_wconf 85' lang='lat' dir='ltr'>fucata</span> <span class='ocrx_word' id='word_1_210' title='bbox 805 1488 997 1535; x_wconf 79' lang='lat' dir='ltr'>gravitate,</span> <span class='ocrx_word' id='word_1_211' title='bbox 1025 1483 1099 1522; x_wconf 81' lang='lat' dir='ltr'>auli</span> <span class='ocrx_word' id='word_1_212' title='bbox 1127 1483 1211 1522; x_wconf 90' lang='lat' dir='ltr'>sunt</span> <span class='ocrx_word' id='word_1_213' title='bbox 1238 1483 1359 1521; x_wconf 83' lang='lat' dir='ltr'>literas</span> <span class='ocrx_word' id='word_1_214' title='bbox 1382 1483 1555 1522; x_wconf 79' lang='lat' dir='ltr'>incessere</span> <span class='ocrx_word' id='word_1_215' title='bbox 1571 1486 1832 1528; x_wconf 80' lang='lat' dir='ltr'>contumeliis3</span> <span class='ocrx_word' id='word_1_216' title='bbox 1859 1500 1957 1537; x_wconf 90' lang='lat' dir='ltr'>quae</span> 
     </span>
     <span class='ocr_line' id='line_1_25' title="bbox 351 1536 1958 1594; baseline -0.001 -10"><span class='ocrx_word' id='word_1_217' title='bbox 351 1557 481 1584; x_wconf 84' lang='lat' dir='ltr'>tamen</span> <span class='ocrx_word' id='word_1_218' title='bbox 503 1543 717 1582; x_wconf 85' lang='lat' dir='ltr'>confutatio</span> <span class='ocrx_word' id='word_1_219' title='bbox 745 1539 1102 1591; x_wconf 62' lang='lat' dir='ltr'>impraestnriarum,</span> <span class='ocrx_word' id='word_1_220' title='bbox 1131 1536 1198 1577; x_wconf 68' lang='lat' dir='ltr'>nisi</span> <span class='ocrx_word' id='word_1_221' title='bbox 1221 1539 1324 1587; x_wconf 86' lang='lat' dir='ltr'>quod</span> <span class='ocrx_word' id='word_1_222' title='bbox 1341 1539 1545 1578; x_wconf 83' lang='lat' dir='ltr'>nesciamus</span> <span class='ocrx_word' id='word_1_223' title='bbox 1559 1552 1606 1578; x_wconf 89' lang='lat' dir='ltr'>an</span> <span class='ocrx_word' id='word_1_224' title='bbox 1622 1541 1666 1578; x_wconf 87' lang='lat' dir='ltr'>ad</span> <span class='ocrx_word' id='word_1_225' title='bbox 1688 1541 1854 1593; x_wconf 88' lang='lat' dir='ltr'>posteros</span> <span class='ocrx_word' id='word_1_226' title='bbox 1877 1555 1958 1594; x_wconf 84' lang='lat' dir='ltr'>pct-</span> 
     </span>
     <span class='ocr_line' id='line_1_26' title="bbox 353 1593 1957 1646; baseline -0.001 -7"><span class='ocrx_word' id='word_1_227' title='bbox 353 1601 539 1640; x_wconf 83' lang='lat' dir='ltr'>manaturi</span> <span class='ocrx_word' id='word_1_228' title='bbox 562 1596 632 1636; x_wconf 81' lang='lat' dir='ltr'>sint</span> <span class='ocrx_word' id='word_1_229' title='bbox 652 1598 798 1636; x_wconf 87' lang='lat' dir='ltr'>labores</span> <span class='ocrx_word' id='word_1_230' title='bbox 813 1594 938 1643; x_wconf 88' lang='lat' dir='ltr'>nostri,</span> <span class='ocrx_word' id='word_1_231' title='bbox 967 1597 1092 1632; x_wconf 83' lang='lat' dir='ltr'>minus</span> <span class='ocrx_word' id='word_1_232' title='bbox 1109 1593 1303 1631; x_wconf 74' lang='lat' dir='ltr'>neccssaria</span> <span class='ocrx_word' id='word_1_233' title='bbox 1323 1594 1488 1632; x_wconf 85' lang='lat' dir='ltr'>videatur</span> <span class='ocrx_word' id='word_1_234' title='bbox 1503 1614 1518 1639; x_wconf 66' lang='grc' dir='ltr'>,ς</span> <span class='ocrx_word' id='word_1_235' title='bbox 1548 1608 1636 1634; x_wconf 89' lang='lat' dir='ltr'>cum</span> <span class='ocrx_word' id='word_1_236' title='bbox 1655 1596 1818 1646; x_wconf 69' lang='lat' dir='ltr'>aspeOtus</span> <span class='ocrx_word' id='word_1_237' title='bbox 1841 1599 1878 1635; x_wconf 75' lang='grc' dir='ltr'>ὅ(</span> <span class='ocrx_word' id='word_1_238' title='bbox 1904 1598 1957 1637; x_wconf 84' lang='lat' dir='ltr'>fa-</span> 
     </span>
     <span class='ocr_line' id='line_1_27' title="bbox 352 1648 1961 1700; baseline -0.001 -7"><span class='ocrx_word' id='word_1_239' title='bbox 352 1668 422 1693; x_wconf 64' lang='lat' dir='ltr'>tor</span> <span class='ocrx_word' id='word_1_240' title='bbox 454 1655 620 1692; x_wconf 89' lang='lat' dir='ltr'>duorum</span> <span class='ocrx_word' id='word_1_241' title='bbox 642 1648 982 1690; x_wconf 85' lang='lat' dir='ltr'>literatiflimorum</span> <span class='ocrx_word' id='word_1_242' title='bbox 1005 1648 1228 1700; x_wconf 85' lang='lat' dir='ltr'>principum,</span> <span class='ocrx_word' id='word_1_243' title='bbox 1256 1649 1493 1688; x_wconf 85' lang='lat' dir='ltr'>Elizabethae</span> <span class='ocrx_word' id='word_1_244' title='bbox 1521 1653 1672 1700; x_wconf 82' lang='lat' dir='ltr'>reginae</span> <span class='ocrx_word' id='word_1_245' title='bbox 1702 1654 1740 1690; x_wconf 72' lang='grc' dir='ltr'>δε</span> <span class='ocrx_word' id='word_1_246' title='bbox 1763 1653 1961 1697; x_wconf 81' lang='lat' dir='ltr'>maiestatis</span> 
     </span>
     <span class='ocr_line' id='line_1_28' title="bbox 357 1703 1959 1759; baseline -0.001 -11"><span class='ocrx_word' id='word_1_247' title='bbox 357 1722 454 1757; x_wconf 87' lang='lat' dir='ltr'>tuae,</span> <span class='ocrx_word' id='word_1_248' title='bbox 483 1720 664 1758; x_wconf 87' lang='lat' dir='ltr'>tanquam</span> <span class='ocrx_word' id='word_1_249' title='bbox 687 1707 850 1745; x_wconf 87' lang='lat' dir='ltr'>Castoris</span> <span class='ocrx_word' id='word_1_250' title='bbox 873 1708 910 1744; x_wconf 75' lang='grc' dir='ltr'>ὃ(</span> <span class='ocrx_word' id='word_1_251' title='bbox 929 1704 1102 1753; x_wconf 86' lang='lat' dir='ltr'>Pollucis,</span> <span class='ocrx_word' id='word_1_252' title='bbox 1139 1703 1351 1742; x_wconf 87' lang='lat' dir='ltr'>lucidorum</span> <span class='ocrx_word' id='word_1_253' title='bbox 1376 1703 1547 1752; x_wconf 72' lang='lat' dir='ltr'>siderum,</span> <span class='ocrx_word' id='word_1_254' title='bbox 1585 1716 1733 1744; x_wconf 83' lang='lat' dir='ltr'>tantum</span> <span class='ocrx_word' id='word_1_255' title='bbox 1761 1708 1859 1759; x_wconf 84' lang='lat' dir='ltr'>apud</span> <span class='ocrx_word' id='word_1_256' title='bbox 1886 1721 1959 1747; x_wconf 83' lang='lat' dir='ltr'>nos</span> 
     </span>
     <span class='ocr_line' id='line_1_29' title="bbox 354 1758 1583 1808; baseline -0.005 -4"><span class='ocrx_word' id='word_1_257' title='bbox 354 1768 395 1804; x_wconf 91' lang='lat' dir='ltr'>in</span> <span class='ocrx_word' id='word_1_258' title='bbox 410 1764 599 1804; x_wconf 83' lang='lat' dir='ltr'>Britannia</span> <span class='ocrx_word' id='word_1_259' title='bbox 620 1761 734 1800; x_wconf 89' lang='lat' dir='ltr'>literis</span> <span class='ocrx_word' id='word_1_260' title='bbox 757 1773 928 1803; x_wconf 87' lang='lat' dir='ltr'>amorem</span> <span class='ocrx_word' id='word_1_261' title='bbox 950 1758 1272 1808; x_wconf 82' lang='lat' dir='ltr'>reverentiamque</span> <span class='ocrx_word' id='word_1_262' title='bbox 1286 1761 1583 1799; x_wconf 82' lang='lat' dir='ltr'>conciliaverint.</span> 
     </span>
    </p>

    <p class='ocr_par' dir='ltr' id='par_1_4' title="bbox 354 1816 1961 2197">
     <span class='ocr_line' id='line_1_30' title="bbox 407 1816 1959 1871; baseline -0.001 -12"><span class='ocrx_word' id='word_1_263' title='bbox 407 1822 446 1860; x_wconf 89' lang='lat' dir='ltr'>N</span> <span class='ocrx_word' id='word_1_264' title='bbox 458 1832 549 1858; x_wconf 88' lang='lat' dir='ltr'>UNc</span> <span class='ocrx_word' id='word_1_265' title='bbox 578 1819 622 1856; x_wconf 84' lang='lat' dir='ltr'>ad</span> <span class='ocrx_word' id='word_1_266' title='bbox 646 1819 798 1856; x_wconf 89' lang='lat' dir='ltr'>tertium</span> <span class='ocrx_word' id='word_1_267' title='bbox 819 1817 1141 1866; x_wconf 84' lang='lat' dir='ltr'>vituperationum</span> <span class='ocrx_word' id='word_1_268' title='bbox 1164 1826 1282 1863; x_wconf 75' lang='lat' dir='ltr'>genus</span> <span class='ocrx_word' id='word_1_269' title='bbox 1304 1817 1556 1866; x_wconf 81' lang='lat' dir='ltr'>pervenimus,</span> <span class='ocrx_word' id='word_1_270' title='bbox 1585 1818 1688 1866; x_wconf 88' lang='lat' dir='ltr'>quod</span> <span class='ocrx_word' id='word_1_271' title='bbox 1703 1816 1959 1871; x_wconf 85' lang='lat' dir='ltr'>aliteratisip-</span> 
     </span>
     <span class='ocr_line' id='line_1_31' title="bbox 355 1868 1960 1923; baseline 0.001 -10"><span class='ocrx_word' id='word_1_272' title='bbox 355 1874 399 1914; x_wconf 81' lang='lat' dir='ltr'>fis</span> <span class='ocrx_word' id='word_1_273' title='bbox 417 1875 456 1912; x_wconf 91' lang='lat' dir='ltr'>in</span> <span class='ocrx_word' id='word_1_274' title='bbox 483 1876 606 1912; x_wconf 85' lang='lat' dir='ltr'>literas</span> <span class='ocrx_word' id='word_1_275' title='bbox 629 1873 825 1918; x_wconf 76' lang='lat' dir='ltr'>redundat,</span> <span class='ocrx_word' id='word_1_276' title='bbox 853 1871 1036 1920; x_wconf 87' lang='lat' dir='ltr'>altiusque</span> <span class='ocrx_word' id='word_1_277' title='bbox 1063 1868 1215 1908; x_wconf 88' lang='lat' dir='ltr'>caeteris</span> <span class='ocrx_word' id='word_1_278' title='bbox 1241 1868 1334 1906; x_wconf 89' lang='lat' dir='ltr'>solet</span> <span class='ocrx_word' id='word_1_279' title='bbox 1357 1869 1530 1908; x_wconf 83' lang='lat' dir='ltr'>haerere:</span> <span class='ocrx_word' id='word_1_280' title='bbox 1558 1873 1632 1910; x_wconf 82' lang='lat' dir='ltr'>Eae</span> <span class='ocrx_word' id='word_1_281' title='bbox 1661 1875 1721 1911; x_wconf 74' lang='lat' dir='ltr'>vel</span> <span class='ocrx_word' id='word_1_282' title='bbox 1744 1885 1764 1911; x_wconf 86' lang='lat' dir='ltr'>a</span> <span class='ocrx_word' id='word_1_283' title='bbox 1792 1873 1960 1923; x_wconf 82' lang='lat' dir='ltr'>fortuna,</span> 
     </span>
     <span class='ocr_line' id='line_1_32' title="bbox 355 1923 1960 1978; baseline 0.001 -10"><span class='ocrx_word' id='word_1_284' title='bbox 355 1931 415 1968; x_wconf 73' lang='lat' dir='ltr'>vel</span> <span class='ocrx_word' id='word_1_285' title='bbox 430 1943 450 1967; x_wconf 92' lang='lat' dir='ltr'>a</span> <span class='ocrx_word' id='word_1_286' title='bbox 473 1930 653 1976; x_wconf 86' lang='lat' dir='ltr'>moribus,</span> <span class='ocrx_word' id='word_1_287' title='bbox 682 1929 742 1967; x_wconf 81' lang='lat' dir='ltr'>vel</span> <span class='ocrx_word' id='word_1_288' title='bbox 763 1940 784 1966; x_wconf 92' lang='lat' dir='ltr'>a</span> <span class='ocrx_word' id='word_1_289' title='bbox 806 1925 928 1965; x_wconf 88' lang='lat' dir='ltr'>studiis</span> <span class='ocrx_word' id='word_1_290' title='bbox 949 1925 1115 1978; x_wconf 90' lang='lat' dir='ltr'>ipsorum</span> <span class='ocrx_word' id='word_1_291' title='bbox 1138 1923 1326 1974; x_wconf 85' lang='lat' dir='ltr'>originem</span> <span class='ocrx_word' id='word_1_292' title='bbox 1355 1925 1522 1963; x_wconf 88' lang='lat' dir='ltr'>ducunt:</span> <span class='ocrx_word' id='word_1_293' title='bbox 1553 1928 1725 1978; x_wconf 77' lang='lat' dir='ltr'>Quarum</span> <span class='ocrx_word' id='word_1_294' title='bbox 1753 1931 1875 1978; x_wconf 85' lang='lat' dir='ltr'>prima</span> <span class='ocrx_word' id='word_1_295' title='bbox 1900 1943 1960 1969; x_wconf 84' lang='lat' dir='ltr'>ex-</span> 
     </span>
     <span class='ocr_line' id='line_1_33' title="bbox 354 1981 1960 2035; baseline 0.001 -12"><span class='ocrx_word' id='word_1_296' title='bbox 354 1997 410 2024; x_wconf 87' lang='lat' dir='ltr'>tra</span> <span class='ocrx_word' id='word_1_297' title='bbox 431 1984 648 2034; x_wconf 87' lang='lat' dir='ltr'>potestatem</span> <span class='ocrx_word' id='word_1_298' title='bbox 665 1983 830 2033; x_wconf 88' lang='lat' dir='ltr'>ipsorum</span> <span class='ocrx_word' id='word_1_299' title='bbox 852 1982 912 2028; x_wconf 88' lang='lat' dir='ltr'>est,</span> <span class='ocrx_word' id='word_1_300' title='bbox 941 1981 1101 2019; x_wconf 89' lang='lat' dir='ltr'>secunda</span> <span class='ocrx_word' id='word_1_301' title='bbox 1124 1990 1224 2018; x_wconf 87' lang='lat' dir='ltr'>extra</span> <span class='ocrx_word' id='word_1_302' title='bbox 1248 1992 1342 2026; x_wconf 88' lang='lat' dir='ltr'>rem,</span> <span class='ocrx_word' id='word_1_303' title='bbox 1370 1991 1412 2018; x_wconf 91' lang='lat' dir='ltr'>ut</span> <span class='ocrx_word' id='word_1_304' title='bbox 1433 1983 1544 2019; x_wconf 87' lang='lat' dir='ltr'>tertia</span> <span class='ocrx_word' id='word_1_305' title='bbox 1563 1982 1640 2020; x_wconf 78' lang='lat' dir='ltr'>sola</span> <span class='ocrx_word' id='word_1_306' title='bbox 1659 1985 1811 2035; x_wconf 88' lang='lat' dir='ltr'>proprie</span> <span class='ocrx_word' id='word_1_307' title='bbox 1829 1986 1870 2023; x_wconf 90' lang='lat' dir='ltr'>in</span> <span class='ocrx_word' id='word_1_308' title='bbox 1890 1986 1960 2024; x_wconf 82' lang='lat' dir='ltr'>dis-</span> 
     </span>
     <span class='ocr_line' id='line_1_34' title="bbox 354 2037 1960 2089; baseline 0 -11"><span class='ocrx_word' id='word_1_309' title='bbox 354 2038 594 2089; x_wconf 74' lang='lat' dir='ltr'>quisitionem</span> <span class='ocrx_word' id='word_1_310' title='bbox 615 2039 743 2076; x_wconf 86' lang='lat' dir='ltr'>venire</span> <span class='ocrx_word' id='word_1_311' title='bbox 758 2037 936 2078; x_wconf 73' lang='lat' dir='ltr'>videatur,</span> <span class='ocrx_word' id='word_1_312' title='bbox 992 2037 1090 2089; x_wconf 76' lang='lat' dir='ltr'>Quia</span> <span class='ocrx_word' id='word_1_313' title='bbox 1105 2046 1245 2081; x_wconf 86' lang='lat' dir='ltr'>tamen,</span> <span class='ocrx_word' id='word_1_314' title='bbox 1274 2047 1356 2072; x_wconf 91' lang='lat' dir='ltr'>non</span> <span class='ocrx_word' id='word_1_315' title='bbox 1376 2045 1454 2073; x_wconf 86' lang='lat' dir='ltr'>tam</span> <span class='ocrx_word' id='word_1_316' title='bbox 1469 2037 1516 2074; x_wconf 89' lang='lat' dir='ltr'>de</span> <span class='ocrx_word' id='word_1_317' title='bbox 1530 2049 1622 2075; x_wconf 83' lang='lat' dir='ltr'>vcro</span> <span class='ocrx_word' id='word_1_318' title='bbox 1636 2050 1764 2076; x_wconf 87' lang='lat' dir='ltr'>rerum</span> <span class='ocrx_word' id='word_1_319' title='bbox 1778 2041 1960 2089; x_wconf 85' lang='lat' dir='ltr'>pondere,</span> 
     </span>
     <span class='ocr_line' id='line_1_35' title="bbox 355 2089 1961 2144; baseline 0.002 -12"><span class='ocrx_word' id='word_1_320' title='bbox 355 2107 468 2144; x_wconf 82' lang='lat' dir='ltr'>quam</span> <span class='ocrx_word' id='word_1_321' title='bbox 489 2095 536 2132; x_wconf 90' lang='lat' dir='ltr'>de</span> <span class='ocrx_word' id='word_1_322' title='bbox 552 2095 653 2143; x_wconf 79' lang='lat' dir='ltr'>vulgi</span> <span class='ocrx_word' id='word_1_323' title='bbox 668 2093 922 2131; x_wconf 84' lang='lat' dir='ltr'>aestimatione</span> <span class='ocrx_word' id='word_1_324' title='bbox 943 2090 1066 2129; x_wconf 87' lang='lat' dir='ltr'>sermo</span> <span class='ocrx_word' id='word_1_325' title='bbox 1085 2089 1330 2129; x_wconf 87' lang='lat' dir='ltr'>instituendus</span> <span class='ocrx_word' id='word_1_326' title='bbox 1350 2089 1411 2139; x_wconf 86' lang='lat' dir='ltr'>est,</span> <span class='ocrx_word' id='word_1_327' title='bbox 1439 2091 1538 2130; x_wconf 88' lang='lat' dir='ltr'>haud</span> <span class='ocrx_word' id='word_1_328' title='bbox 1552 2093 1616 2130; x_wconf 86' lang='lat' dir='ltr'>abs</span> <span class='ocrx_word' id='word_1_329' title='bbox 1637 2106 1676 2131; x_wconf 90' lang='lat' dir='ltr'>re</span> <span class='ocrx_word' id='word_1_330' title='bbox 1690 2093 1816 2142; x_wconf 86' lang='lat' dir='ltr'>fuerit,</span> <span class='ocrx_word' id='word_1_331' title='bbox 1845 2098 1961 2135; x_wconf 89' lang='lat' dir='ltr'>etiam</span> 
     </span>
     <span class='ocr_line' id='line_1_36' title="bbox 356 2147 1213 2197; baseline -0.006 -9"><span class='ocrx_word' id='word_1_332' title='bbox 356 2152 404 2188; x_wconf 89' lang='lat' dir='ltr'>de</span> <span class='ocrx_word' id='word_1_333' title='bbox 424 2151 549 2188; x_wconf 88' lang='lat' dir='ltr'>alteris</span> <span class='ocrx_word' id='word_1_334' title='bbox 563 2149 703 2187; x_wconf 88' lang='lat' dir='ltr'>duabus</span> <span class='ocrx_word' id='word_1_335' title='bbox 718 2160 831 2197; x_wconf 80' lang='lat' dir='ltr'>pauca</span> <span class='ocrx_word' id='word_1_336' title='bbox 845 2147 1026 2196; x_wconf 82' lang='lat' dir='ltr'>quaedam</span> <span class='ocrx_word' id='word_1_337' title='bbox 1043 2147 1213 2184; x_wconf 88' lang='lat' dir='ltr'>innuere.</span> 
     </span>
    </p>

    <p class='ocr_par' dir='ltr' id='par_1_5' title="bbox 358 2198 1963 2418">
     <span class='ocr_line' id='line_1_37' title="bbox 409 2198 1961 2256; baseline 0.001 -13"><span class='ocrx_word' id='word_1_338' title='bbox 409 2206 644 2256; x_wconf 73' lang='lat' dir='ltr'><strong>QUAPROP</strong></span> <span class='ocrx_word' id='word_1_339' title='bbox 654 2215 677 2240; x_wconf 92' lang='lat' dir='ltr'>T</span> <span class='ocrx_word' id='word_1_340' title='bbox 687 2215 747 2240; x_wconf 80' lang='lat' dir='ltr'>ER</span> <span class='ocrx_word' id='word_1_341' title='bbox 770 2203 962 2252; x_wconf 79' lang='lat' dir='ltr'>dignitatis</span> <span class='ocrx_word' id='word_1_342' title='bbox 989 2202 1280 2239; x_wconf 87' lang='lat' dir='ltr'>imminutiones</span> <span class='ocrx_word' id='word_1_343' title='bbox 1295 2202 1331 2238; x_wconf 65' lang='grc' dir='ltr'>ὃς</span> <span class='ocrx_word' id='word_1_344' title='bbox 1346 2198 1446 2250; x_wconf 83' lang='lat' dir='ltr'>quasi</span> <span class='ocrx_word' id='word_1_345' title='bbox 1460 2202 1804 2252; x_wconf 85' lang='lat' dir='ltr'>dehonestamenta,</span> <span class='ocrx_word' id='word_1_346' title='bbox 1831 2218 1926 2255; x_wconf 90' lang='lat' dir='ltr'>quae</span> <span class='ocrx_word' id='word_1_347' title='bbox 1940 2219 1961 2245; x_wconf 85' lang='lat' dir='ltr'>a</span> 
     </span>
     <span class='ocr_line' id='line_1_38' title="bbox 358 2255 1961 2314; baseline 0.002 -17"><span class='ocrx_word' id='word_1_348' title='bbox 358 2261 597 2298; x_wconf 82' lang='lat' dir='ltr'>literatorum</span> <span class='ocrx_word' id='word_1_349' title='bbox 612 2258 766 2296; x_wconf 88' lang='lat' dir='ltr'>fortuna</span> <span class='ocrx_word' id='word_1_350' title='bbox 782 2259 899 2295; x_wconf 88' lang='lat' dir='ltr'>literis</span> <span class='ocrx_word' id='word_1_351' title='bbox 914 2258 1179 2306; x_wconf 86' lang='lat' dir='ltr'>imponuntur,</span> <span class='ocrx_word' id='word_1_352' title='bbox 1207 2255 1406 2293; x_wconf 87' lang='lat' dir='ltr'>sumuntur</span> <span class='ocrx_word' id='word_1_353' title='bbox 1423 2267 1486 2295; x_wconf 85' lang='lat' dir='ltr'>aut</span> <span class='ocrx_word' id='word_1_354' title='bbox 1502 2269 1521 2294; x_wconf 90' lang='lat' dir='ltr'>a</span> <span class='ocrx_word' id='word_1_355' title='bbox 1540 2270 1754 2309; x_wconf 85' lang='lat' dir='ltr'>paupertate</span> <span class='ocrx_word' id='word_1_356' title='bbox 1767 2262 1805 2297; x_wconf 78' lang='grc' dir='ltr'>ὅ(</span> <span class='ocrx_word' id='word_1_357' title='bbox 1829 2261 1961 2314; x_wconf 85' lang='lat' dir='ltr'>inopia</span> 
     </span>
     <span class='ocr_line' id='line_1_39' title="bbox 360 2311 1963 2367; baseline 0.002 -16"><span class='ocrx_word' id='word_1_358' title='bbox 360 2315 539 2367; x_wconf 82' lang='lat' dir='ltr'>ipsorum,</span> <span class='ocrx_word' id='word_1_359' title='bbox 568 2325 629 2352; x_wconf 85' lang='lat' dir='ltr'>aut</span> <span class='ocrx_word' id='word_1_360' title='bbox 648 2327 670 2351; x_wconf 89' lang='lat' dir='ltr'>a</span> <span class='ocrx_word' id='word_1_361' title='bbox 689 2314 784 2352; x_wconf 84' lang='lat' dir='ltr'>vitae</span> <span class='ocrx_word' id='word_1_362' title='bbox 804 2324 942 2361; x_wconf 79' lang='lat' dir='ltr'>genere</span> <span class='ocrx_word' id='word_1_363' title='bbox 965 2311 1126 2349; x_wconf 87' lang='lat' dir='ltr'>obscuro</span> <span class='ocrx_word' id='word_1_364' title='bbox 1149 2313 1186 2348; x_wconf 89' lang='lat'>&amp;</span> <span class='ocrx_word' id='word_1_365' title='bbox 1208 2311 1414 2359; x_wconf 86' lang='lat' dir='ltr'>umbratili,</span> <span class='ocrx_word' id='word_1_366' title='bbox 1442 2321 1505 2350; x_wconf 87' lang='lat' dir='ltr'>aut</span> <span class='ocrx_word' id='word_1_367' title='bbox 1527 2313 1573 2350; x_wconf 86' lang='lat' dir='ltr'>ab</span> <span class='ocrx_word' id='word_1_368' title='bbox 1587 2316 1893 2366; x_wconf 89' lang='lat' dir='ltr'>occupationum,</span> <span class='ocrx_word' id='word_1_369' title='bbox 1920 2319 1963 2355; x_wconf 87' lang='lat' dir='ltr'>in</span> 
     </span>
     <span class='ocr_line' id='line_1_40' title="bbox 358 2366 1746 2418; baseline -0.004 -10"><span class='ocrx_word' id='word_1_370' title='bbox 358 2371 493 2418; x_wconf 85' lang='lat' dir='ltr'>quibus</span> <span class='ocrx_word' id='word_1_371' title='bbox 508 2369 711 2415; x_wconf 84' lang='lat' dir='ltr'>versantur,</span> <span class='ocrx_word' id='word_1_372' title='bbox 741 2367 904 2413; x_wconf 58' lang='lat' dir='ltr'>subicito</span> <span class='ocrx_word' id='word_1_373' title='bbox 918 2379 1000 2404; x_wconf 89' lang='lat' dir='ltr'>non</span> <span class='ocrx_word' id='word_1_374' title='bbox 1014 2366 1225 2404; x_wconf 85' lang='lat' dir='ltr'>admodum</span> <span class='ocrx_word' id='word_1_375' title='bbox 1240 2366 1374 2404; x_wconf 91' lang='lat' dir='ltr'>nobili.</span> <span class='ocrx_word' id='word_1_376' title='bbox 1744 2376 1746 2379; x_wconf 77' lang='grc'>’</span> 
     </span>
    </p>

    <p class='ocr_par' dir='ltr' id='par_1_6' title="bbox 359 2421 1966 3138">
     <span class='ocr_line' id='line_1_41' title="bbox 412 2421 1963 2476; baseline 0.003 -14"><span class='ocrx_word' id='word_1_377' title='bbox 412 2427 671 2476; x_wconf 76' lang='lat' dir='ltr'><strong>QUANTUM</strong></span> <span class='ocrx_word' id='word_1_378' title='bbox 694 2423 739 2461; x_wconf 86' lang='lat' dir='ltr'>ad</span> <span class='ocrx_word' id='word_1_379' title='bbox 762 2432 1016 2475; x_wconf 86' lang='lat' dir='ltr'>paupertatem</span> <span class='ocrx_word' id='word_1_380' title='bbox 1045 2423 1220 2472; x_wconf 87' lang='lat' dir='ltr'>pertinet,</span> <span class='ocrx_word' id='word_1_381' title='bbox 1250 2422 1430 2471; x_wconf 89' lang='lat' dir='ltr'>quodque</span> <span class='ocrx_word' id='word_1_382' title='bbox 1451 2421 1668 2472; x_wconf 87' lang='lat' dir='ltr'>frequenter</span> <span class='ocrx_word' id='word_1_383' title='bbox 1689 2424 1893 2473; x_wconf 87' lang='lat' dir='ltr'>usuveniat,</span> <span class='ocrx_word' id='word_1_384' title='bbox 1921 2439 1963 2466; x_wconf 90' lang='lat' dir='ltr'>ut</span> 
     </span>
     <span class='ocr_line' id='line_1_42' title="bbox 359 2475 1966 2531; baseline 0.002 -14"><span class='ocrx_word' id='word_1_385' title='bbox 359 2478 495 2519; x_wconf 84' lang='lat' dir='ltr'>literati</span> <span class='ocrx_word' id='word_1_386' title='bbox 518 2481 650 2531; x_wconf 87' lang='lat' dir='ltr'>inopes</span> <span class='ocrx_word' id='word_1_387' title='bbox 674 2477 743 2517; x_wconf 79' lang='lat' dir='ltr'>lint</span> <span class='ocrx_word' id='word_1_388' title='bbox 767 2480 804 2516; x_wconf 68' lang='grc' dir='ltr'>δε</span> <span class='ocrx_word' id='word_1_389' title='bbox 825 2479 931 2515; x_wconf 88' lang='lat' dir='ltr'>renui</span> <span class='ocrx_word' id='word_1_390' title='bbox 950 2478 1161 2529; x_wconf 88' lang='lat' dir='ltr'>plerunque</span> <span class='ocrx_word' id='word_1_391' title='bbox 1176 2475 1335 2526; x_wconf 81' lang='lat' dir='ltr'>origine,</span> <span class='ocrx_word' id='word_1_392' title='bbox 1363 2489 1488 2526; x_wconf 91' lang='lat' dir='ltr'>neque</span> <span class='ocrx_word' id='word_1_393' title='bbox 1502 2487 1580 2515; x_wconf 90' lang='lat' dir='ltr'>tam</span> <span class='ocrx_word' id='word_1_394' title='bbox 1602 2491 1761 2529; x_wconf 86' lang='lat' dir='ltr'>propere</span> <span class='ocrx_word' id='word_1_395' title='bbox 1783 2481 1966 2520; x_wconf 70' lang='lat' dir='ltr'>ditescant</span> 
     </span>
     <span class='ocr_line' id='line_1_43' title="bbox 361 2531 1965 2583; baseline 0.002 -12"><span class='ocrx_word' id='word_1_396' title='bbox 361 2546 404 2572; x_wconf 81' lang='lat' dir='ltr'>ac</span> <span class='ocrx_word' id='word_1_397' title='bbox 427 2536 502 2580; x_wconf 83' lang='lat' dir='ltr'>alii,</span> <span class='ocrx_word' id='word_1_398' title='bbox 529 2537 595 2582; x_wconf 88' lang='lat' dir='ltr'>qui</span> <span class='ocrx_word' id='word_1_399' title='bbox 618 2532 779 2583; x_wconf 85' lang='lat' dir='ltr'>quaestui</span> <span class='ocrx_word' id='word_1_400' title='bbox 806 2533 929 2571; x_wconf 88' lang='lat' dir='ltr'>solum</span> <span class='ocrx_word' id='word_1_401' title='bbox 952 2531 1099 2570; x_wconf 87' lang='lat' dir='ltr'>inhiant</span> <span class='ocrx_word' id='word_1_402' title='bbox 1118 2546 1125 2568; x_wconf 92' lang='lat'>:</span> <span class='ocrx_word' id='word_1_403' title='bbox 1156 2531 1372 2569; x_wconf 83' lang='lat' dir='ltr'>consultum</span> <span class='ocrx_word' id='word_1_404' title='bbox 1387 2532 1499 2580; x_wconf 87' lang='lat' dir='ltr'>foret,</span> <span class='ocrx_word' id='word_1_405' title='bbox 1526 2533 1627 2571; x_wconf 91' lang='lat' dir='ltr'>hunc</span> <span class='ocrx_word' id='word_1_406' title='bbox 1641 2535 1771 2573; x_wconf 88' lang='lat' dir='ltr'>locum</span> <span class='ocrx_word' id='word_1_407' title='bbox 1793 2537 1840 2574; x_wconf 89' lang='lat' dir='ltr'>de</span> <span class='ocrx_word' id='word_1_408' title='bbox 1854 2537 1965 2576; x_wconf 90' lang='lat' dir='ltr'>laude</span> 
     </span>
     <span class='ocr_line' id='line_1_44' title="bbox 362 2585 1966 2640; baseline 0.004 -16"><span class='ocrx_word' id='word_1_409' title='bbox 362 2591 597 2640; x_wconf 82' lang='lat' dir='ltr'>paupertatis,</span> <span class='ocrx_word' id='word_1_410' title='bbox 626 2589 798 2626; x_wconf 88' lang='lat' dir='ltr'>fratribus</span> <span class='ocrx_word' id='word_1_411' title='bbox 813 2585 1112 2626; x_wconf 83' lang='lat' dir='ltr'>mendicantibus</span> <span class='ocrx_word' id='word_1_412' title='bbox 1134 2587 1235 2638; x_wconf 87' lang='lat' dir='ltr'>(paee</span> <span class='ocrx_word' id='word_1_413' title='bbox 1261 2598 1396 2624; x_wconf 89' lang='lat' dir='ltr'>eorum</span> <span class='ocrx_word' id='word_1_414' title='bbox 1415 2586 1583 2636; x_wconf 89' lang='lat' dir='ltr'>dixerim)</span> <span class='ocrx_word' id='word_1_415' title='bbox 1607 2590 1867 2629; x_wconf 88' lang='lat' dir='ltr'>exornandum</span> <span class='ocrx_word' id='word_1_416' title='bbox 1893 2601 1966 2630; x_wconf 89' lang='lat' dir='ltr'>tra-</span> 
     </span>
     <span class='ocr_line' id='line_1_45' title="bbox 362 2641 1966 2697; baseline 0.002 -16"><span class='ocrx_word' id='word_1_417' title='bbox 362 2645 478 2684; x_wconf 86' lang='lat' dir='ltr'>dere;</span> <span class='ocrx_word' id='word_1_418' title='bbox 507 2642 637 2691; x_wconf 84' lang='lat' dir='ltr'>quibus</span> <span class='ocrx_word' id='word_1_419' title='bbox 654 2645 920 2682; x_wconf 81' lang='lat' dir='ltr'>Machiavellus</span> <span class='ocrx_word' id='word_1_420' title='bbox 942 2654 1024 2680; x_wconf 91' lang='lat' dir='ltr'>non</span> <span class='ocrx_word' id='word_1_421' title='bbox 1049 2653 1181 2694; x_wconf 86' lang='lat' dir='ltr'>parurn</span> <span class='ocrx_word' id='word_1_422' title='bbox 1200 2641 1399 2689; x_wconf 87' lang='lat' dir='ltr'>tribuebat,</span> <span class='ocrx_word' id='word_1_423' title='bbox 1426 2654 1515 2681; x_wconf 90' lang='lat' dir='ltr'>cum</span> <span class='ocrx_word' id='word_1_424' title='bbox 1528 2644 1694 2683; x_wconf 90' lang='lat' dir='ltr'>diceret:</span> <span class='ocrx_word' id='word_1_425' title='bbox 1721 2643 1966 2697; x_wconf 86' lang='lat' dir='ltr'>Jamdudum</span> 
     </span>
     <span class='ocr_line' id='line_1_46' title="bbox 362 2694 1964 2751; baseline 0.002 -14"><span class='ocrx_word' id='word_1_426' title='bbox 362 2696 494 2737; x_wconf 65' lang='lat' dir='ltr'>at‘i‘um</span> <span class='ocrx_word' id='word_1_427' title='bbox 518 2695 607 2748; x_wconf 80' lang='lat' dir='ltr'>effet</span> <span class='ocrx_word' id='word_1_428' title='bbox 622 2696 668 2735; x_wconf 84' lang='lat' dir='ltr'>de</span> <span class='ocrx_word' id='word_1_429' title='bbox 689 2710 802 2751; x_wconf 78' lang='lat' dir='ltr'>regno</span> <span class='ocrx_word' id='word_1_430' title='bbox 805 2696 1061 2750; x_wconf 74' lang='lat' dir='ltr'>fhcerdotum‚</span> <span class='ocrx_word' id='word_1_431' title='bbox 1089 2694 1164 2747; x_wconf 81' lang='lat' dir='ltr'>nist</span> <span class='ocrx_word' id='word_1_432' title='bbox 1174 2696 1397 2735; x_wconf 81' lang='lat' dir='ltr'>reverentia</span> <span class='ocrx_word' id='word_1_433' title='bbox 1411 2709 1503 2750; x_wconf 80' lang='lat' dir='ltr'>erga</span> <span class='ocrx_word' id='word_1_434' title='bbox 1512 2695 1673 2750; x_wconf 81' lang='lat' dir='ltr'>fratres</span> <span class='ocrx_word' id='word_1_435' title='bbox 1685 2712 1733 2738; x_wconf 89' lang='lat' dir='ltr'>ac</span> <span class='ocrx_word' id='word_1_436' title='bbox 1748 2699 1964 2750; x_wconf 81' lang='lat' dir='ltr'>monachos,</span> 
     </span>
     <span class='ocr_line' id='line_1_47' title="bbox 365 2748 1964 2805; baseline 0.004 -16"><span class='ocrx_word' id='word_1_437' title='bbox 365 2752 615 2804; x_wconf 50' lang='lat' dir='ltr'>epifroporum</span> <span class='ocrx_word' id='word_1_438' title='bbox 638 2751 770 2791; x_wconf 75' lang='lat' dir='ltr'>luxum</span> <span class='ocrx_word' id='word_1_439' title='bbox 794 2750 842 2797; x_wconf 79' lang='lat'><em>&amp;</em></span> <span class='ocrx_word' id='word_1_440' title='bbox 866 2749 1052 2804; x_wconf 74' lang='lat' dir='ltr'>exceffum</span> <span class='ocrx_word' id='word_1_441' title='bbox 1080 2748 1370 2804; x_wconf 63' lang='lat' dir='ltr'>compenl&#39;affet:</span> <span class='ocrx_word' id='word_1_442' title='bbox 1399 2753 1539 2791; x_wconf 85' lang='lat' dir='ltr'>Pariter</span> <span class='ocrx_word' id='word_1_443' title='bbox 1563 2755 1664 2792; x_wconf 86' lang='lat' dir='ltr'>dicat</span> <span class='ocrx_word' id='word_1_444' title='bbox 1689 2757 1784 2805; x_wconf 88' lang='lat' dir='ltr'>quis,</span> <span class='ocrx_word' id='word_1_445' title='bbox 1811 2756 1964 2795; x_wconf 84' lang='lat' dir='ltr'>felicita-</span> 
     </span>
     <span class='ocr_line' id='line_1_48' title="bbox 364 2807 1966 2863; baseline 0.004 -19"><span class='ocrx_word' id='word_1_446' title='bbox 364 2818 443 2844; x_wconf 88' lang='lat' dir='ltr'>tem</span> <span class='ocrx_word' id='word_1_447' title='bbox 461 2810 497 2845; x_wconf 83' lang='lat'>&amp;</span> <span class='ocrx_word' id='word_1_448' title='bbox 516 2807 834 2857; x_wconf 76' lang='lat' dir='ltr'>magnificentiam</span> <span class='ocrx_word' id='word_1_449' title='bbox 848 2808 1058 2859; x_wconf 87' lang='lat' dir='ltr'>principum</span> <span class='ocrx_word' id='word_1_450' title='bbox 1079 2809 1115 2845; x_wconf 87' lang='lat'>&amp;</span> <span class='ocrx_word' id='word_1_451' title='bbox 1130 2807 1334 2855; x_wconf 88' lang='lat' dir='ltr'>nobilium,</span> <span class='ocrx_word' id='word_1_452' title='bbox 1362 2808 1436 2853; x_wconf 85' lang='lat' dir='ltr'>jam</span> <span class='ocrx_word' id='word_1_453' title='bbox 1461 2807 1556 2846; x_wconf 89' lang='lat' dir='ltr'>olim</span> <span class='ocrx_word' id='word_1_454' title='bbox 1569 2811 1734 2848; x_wconf 89' lang='lat' dir='ltr'>recidere</span> <span class='ocrx_word' id='word_1_455' title='bbox 1753 2811 1966 2863; x_wconf 70' lang='lat' dir='ltr'>potuiss‘ein</span> 
     </span>
     <span class='ocr_line' id='line_1_49' title="bbox 363 2861 1963 2913; baseline 0.004 -14"><span class='ocrx_word' id='word_1_456' title='bbox 363 2863 574 2901; x_wconf 85' lang='lat' dir='ltr'>barbariem</span> <span class='ocrx_word' id='word_1_457' title='bbox 591 2865 627 2900; x_wconf 76' lang='grc' dir='ltr'>ὅ(</span> <span class='ocrx_word' id='word_1_458' title='bbox 647 2862 782 2909; x_wconf 85' lang='lat' dir='ltr'>sordes,</span> <span class='ocrx_word' id='word_1_459' title='bbox 811 2862 880 2901; x_wconf 88' lang='lat' dir='ltr'>nisi</span> <span class='ocrx_word' id='word_1_460' title='bbox 894 2865 1074 2903; x_wconf 89' lang='lat' dir='ltr'>deberent</span> <span class='ocrx_word' id='word_1_461' title='bbox 1090 2861 1242 2901; x_wconf 82' lang='lat' dir='ltr'>literatis</span> <span class='ocrx_word' id='word_1_462' title='bbox 1257 2861 1327 2900; x_wconf 85' lang='lat' dir='ltr'>istis</span> <span class='ocrx_word' id='word_1_463' title='bbox 1340 2865 1559 2913; x_wconf 85' lang='lat' dir='ltr'>pauperibus</span> <span class='ocrx_word' id='word_1_464' title='bbox 1580 2866 1698 2903; x_wconf 89' lang='lat' dir='ltr'>civilis</span> <span class='ocrx_word' id='word_1_465' title='bbox 1723 2868 1821 2904; x_wconf 86' lang='lat' dir='ltr'>vitae</span> <span class='ocrx_word' id='word_1_466' title='bbox 1846 2868 1963 2905; x_wconf 88' lang='lat' dir='ltr'>cultu-</span> 
     </span>
     <span class='ocr_line' id='line_1_50' title="bbox 362 2915 1966 2971; baseline 0.003 -17"><span class='ocrx_word' id='word_1_467' title='bbox 362 2929 447 2955; x_wconf 78' lang='lat' dir='ltr'>ram</span> <span class='ocrx_word' id='word_1_468' title='bbox 462 2919 496 2955; x_wconf 74' lang='grc' dir='ltr'>ὅ(</span> <span class='ocrx_word' id='word_1_469' title='bbox 516 2918 639 2955; x_wconf 87' lang='lat' dir='ltr'>decus.</span> <span class='ocrx_word' id='word_1_470' title='bbox 696 2919 767 2955; x_wconf 90' lang='lat' dir='ltr'>Sed</span> <span class='ocrx_word' id='word_1_471' title='bbox 782 2915 900 2957; x_wconf 80' lang='lat' dir='ltr'>millis</span> <span class='ocrx_word' id='word_1_472' title='bbox 924 2920 981 2958; x_wconf 88' lang='lat' dir='ltr'>his</span> <span class='ocrx_word' id='word_1_473' title='bbox 996 2918 1150 2956; x_wconf 90' lang='lat' dir='ltr'>laudum</span> <span class='ocrx_word' id='word_1_474' title='bbox 1175 2916 1347 2969; x_wconf 84' lang='lat' dir='ltr'>aucupiis,</span> <span class='ocrx_word' id='word_1_475' title='bbox 1376 2929 1511 2957; x_wconf 85' lang='lat' dir='ltr'>notatu</span> <span class='ocrx_word' id='word_1_476' title='bbox 1525 2919 1686 2970; x_wconf 83' lang='lat' dir='ltr'>dignum</span> <span class='ocrx_word' id='word_1_477' title='bbox 1700 2921 1760 2969; x_wconf 89' lang='lat' dir='ltr'>est,</span> <span class='ocrx_word' id='word_1_478' title='bbox 1788 2933 1902 2971; x_wconf 85' lang='lat' dir='ltr'>quam</span> <span class='ocrx_word' id='word_1_479' title='bbox 1916 2922 1966 2959; x_wconf 86' lang='lat' dir='ltr'>sa-</span> 
     </span>
     <span class='ocr_line' id='line_1_51' title="bbox 363 2972 1965 3028; baseline 0.003 -18"><span class='ocrx_word' id='word_1_480' title='bbox 363 2984 427 3010; x_wconf 82' lang='lat' dir='ltr'>cra</span> <span class='ocrx_word' id='word_1_481' title='bbox 449 2974 559 3020; x_wconf 84' lang='lat' dir='ltr'>atqu&#39;e</span> <span class='ocrx_word' id='word_1_482' title='bbox 582 2973 792 3011; x_wconf 82' lang='lat' dir='ltr'>veneranda</span> <span class='ocrx_word' id='word_1_483' title='bbox 815 2986 885 3021; x_wconf 87' lang='lat' dir='ltr'>res,</span> <span class='ocrx_word' id='word_1_484' title='bbox 915 2986 980 3025; x_wconf 89' lang='lat' dir='ltr'>per</span> <span class='ocrx_word' id='word_1_485' title='bbox 1002 2972 1145 3023; x_wconf 84' lang='lat' dir='ltr'>aliquot</span> <span class='ocrx_word' id='word_1_486' title='bbox 1160 2973 1256 3025; x_wconf 91' lang='lat' dir='ltr'>apud</span> <span class='ocrx_word' id='word_1_487' title='bbox 1272 2974 1471 3012; x_wconf 80' lang='lat' dir='ltr'>Romanos</span> <span class='ocrx_word' id='word_1_488' title='bbox 1494 2973 1646 3022; x_wconf 82' lang='lat' dir='ltr'>saecula,</span> <span class='ocrx_word' id='word_1_489' title='bbox 1674 2987 1866 3027; x_wconf 85' lang='lat' dir='ltr'>paupertas</span> <span class='ocrx_word' id='word_1_490' title='bbox 1890 2976 1965 3028; x_wconf 86' lang='lat' dir='ltr'>ipsa</span> 
     </span>
     <span class='ocr_line' id='line_1_52' title="bbox 365 3026 1964 3080; baseline 0.002 -15"><span class='ocrx_word' id='word_1_491' title='bbox 365 3028 491 3077; x_wconf 75' lang='lat' dir='ltr'>habita</span> <span class='ocrx_word' id='word_1_492' title='bbox 506 3026 644 3068; x_wconf 88' lang='lat' dir='ltr'>fuerit;</span> <span class='ocrx_word' id='word_1_493' title='bbox 671 3039 765 3076; x_wconf 83' lang='lat' dir='ltr'>quae</span> <span class='ocrx_word' id='word_1_494' title='bbox 792 3037 919 3066; x_wconf 85' lang='lat' dir='ltr'>tamen</span> <span class='ocrx_word' id='word_1_495' title='bbox 946 3028 1150 3079; x_wconf 83' lang='lat' dir='ltr'>respublica</span> <span class='ocrx_word' id='word_1_496' title='bbox 1164 3028 1260 3067; x_wconf 88' lang='lat' dir='ltr'>nihil</span> <span class='ocrx_word' id='word_1_497' title='bbox 1276 3028 1444 3067; x_wconf 87' lang='lat' dir='ltr'>trahebat</span> <span class='ocrx_word' id='word_1_498' title='bbox 1458 3042 1502 3068; x_wconf 85' lang='lat' dir='ltr'>ex</span> <span class='ocrx_word' id='word_1_499' title='bbox 1516 3030 1720 3080; x_wconf 87' lang='lat' dir='ltr'>paradoxis.</span> <span class='ocrx_word' id='word_1_500' title='bbox 1777 3033 1838 3070; x_wconf 89' lang='lat' dir='ltr'>Sic</span> <span class='ocrx_word' id='word_1_501' title='bbox 1860 3033 1964 3068; x_wconf 88' lang='lat' dir='ltr'>enim</span> 
     </span>
     <span class='ocr_line' id='line_1_53' title="bbox 368 3080 1966 3138; baseline 0.003 -19"><span class='ocrx_word' id='word_1_502' title='bbox 368 3082 553 3132; x_wconf 76' lang='lat' dir='ltr'>praefatur</span> <span class='ocrx_word' id='word_1_503' title='bbox 573 3084 619 3121; x_wconf 89' lang='lat' dir='ltr'>T.</span> <span class='ocrx_word' id='word_1_504' title='bbox 634 3083 784 3122; x_wconf 62' lang='lat' dir='ltr'>Livius:</span> <span class='ocrx_word' id='word_1_505' title='bbox 813 3081 902 3122; x_wconf 78' lang='lat' dir='ltr'>Aut</span> <span class='ocrx_word' id='word_1_506' title='bbox 927 3096 985 3123; x_wconf 85' lang='lat' dir='ltr'>me</span> <span class='ocrx_word' id='word_1_507' title='bbox 1008 3095 1114 3123; x_wconf 82' lang='lat' dir='ltr'>amor</span> <span class='ocrx_word' id='word_1_508' title='bbox 1141 3082 1288 3136; x_wconf 84' lang='lat' dir='ltr'>negotii</span> <span class='ocrx_word' id='word_1_509' title='bbox 1306 3080 1480 3138; x_wconf 52' lang='grc' dir='ltr'>Δ[ὶςίὲεῃὺΐί</span> <span class='ocrx_word' id='word_1_510' title='bbox 1497 3082 1631 3137; x_wconf 83' lang='lat' dir='ltr'>fallit,</span> <span class='ocrx_word' id='word_1_511' title='bbox 1666 3093 1738 3126; x_wconf 81' lang='lat' dir='ltr'>aut</span> <span class='ocrx_word' id='word_1_512' title='bbox 1766 3084 1874 3126; x_wconf 83' lang='lat' dir='ltr'>nulla</span> <span class='ocrx_word' id='word_1_513' title='bbox 1899 3098 1966 3124; x_wconf 85' lang='lat' dir='ltr'>un-</span> 
     </span>
    </p>
   </div>
   <div class='ocr_carea' id='block_1_4' title="bbox 1852 3151 1970 3195">
    <p class='ocr_par' dir='ltr' id='par_1_7' title="bbox 1852 3151 1970 3195">
     <span class='ocr_line' id='line_1_54' title="bbox 1852 3151 1970 3195; baseline 0 -16"><span class='ocrx_word' id='word_1_514' title='bbox 1852 3151 1970 3195; x_wconf 69' lang='lat' dir='ltr'><em>quaVl</em></span> 
     </span>
    </p>
   </div>
  </div>
 </body>
</html>
