2040 3439
76 196 1822 379 FRANCJSCJ⁹³

246 489 587 549 Batonisde
652 491 1511 574 VERULAMlo,

286 671 681 732 vice-Comitis
735 676 772 732 S
792 694 830 733 A
852 694 894 733 Ν
919 695 953 734 e
976 694 1015 733 T
1037 696 1057 734 1
1104 677 1158 735 A
1180 696 1213 735 L
1238 697 1269 735 B
1293 697 1386 736 AN
1409 697 1453 754 1,

163 894 165 897 ,
211 856 283 901 De
320 855 556 920 Dignitate
613 860 658 904 &
713 858 993 921 Augmentis
1034 859 1532 920 Soteri-nmium,

559 1002 782 1066 LIBER
835 1026 1202 1067 TERTIUS:

464 1178 583 1224 AD
642 1179 962 1226 REGEM
1020 1178 1275 1227 SUUM.

706 1484 920 1530 CAP.
997 1485 1032 1530 Ι.

54 1569 251 1612 'Partitio
265 1569 459 1622 scientiae
486 1568 528 1608 in
546 1567 777 1623 theologiam
798 1566 847 1613 &¹
863 1568 1160 1623 philosbphiam.
1215 1571 1400 1611 Partitio
1414 1570 1680 1627 philofhphiae

76 1637 79 1643 ·
121 1625 163 1663 in
182 1622 378 1664 doHrinas
393 1631 475 1662 tres
484 1642 499 1668 ,-
528 1621 575 1662 de
592 1623 778 1673 Numine,
808 1623 855 1663 de
879 1633 1037 1675 natura,
1065 1625 1113 1665 de
1126 1625 1292 1666 homine.
1348 1625 1677 1684 Constitutiophl-

118 1674 307 1733 losbphiae
320 1681 487 1734 primae,
516 1687 563 1718 ut
578 1681 719 1720 matris
735 1682 944 1720 communis
957 1684 1135 1722 omnium.

192 1798 445 1839 ISTORIA
475 1802 602 1838 omnis
624 1800 700 1848 (rex
723 1800 882 1854 optime)
900 1802 1008 1840 humi
1036 1800 1188 1851 incedit,
1219 1803 1373 1841 &ducis
1393 1806 1519 1856 potius
1544 1802 1675 1844 officio

214 1867 328 1903 quam
347 1856 439 1893 lucis
453 1856 690 1906 perfungitur
707 1871 714 1894 :
743 1855 861 1909 poesis
879 1867 1008 1896 autem
1036 1857 1230 1896 doetrinae
1252 1869 1433 1908 tanquam
1456 1859 1647 1898 somnium
1668 1876 1677 1898 ι

64 1924 123 1948 res
138 1912 258 1949 dulcis
279 1913 316 1948 ὃ(
330 1912 440 1958 varia,
471 1913 508 1948 ὃς
528 1913 660 1949 volens
686 1911 802 1950 videri
823 1914 965 1962 aliquid
985 1914 1027 1951 in
1046 1912 1083 1951 se
1108 1914 1245 1952 habere
1273 1915 1413 1955 divini3
1442 1916 1546 1963 quod
1562 1918 1676 1953 etiam

65 1967 212 2004 somnia
225 1966 437 2005 vendicant.
497 1968 642 2005 Verum
658 1968 733 2013 jam
748 1978 897 2018 tempus
923 1967 973 2006 est
1000 1969 1107 2017 mihi,
1136 1980 1178 2007 ut
1205 1971 1394 2019 evigilem,
1422 1972 1536 2007 &me
1555 1970 1677 2009 humo

65 2023 249 2068 attollam,
278 2020 538 2072 philosophiae
562 2024 598 2060 ὃς
614 2022 853 2073 scientiarum
869 2023 1058 2073 liquidum
1072 2024 1221 2062 aethera
1236 2024 1371 2062 secans.

123 2079 367 2115 SCIENTIA
398 2089 578 2126 aquarum
609 2075 736 2115 similis
768 2078 840 2115 est:
877 2079 1078 2128 Aquarum
1110 2081 1203 2117 aliae
1236 2080 1468 2117 descendunt
1500 2082 1672 2128 coelitus,

62 2135 154 2171 aliae
180 2142 356 2170 emanant
378 2145 397 2169 e
419 2142 527 2170 terra.
583 2134 708 2170 Etiam
733 2133 973 2172 scientiarum
1000 2136 1176 2184 primaria
1195 2137 1350 2187 partitio
1376 2135 1553 2172 sumenda
1569 2135 1617 2172 est
1631 2148 1676 2173 ex

64 2188 233 2227 fontibus
256 2186 352 2224 suis:
381 2189 530 2225 Horum
555 2189 618 2224 alii
641 2189 682 2225 in
709 2190 787 2226 alto
802 2187 856 2226 fiti
879 2189 975 2235 sunt,
1005 2188 1065 2226 alii
1082 2190 1142 2227 hic
1158 2191 1266 2227 infra.
1324 2191 1465 2227 Omnis
1488 2191 1592 2227 enim
1613 2189 1676 2228 sci-

64 2246 164 2282 'entia
178 2243 366 2292 duplicem
381 2242 531 2280 sortitur
548 2243 875 2280 informationem.
932 2245 1025 2284 Una
1042 2245 1237 2294 inspiratur
1252 2246 1442 2292 divinitus,
1472 2247 1584 2282 altera
1600 2247 1674 2282 ori·

64 2306 124 2337 tur
140 2311 160 2335 a
180 2297 296 2334 sensu.
353 2300 457 2335 Nam
472 2308 658 2346 quantum
677 2299 723 2335 ad
738 2297 853 2345 illam,
882 2311 976 2347 quae
992 2300 1168 2336 docendo
1196 2299 1420 2346 infunditur,
1451 2299 1668 2341 scientiam3

65 2354 290 2392 cumulatim
306 2365 347 2390 ea
366 2352 427 2400 est,
457 2365 538 2390 non
559 2354 754 2402 originalis
772 2368 779 2389 :
808 2351 899 2390 ficut
920 2355 1034 2391 ctiam
1049 2353 1089 2392 fit
1112 2356 1151 2391 in
1167 2357 1283 2403 aquis,
1312 2366 1406 2403 quac
1429 2365 1573 2406 praeter
1588 2356 1674 2393 fon-

64 2420 120 2446 tes
147 2409 357 2459 primarios,
387 2421 430 2445 ex
458 2409 537 2445 aliis
560 2409 688 2445 rivulis
716 2406 755 2445 in
784 2407 819 2444 se
848 2411 1017 2460 receptis,
1051 2409 1262 2459 augescunt.
1319 2410 1533 2447 Partiemut
1560 2409 1673 2460 igitur

65 2464 269 2509 seientiam,
299 2464 338 2500 in
358 2463 592 2513 theologiam
614 2466 650 2500 δ(
670 2462 955 2513 philosophiam.
1012 2465 1266 2513 Theologiam
1282 2465 1344 2502 hic
1359 2465 1606 2514 intelligimus
1620 2464 1674 2502 in-

66 2518 235 2570 spiratam
251 2517 322 2556 five
343 2519 494 2565 saetam,
523 2531 605 2556 non
622 2519 858 2559 naturalcm3
889 2519 936 2556 de
956 2531 1029 2568 qua
1048 2521 1160 2570 paulo
1176 2519 1255 2569 post
1269 2521 1403 2557 dicturi
1424 2519 1559 2557 sumus.
1615 2522 1672 2558 At

66 2576 169 2611 illam
187 2573 417 2623 (inspiratam
444 2574 641 2620 nimirum)
673 2574 718 2610 ad
738 2575 918 2611 ultimum
935 2575 1063 2612 locum
1081 2575 1358 2622 reservabimus,
1387 2585 1428 2612 ut
1444 2587 1531 2612 cum
1548 2587 1590 2612 ea
1603 2575 1671 2613 scr-

67 2641 200 2666 mones
215 2629 359 2665 nostros
375 2630 591 2666 claudamus
607 2643 617 2670 3
648 2641 734 2666 cum
750 2627 803 2666 fitv
817 2640 949 2679 portus
964 2632 1000 2667 δε
1017 2629 1207 2668 [abbatum
1227 2630 1477 2668 humanarum
1500 2641 1671 2668 contem-

65 2686 278 2736 plationum
294 2686 483 2721 omnium.

120 2740 181 2776 PH
193 2750 455 2776 1Losor>H1A
467 2750 489 2776 Ε
505 2749 630 2776 autem
647 2739 838 2783 officiium
854 2741 998 2789 triplex,
1015 2741 1129 2787 Deus,
1144 2751 1286 2787 natura,
1302 2739 1442 2778 homo:
1472 2742 1519 2778 Et
1535 2742 1669 2792 triplex

67 2793 197 2831 itidem
213 2795 334 2831 radius
350 2807 486 2831 rerum.
544 2796 686 2831 Natura
702 2793 803 2830 enim
819 2797 979 2843 percutit
1001 2795 1232 2833 intellectum
1249 2796 1355 2833 radio
1369 2795 1511 2833 dii-ceto
1528 2810 1537 2837 3
1567 2797 1670 2834 Deus

67 2860 190 2886 autem
201 2859 353 2900 propter
364 2850 532 2886 medium
549 2850 740 2900 inaequale
752 2847 952 2898 (creaturas
963 2848 1117 2900 scilicet)
1132 2851 1238 2888 radio
1253 2851 1431 2892 1¹efra6i03
1450 2852 1572 2888 homo
1581 2863 1672 2888 vero

67 2902 131 2940 fibi
148 2903 210 2953 ipsi
227 2904 449 2941 monstratus
466 2907 501 2941 St
514 2905 710 2949 exhibitus,
732 2905 837 2940 radio
853 2905 999 2942 reflexo.
1037 2905 1228 2943 Convenit
1244 2904 1355 2955 igitur
1370 2905 1496 2958 partiri
1508 2906 1671 2956 philoso-

67 2959 192 3010 phiam
210 2960 248 2995 in
263 2959 449 2996 dochinas
461 2970 556 3000 tre53
586 2957 795 2996 doCtrinam
811 2959 856 2994 de
873 2961 1056 3007 Numine,
1077 2961 1287 2997 dofftinam
1303 2962 1349 2999 dc
1364 2973 1507 3007 natura,
1535 2962 1669 2998 doch-⁴1-

58 3026 155 3054 nam
172 3014 216 3049 de
233 3013 401 3050 homine.
457 3015 651 3064 Quoniam
667 3025 791 3051 autem
806 3016 1026 3063 partitiones
1044 3015 1278 3053 {cientiarum
1295 3029 1374 3053 non
1391 3017 1474 3054 sunt
1493 3019 1598 3053 lineis
1619 3015 1668 3052 di-

69 3066 173 3105 versis
197 3066 342 3114 ssmiles,
371 3081 465 3118 quae
491 3071 628 3106 eo'e'unt
652 3069 697 3107 ad
726 3081 843 3106 unum
868 3072 1048 3119 angulum
1066 3086 1075 3110 ς
1106 3071 1166 3109 sed
1193 3073 1318 3125 potius
1344 3074 1452 3108 ramis:
1477 3072 1669 3116 arborum,

1609 3128 1673 3173 qui

66 3202 84 3234 ὃ
