2040 3439
2014 110 2021 134 *i

141 191 239 237 πε
438 183 531 233 DE
568 173 1019 229 AUGMENTIS
1054 170 1599 227 SCIENTIARUM.
1689 171 1947 226 navari-
2016 151 2022 239 Ξ

390 320 626 376 Exemplum
641 317 838 374 portionis
857 314 1055 355 dominae
1079 313 1125 354 de
1144 311 1395 368 occastonibus
1415 315 1573 371 spatfis,
1600 329 1651 356 ex
1661 316 1862 371 parabolis

901 369 1097 425 aliquibus
1118 369 1340 412 Solomonis.

375 449 523 493 Parab.
545 462 578 489 1.
609 443 1019 499 Momm-responfio
1047 445 1185 496 frangit
1215 448 1323 484 iram.

376 504 619 559 Explicatio.
649 505 699 541 81
728 502 950 541 incendatur
975 503 1029 538 ira
1043 501 1217 551 principis
1231 504 1290 540 vel
1309 502 1508 554 superioris
1526 501 1696 539 adversus
1711 513 1760 548 te,
1797 505 1831 539 δ(
1852 513 1937 540 tuac

325 566 400 612 jam
422 561 491 600 fint
512 557 693 611 loquendi
725 569 859 608 parteS,
887 568 966 605 quo
992 557 1173 608 praecipit
1200 558 1392 595 Solomon
1411 572 1418 594 :
1447 558 1628 595 Alterum
1650 568 1691 595 ut
1704 557 1768 594 fiat
1790 557 1937 607 respon-

324 617 390 666 sio,
418 617 577 654 alterum
597 624 639 652 ut
655 614 786 650 eadem
810 610 850 649 sit
874 610 1012 649 mollis.
1069 612 1174 649 Prius
1196 615 1369 650 continet
1389 614 1460 650 tria
1488 622 1692 665 praecepta.
1737 614 1877 658 Primo,
1899 622 1939 657 ut

327 684 452 711 caveas
476 683 497 708 a
519 668 667 708 silentio
686 668 778 706 tristi
803 669 839 704 &
865 665 1082 703 contumaci
1104 681 1111 703 :
1143 667 1241 705 Illud
1256 669 1360 705 enim
1389 677 1452 705 aut
1481 669 1629 717 culpam
1650 678 1772 704 totam
1789 669 1827 704 in
1839 678 1938 705 tere-.—

329 726 432 778 cipit‚
462 737 503 763 ac
520 724 545 762 fi
572 723 667 762 nihil
692 723 838 769 habeas,
868 722 971 771 quod
989 721 1213 771 respondere
1233 719 1347 772 possis
1363 739 1377 765 ,-
1406 732 1469 760 aut
1484 723 1687 759 dominum
1709 725 1857 759 occulte
1877 721 1941 758 ini·

329 781 481 832 quitatis
504 778 702 826 infimulat,
731 791 771 815 ac
799 775 824 814 fi
847 789 950 814 aures
973 777 1062 824 ejus,
1093 776 1402 815 defenfionilicet
1423 777 1543 824 justae,
1574 790 1655 814 non
1670 787 1850 829 paterent.
1882 778 1942 814 Sc-

329 837 471 882 eundo,
499 845 541 873 ut
561 846 686 873 caveas
705 847 726 871 a
745 845 786 871 re
805 830 1183 882 comperenfflnanda,
1212 845 1336 882 neque
1363 843 1511 883 tempus
1539 833 1641 870 aliud
1684 833 1729 869 ad
1763 830 1945 870 defensio-

331 904 422 930 nem
449 889 632 941 postules:
662 891 746 927 Hoc
775 888 880 926 enim
895 899 957 925 aut
972 888 1131 925 eandem
1156 897 1290 925 notam
1318 890 1447 934 inurit,
1476 900 1590 936 quam
1617 886 1726 940 prius,
1756 889 1942 925 nimirum

332 949 537 985 dominum
560 955 671 983 tuum
699 942 817 981 nimia
846 944 982 981 mentis
997 943 1278 993 perturbatione
1299 943 1421 981 efferri
1434 961 1447 986 ,-
1479 953 1540 980 aut
1561 944 1672 995 plane
1694 941 1942 992 fignificat‚te

331 1001 568 1041 artificiosam
587 1000 775 1049 quandam
798 995 1058 1036 defensionem
1078 996 1261 1045 meditari,
1291 1010 1379 1036 cum
1408 997 1446 1035 in
1467 1008 1645 1050 promptu
1669 996 1763 1035 nihil
1787 997 1945 1035 habeas:

334 1058 451 1095 Adeo
471 1067 512 1094 ut
530 1057 722 1106 optimum
746 1053 891 1103 semper
919 1053 1044 1099 fuerit,
1074 1053 1216 1102 aliquid
1237 1055 1277 1090 in
1298 1053 1513 1104 praesentia,
1544 1055 1580 1090 &
1601 1065 1621 1090 e
1642 1065 1681 1090 re
1701 1063 1798 1099 nata,
1826 1051 1865 1089 in
1888 1064 1947 1090 ex-

333 1112 568 1151 cusationem
587 1110 642 1148 tui
657 1110 850 1147 adducere.
908 1109 1055 1155 Tertio,
1084 1118 1126 1146 ut
1146 1107 1208 1145 fiat
1229 1109 1379 1159 prorsus
1400 1107 1613 1160 responsio:
1643 1105 1863 1160 Responfio,
1892 1110 1950 1145 in-

333 1178 460 1220 quam,
490 1179 572 1203 non
592 1177 694 1202 mera
709 1159 908 1210 confesfio,
928 1173 991 1201 aut
1014 1175 1119 1200 mera
1139 1161 1348 1211 submiss'10‚
1379 1163 1440 1201 sed
1461 1162 1600 1213 aliquid
1623 1164 1823 1213 apologiae
1837 1165 1875 1201 ὃ(
1888 1175 1948 1200 ex-

334 1222 537 1260 cusationis
560 1219 810 1270 inspergatur:
840 1220 977 1269 Neque
1006 1218 1110 1255 enim
1138 1217 1244 1256 aliter
1264 1230 1390 1257 tutum
1407 1217 1456 1255 est
1469 1219 1600 1266 facere,
1629 1216 1695 1255 nisi
1717 1218 1815 1268 apud
1846 1219 1950 1268 inge·

336 1278 400 1314 nia
427 1276 532 1314 valde
573 1273 754 1324 generosa
781 1275 819 1310 &
851 1274 1117 1321 magnanima3
1146 1285 1241 1321 quae
1269 1286 1350 1311 rara
1377 1274 1586 1311 admodum
1616 1273 1712 1311 sunt.
1770 1274 1949 1323 Sequitur

336 1331 537 1384 posteriore
563 1331 666 1377 loco,
695 1338 736 1366 ut
760 1326 957 1380 responsio
970 1325 1012 1365 fit
1035 1328 1177 1375 mollis,
1206 1329 1366 1367 minime
1379 1328 1579 1380 praefrasta
1607 1339 1670 1366 aut
1689 1328 1825 1379 aspera·

391 1383 540 1424 Parab.
561 1395 596 1422 22.
627 1385 814 1422 SERV'US
840 1383 1004 1433 prudens
1029 1383 1289 1422 dominabitur
1315 1386 1357 1423 in
1389 1383 1511 1421 filium
1540 1382 1693 1422 stultum
1716 1398 1726 1426 ς
1755 1386 1792 1421 &
1819 1386 1952 1436 partie‘

335 1451 398 1481 tur
413 1440 681 1479 haereditatem
703 1438 801 1476 inter
820 1438 960 1476 fratres.

394 1496 496 1548 Exp.
527 1496 581 1532 IN
601 1493 709 1532 omni
737 1492 876 1531 familia
907 1492 1055 1530 turbata
1083 1494 1120 1530 ὅ(
1149 1492 1324 1539 discordi,
1354 1492 1499 1544 semper
1530 1495 1676 1544 exurgit
1714 1494 1845 1546 aliquis
1880 1494 1951 1531 fer-

338 1559 417 1598 vm,
446 1562 510 1588 aut
535 1548 688 1588 humilis
703 1550 845 1586 amicus
873 1558 1109 1601 praepotenS,
1138 1547 1203 1597 qui
1230 1560 1302 1600 pro
1317 1549 1474 1587 arbitrio
1502 1549 1538 1587 se
1552 1559 1668 1599 gerat,
1684 1550 1730 1587 ad
1745 1549 1827 1587 lites
1846 1549 1952 1587 fami-

339 1608 411 1644 liae
427 1605 709 1655 componendas
725 1618 735 1646 3
748 1605 896 1653 cuique,
909 1604 1132 1642 eonomine
1147 1606 1185 1642 ὅ(
1199 1602 1339 1641 familia
1354 1614 1434 1642 tota
1454 1607 1492 1642 ὅ(
1504 1605 1686 1642 dominus
1699 1606 1775 1655 ipse
1791 1605 1876 1642 sunt
1885 1605 1953 1642 ob-

339 1663 463 1699 noxii.·
515 1661 583 1698 Ille
606 1656 757 1698 fisuam
789 1670 870 1696 rem
900 1669 994 1709 agat,
1022 1657 1186 1696 familiae
1214 1659 1312 1696 mala
1339 1659 1443 1697 fovet
1468 1662 1504 1697 ὅ(
1534 1670 1728 1710 aggravat3
1758 1658 1810 1698 fin
1834 1660 1954 1698 fidelis

341 1725 468 1754 revera
488 1715 601 1754 fuerit
631 1717 667 1752 ὅ(
690 1716 848 1765 integer,
877 1715 1085 1764 plurimum
1104 1725 1205 1752 certe
1227 1725 1418 1752 meretur:
1446 1714 1563 1752 Adeo
1581 1724 1624 1752 ut
1643 1713 1753 1752 etiam
1775 1726 1954 1763 tanquam

340 1770 437 1808 inter
467 1770 596 1808 fratres
615 1769 745 1807 haberi
766 1769 909 1817 debeat,
940 1779 1002 1807 aut
1030 1768 1161 1807 saltem
1188 1772 1496 1819 procurationem
1530 1770 1767 1808 haereditatis
1790 1770 1954 1823 accipere

339 1824 578 1864 fiduciariam.

394 1877 542 1919 Parab.
570 1887 606 1931 3¹.
637 1880 735 1918 Vm·
766 1879 904 1929 sapiens
920 1877 948 1917 fi
970 1890 1060 1917 cum
1083 1879 1197 1917 stulto
1215 1879 1469 1927 contenderit,
1498 1878 1569 1917 five
1589 1879 1774 1926 irascatur,
1803 1877 1884 1918 five'
1905 1879 1951 1917 ri*-

340 1936 436 1979 deat‚
466 1947 548 1972 non
576 1936 743 1972 inveniet
772 1936 954 1983 requiem.

395 1989 502 2042 Exp.
532 1991 800 2029 MoNEMUR
821 1988 970 2040 saepius,
998 1999 1039 2027 ut
1064 1989 1301 2039 congressum
1322 1990 1504 2039 imparem
1525 1990 1712 2039 fugiamus
1733 2004 1743 2032 ;
1773 2003 1821 2028 eo
1836 1989 1956 2036 sensu,

343 2052 392 2084 ne
419 2057 508 2084 cum
527 2044 736 2098 potioribus
759 2045 1001 2082 decertemus.
1057 2044 1114 2082 At
1143 2045 1241 2082 haud
1274 2046 1402 2082 minus
1429 2046 1524 2083 utile
1543 2046 1591 2082 est
1615 2044 1820 2093 monitum,
1849 2047 1957 2094 quod

343 2101 406 2139 hic
433 2100 582 2139 exhibet
599 2102 802 2147 Solomon‚
831 2101 895 2138 Ne
922 2111 1011 2137 curn
1031 2099 1194 2149 indigno
1207 2100 1492 2137 contendamus.
1548 2101 1678 2152 Iniqua
1690 2102 1795 2138 enirn
1810 2100 1959 2152 prorsus

346 2155 447 2194 sorte
483 2155 574 2193 hacc
593 2168 649 2193 res
672 2153 896 2205 trans-igitur.
953 2155 1147 2206 Siquidem
1167 2153 1193 2192 fi
1212 2154 1417 2205 superiores
1444 2153 1580 2202 fimus„
1595 2157 1699 2193 nulla
1718 2155 1882 2205 sequitur
1906 2155 1960 2194 vi-

345 2212 485 2253 &oria3
514 2209 539 2247 fi
556 2210 772 2263 superemur
792 2222 928 2260 magna
951 2211 1164 2259 indignitas.
1221 2212 1361 2259 Neque
1393 2211 1493 2257 juvat
1517 2210 1642 2259 etiam,
1671 2212 1711 2248 in
1740 2211 1961 2257 hujusmodi·

346 2268 598 2304 contentione
626 2267 842 2312 exercenda,
861 2263 887 2303 fi
906 2265 1098 2303 interdum
1112 2264 1228 2304 veluti
1242 2277 1308 2318 per
1323 2266 1453 2311 jocum
1473 2278 1637 2317 agamus,
1665 2265 1857 2304 interdurn
1871 2274 1963 2304 cum·

348 2320 440 2359 fastu
463 2323 500 2360 &
527 2331 762 2371 contemptu.
819 2322 923 2360 Nam
940 2332 1170 2374 quocunque
1199 2332 1270 2358 nos
1296 2331 1495 2369 vertamus,
1525 2320 1680 2359 leviores
1710 2322 1799 2359 inde
1822 2318 1961 2359 efficie-

348 2388 447 2423 mur,
476 2388 598 2425 neque
613 2375 819 2414 commode
838 2387 910 2414 nos
937 2377 1214 2427 explicabimus.
1270 2372 1432 2414 Peffime
1453 2387 1580 2414 autem
1603 2377 1657 2423 fit,
1686 2375 1711 2414 fi
1740 2375 1964 2419 huiusmodiv

349 2431 518 2482 persona,
552 2443 715 2483 quacum
742 2431 1025 2478 contendimus,
1057 2429 1116 2481 (ut
1146 2433 1337 2469 Solomon
1370 2430 1569 2481 loquitur‚)
1598 2431 1739 2480 aliquid
1764 2428 1877 2469 affine
1899 2432 1964 2470 ha-

352 2486 434 2523 beat
450 2499 537 2524 cum
551 2487 687 2528 stult03
716 2486 791 2524 hoc
819 2486 880 2534 est,
915 2484 997 2524 filit
1020 2487 1220 2525 audaculus
1249 2487 1285 2524 ὅ(
1310 2488 1540 2524 temerarius.

406 2538 552 2578 Parab.
577 2552 616 2591 4.
649 2543 742 2579 SED
768 2543 805 2578 δε
821 2542 964 2579 cunctis
985 2540 1234 2588 sermonibus,
1263 2542 1329 2589 qui
1344 2542 1533 2589 dicuntur,
1550 2553 1600 2578 ne
1619 2542 1886 2579 accommodes
1899 2553 1962 2580 au»

353 2600 434 2631 rem
461 2602 576 2641 tuam,
606 2609 655 2634 ne
675 2596 775 2634 forte
797 2597 923 2634 audias
944 2595 1092 2635 servum
1117 2607 1226 2634 tuum
1251 2595 1540 2633 maledicentem
1567 2597 1649 2634 tibi.

407 2646 513 2701 Exp.
547 2652 641 2689 V1x
671 2652 772 2689 credi
799 2647 913 2701 poss'it
927 2652 1043 2689 vitam
1068 2662 1253 2703 quantum
1267 2651 1454 2701 perturbet
1477 2650 1621 2690 inutilis
1647 2649 1846 2698 curiositas,
1866 2652 1963 2689 circa

353 2702 416 2740 illa
441 2716 509 2751 res,
538 2716 631 2754 quae
658 2705 779 2744 nostra
799 2705 1009 2745 intersunt:
1039 2707 1249 2753 Nimirum,
1278 2706 1432 2757 quando
1461 2706 1597 2744 secreta
1632 2708 1695 2744 illa
1723 2705 1850 2744 rimari
1875 2706 1965 2745 sata-

353 2756 487 2808 gimus,
513 2771 607 2807 quae
629 2761 772 2799 detesta
800 2763 837 2799 ὅ(
864 2763 1030 2809 inventa,
1064 2761 1340 2812 aegritudinem
1368 2760 1522 2810 quidem
1551 2763 1685 2799 animo
1712 2761 1889 2807 inferant,
1915 2763 1964 2799 ad

353 2811 505 2851 consilia
538 2824 662 2852 autem
682 2817 910 2866 expedienda
932 2815 1027 2855 nihil
1054 2817 1197 2863 juvent.
1253 2817 1384 2854 Primo
1404 2819 1507 2853 enim
1530 2816 1693 2868 sequitur
1721 2816 1838 2854 animi
1859 2828 1962 2854 vexa-

353 2868 412 2904 tio
434 2869 470 2905 &
498 2869 733 2917 inquietudo,
756 2883 845 2909 cum
859 2872 1024 2910 humana
1047 2870 1177 2909 omnia
1194 2871 1370 2922 perfidiae
1390 2874 1428 2909 ὅς
1461 2871 1736 2922 ingratitudinis
1750 2873 1858 2920 plena
1878 2870 1960 2909 fint.

354 2921 471 2960 Adeo
498 2933 539 2960 ut
568 2921 592 2959 fi
612 2925 820 2976 comparari
848 2926 965 2978 poffet
993 2926 1183 2979 speculum
1210 2928 1365 2975 aliquod
1397 2926 1597 2976 magicum,
1629 2926 1667 2964 in
1700 2938 1779 2976 quo
1811 2927 1896 2963 odia
1925 2930 1963 2966 ὅ(

354 2988 598 3028 quaecunque
627 2990 758 3016 contra
777 2993 848 3017 nos
864 2981 970 3019 ullibi
986 2992 1291 3028 commoventur,
1321 2983 1458 3020 intueri
1486 2982 1682 3031 possemus,
1703 2982 1838 3018 melius
1854 2982 1964 3019 nobis

357 3031 468 3081 foret,
497 3030 521 3070 fi
537 3034 707 3084 protinus
734 3036 980 3086 projiceretur
1009 3039 1046 3075 ὅ(
1069 3035 1323 3076 collideretur.
1379 3036 1608 3082 Huiusmodi
1635 3036 1736 3074 enim
1756 3049 1823 3081 res,
1850 3036 1970 3074 veluti>

901 3098 918 3128 Ῑ
1778 3092 1960 3129 soliorum
