2040 3439
179 270 272 317 168

382 268 481 313 DE
518 258 1019 312 AUGMENTIS
1055 254 1685 303 SCIENTIARU'M.
1725 256 1919 304 Lib.V1‚
1978 290 1980 293 -

315 361 441 409 difieii,
479 361 539 398 sed
565 362 679 396 etiam
700 356 918 394 efformatio
938 356 974 391 <St
993 353 1111 402 figura
1134 352 1416 397 columnarum,
1451 352 1628 398 trabium,
1667 355 1704 389 ὅ(
1730 351 1920 394 similium.

317 416 526 454 Methodus
556 426 646 451 vero
677 412 792 449 veluti
823 410 1060 446 scientiarum
1089 407 1331 443 architeeiura
1362 405 1421 444 est.
1488 407 1618 456 Atque
1648 407 1715 445 hac
1745 411 1785 446 in
1819 422 1926 461 parte

318 471 452 510 melius
485 470 623 507 meruit
651 469 808 512 Ramus,
850 466 891 501 in
923 464 1079 512 optimis
1107 461 1179 499 illis
1211 462 1347 510 regulis
1380 459 1503 507 (medas
1536 461 1654 507 πςῶτον,
1694 463 1775 494 κατεῖ
1807 464 1925 507 mum,

320 523 394 558 καθ’
424 522 507 565 dura,
534 524 618 569 ἃς.)
644 519 880 566 renovandis,
910 530 1023 567 quam
1045 517 1083 553 in
1109 519 1218 554 unica
1239 516 1300 553 sna
1320 515 1506 553 methodo
1530 518 1568 553 ὃς
1590 515 1833 555 dichotomiis
1858 519 1929 557 ob:

319 579 524 618 trudendis.
580 578 843 616 Veruntamen
868 573 1008 619 nescio,
1045 584 1124 621 quo
1147 572 1226 609 sato
1248 571 1302 618 fit,
1338 581 1379 608 ut
1404 572 1444 607 in
1468 572 1640 608 humanis
1663 569 1765 617 (sicut
1789 573 1930 624 saepius

320 636 468 678 fingunt
492 633 638 685 poetae>
663 631 773 668 rebus
796 624 1067 681 pretiosissimis
1091 626 1234 678 semper
1256 626 1502 663 adhibeantur
1526 623 1824 675 perniciosissimi
1849 628 1929 679 qui·

320 675 393 738 que
417 688 594 726 custodes.
654 686 772 723 Certe
793 695 950 721 conatus
969 681 1081 721 Rami
1101 684 1196 719 circa
1215 682 1320 719 illam
1343 679 1644 733 propositionum
1668 680 1810 730 limam,
1840 697 1932 722 con-

322 743 407 791 jecit
432 755 520 781 eum
541 744 581 779 in
605 743 789 791 epitomas
810 740 889 776 illas
914 742 949 776 ὃς
966 738 1205 775 scientiarum
1228 737 1331 774 vada.
1387 736 1596 788 Auspicato
1619 737 1723 773 enim
1748 740 1785 774 ὅ(
1811 739 1932 777 felicis

322 798 510 842 cuiusdam
531 796 631 847 genii
646 796 759 833 dustu
783 794 985 845 procedere
1001 803 1166 843 oportet,
1194 794 1259 841 qui
1280 793 1463 829 axiomata
1479 790 1718 828 scientiarum
1743 784 1931 839 con-vergi-

323 855 414 891 bilia
436 853 558 891 facere
577 852 824 897 attentaverit,
854 852 890 887 δε
914 861 994 886 non
1009 848 1116 885 simul
1141 861 1183 885 ea
1206 847 1409 884 reddiderit
1433 847 1640 892 circularia,
1670 858 1732 884 aut
1753 849 1792 885 in
1814 839 1933 887 seniet

325 907 562 946 recurrentia.
620 908 817 944 Conatum
840 905 964 942 nihilo
979 903 1094 942 secius
1117 904 1232 941 Rami
1247 905 1286 942 in
1302 902 1371 940 hae
1393 911 1496 952 parte
1512 902 1647 939 utilem
1661 901 1767 940 fuisse
1782 916 1864 941 non
1878 903 1936 943 in⁴

325 964 509 1002 ficiamur.
1892 964 1896 968 ⁴
1932 964 1935 972 ¹

383 1020 672 1057 SUPERSUNT
702 1016 796 1054 duae
824 1015 944 1053 adhuc
972 1014 1275 1067 propositionum
1305 1011 1561 1060 limitationes,
1603 1022 1750 1063 praeter
1777 1021 1861 1051 eam
1890 1024 1938 1054 ut

326 1074 418 1112 fiant
449 1073 734 1111 convertibiles:
771 1072 884 1108 altera
909 1071 955 1108 de
985 1069 1222 1112 extensione5
1260 1071 1374 1107 altera
1402 1069 1449 1106 de
1480 1069 1729 1118 produfflone
1757 1069 1940 1120 ipsarum.-

330 1131 425 1167 Sanc
451 1129 588 1166 habent
613 1127 794 1172 scientiae,
832 1125 855 1163 si
879 1128 961 1174 quis
987 1126 1082 1163 resae
1111 1127 1286 1171 advertat,
1323 1134 1468 1174 praeter
1496 1124 1808 1175 profunditatem,
1847 1124 1940 1164 alias

328 1185 418 1221 duas
440 1181 713 1223 dimensione53
743 1180 980 1218 latitudinem
1004 1181 1140 1218 scilicet
1163 1193 1204 1218 ac
1227 1178 1508 1230 longitudinem
1528 1178 1642 1216 suam.
1698 1179 1754 1216 At
1778 1180 1935 1232 profun-

329 1240 423 1276 ditas
450 1239 602 1287 quidem
627 1237 672 1274 ad
696 1235 856 1286 ipsarum
881 1238 1077 1274 veritatem
1101 1238 1137 1272 &
1160 1237 1367 1272 realitatem
1391 1234 1570 1271 refertur:
1608 1236 1688 1272 Hae
1711 1236 1815 1272 enim
1836 1235 1938 1284 sunr,

329 1305 423 1342 quae
447 1293 675 1330 soliditatem
697 1291 910 1328 conferunt.
968 1292 1164 1343 Quantum
1188 1291 1233 1328 ad
1258 1289 1416 1338 reliquas
1439 1289 1540 1336 duaS,
1569 1289 1732 1327 latitudo
1756 1291 1872 1341 accipi
1898 1292 1937 1330 δε

330 1349 544 1400 computari
567 1346 686 1397 potest
701 1346 748 1383 de
772 1345 926 1384 scientia
941 1347 981 1383 in
998 1345 1212 1387 scientiam3
1241 1343 1444 1394 longitudo
1458 1356 1550 1381 vero
1574 1343 1769 1382 sumitura
1786 1344 1943 1384 *stimma

330 1402 588 1454 propositione
599 1403 643 1438 ad
654 1403 770 1438 imam
781 1402 821 1438 in
834 1402 963 1439 eadem
976 1401 1138 1439 scientia.
1155 1401 1288 1438 Altera
1298 1401 1388 1438 fines
1399 1402 1434 1436 ὃ(
1444 1411 1552 1437 veros
1564 1398 1800 1437 scientiarum
1809 1403 1942 1440 termi-'

330 1471 402 1496 nos
417 1458 692 1507 complestitur,
712 1466 754 1494 ut
769 1455 1042 1508 propositiones
1057 1458 1222 1508 proprie,
1243 1468 1326 1493 non
1340 1453 1553 1507 promiscue
1567 1455 1793 1497 traEtenturs
1814 1458 1850 1494 δε
1865 1456 1941 1496 evin

331 1524 434 1552 tetur
448 1511 633 1563 repetitio,
655 1509 831 1559 excursio,
851 1513 1014 1560 denique
1029 1510 1200 1549 confusio
1215 1510 1357 1548 omnis:
1389 1511 1502 1547 altera
1517 1521 1693 1546 normam
1709 1510 1939 1560 praeseribit,

335 1568 532 1618 quousque
555 1570 592 1605 ὅ(
613 1567 660 1605 ad
680 1579 793 1615 quem
811 1568 1109 1616 particularitatis
1129 1567 1286 1617 gradum
1307 1563 1583 1617 propositiones
1603 1564 1842 1604 scientiarum
1861 1565 1940 1606 ⁴sint

335 1623 588 1672 deducendae.
634 1623 727 1660 Sane
738 1622 893 1660 dubium
906 1635 985 1660 non
996 1621 1056 1669 est,
1073 1625 1165 1671 quin
1175 1622 1315 1670 aliquid
1328 1619 1586 1657 exercitationi
1599 1621 1635 1657 ὅ(
1645 1619 1824 1671 prafficae
1831 1619 1874 1658 sit
1887 1633 1944 1661 re-·

336 1678 610 1728 linquendum3
639 1687 792 1729 oportet
807 1676 988 1727 siquidem
1004 1677 1198 1715 Antonini
1217 1679 1275 1714 Pii
1289 1675 1423 1715 vitium
1439 1676 1581 1721 evitari,
1610 1687 1658 1712 ne
1673 1673 1784 1726 simus
1797 1676 1945 1727 cymini·

336 1734 496 1772 sestotes
510 1735 550 1770 in
565 1732 740 1779 scientiis,
759 1745 852 1772 neve
866 1731 1063 1770 divisiones
1078 1733 1123 1770 ad
1137 1733 1265 1770 infima
1280 1743 1448 1780 quaeque
1461 1731 1768 1779 multiplicemus.
1796 1727 1945 1781 -Ita‘que

337 1791 497 1838 qualiter
509 1789 548 1825 in
562 1788 628 1826 hac
639 1798 742 1838 parte
755 1787 862 1826 nobis
872 1786 936 1837 ipsi
948 1798 1211 1837 temperemus,
1228 1784 1471 1836 inquisitione
1482 1787 1592 1837 plane
1605 1785 1763 1834 dignum
1777 1786 1838 1824 est.
1879 1787 1946 1827 Vi'-

337 1845 471 1882 demus
494 1845 597 1880 enim
622 1844 787 1880 nimium
802 1845 988 1893 generalia
1005 1841 1086 1889 (nisi
1108 1840 1355 1889 deducantur)
1371 1852 1503 1893 parum
1520 1840 1740 1888 informare,
1769 1842 1862 1891 quin
1878 1853 1946 1894 po‘·

338 1896 414 1936 tius
433 1899 636 1936 hominum
653 1898 901 1949 praiti-corum
917 1899 1084 1935 ludibrio
1104 1898 1272 1935 scientias
1287 1908 1486 1946 exponere,
1515 1907 1603 1933 cum
1619 1895 1743 1933 nihilo
1763 1895 1879 1947 magis
1898 1897 1947 1940 ad

338 1954 539 2006 practicam
563 1952 700 1989 faciant
721 1965 837 2001 quam
860 1952 1132 2005 ehorographia
1159 1951 1296 1990 Ortelii
1317 1951 1531 1989 universalis
1547 1951 1592 1988 ad
1615 1952 1715 1989 viam
1738 1951 1948 1991 monstran-

339 2009 441 2055 dam,
462 2020 555 2057 quae
570 2008 751 2045 Londino
765 2009 868 2046 ducit
883 2009 1108 2046 Eboracum.
1167 2009 1282 2045 Certe
1297 2008 1446 2057 regulae
1460 2008 1627 2056 optimae
1643 2005 1797 2056 speculis
1812 2019 1855 2045 ex
1870 2020 1950 2047 me-

342 2065 436 2101 tallo
451 2076 532 2100 non
548 2063 680 2100 inscite
695 2059 966 2111 assimulantur,
995 2065 1035 2101 in
1052 2064 1186 2112 quibus
1200 2073 1406 2100 cernuntur
1420 2064 1551 2110 utique
1565 2060 1759 2112 imagines,
1787 2062 1848 2100 sed
1864 2075 1949 2103 non

342 2129 546 2167 antequam
570 2119 737 2171 expolita
761 2118 925 2160 fuerint3
962 2116 1009 2155 sic
1036 2120 1163 2165 juvant
1190 2119 1346 2156 demum
1373 2119 1521 2168 regulae
1550 2119 1586 2153 &
1611 2127 1817 2168 praecepta,
1855 2119 1951 2169 post·

342 2186 456 2223 quam
483 2172 756 2211 exercitationis
781 2175 913 2210 limam
940 2173 1129 2212 subierint.
1185 2174 1302 2225 Quod
1331 2171 1355 2210 si
1382 2184 1524 2217 tamen,
1561 2171 1676 2222 usquc
1705 2185 1724 2210 a
1753 2172 1950 2225 principio,

342 2230 491 2279 regulae
518 2230 602 2265 illae
617 2228 697 2265 fieri
721 2225 862 2280 possint
878 2228 1028 2276 nitidae,
1065 2232 1101 2267 &
1125 2227 1223 2278 quasi
1239 2229 1480 2278 crystallinae,
1509 2227 1547 2264 id
1564 2229 1756 2279 optimum
1776 2227 1875 2267 factu
1892 2227 1952 2267 fo*-

344 2295 412 2331 rer,
433 2284 741 2335 quandoquidem
754 2283 1017 2321 exercitatione
1029 2280 1167 2321 assidua
1180 2286 1305 2321 minus
1316 2283 1552 2333 indigebunt.
1597 2282 1727 2331 Atque
1739 2284 1786 2322 de
1800 2282 1952 2323 scientia

346 2339 521 2377 methodi
538 2338 666 2388 (quam
681 2340 920 2391 prudentiam
936 2340 1130 2377 traditivae
1148 2340 1444 2386 nominavimus)
1462 2338 1551 2375 haec
1566 2337 1663 2374 dista
1678 2337 1760 2376 sint.

400 2397 438 2431 N
450 2406 575 2446 EQUE
598 2405 726 2432 tamen
743 2395 836 2432 illud
858 2396 1247 2444 praetermittendum,
1278 2395 1381 2443 quod
1397 2394 1577 2431 nonnulli
1593 2391 1661 2431 viri
1676 2396 1796 2443 magis
1814 2392 1951 2434 tumidi

347 2461 459 2499 quam
483 2450 585 2486 do'Cti
610 2449 830 2487 insudarunt
859 2451 955 2487 circa
975 2450 1203 2487 methodum
1227 2450 1428 2499 quandam,
1465 2449 1656 2497 legitimae
1684 2449 1857 2487 methodi
1881 2446 1954 2488 no'-

349 2503 452 2540 mine
474 2505 571 2542 haud
594 2505 762 2554 dignam,
791 2518 878 2543 cum
902 2506 1028 2556 potius
1048 2503 1090 2542 sit
1114 2505 1317 2542 methodus
1336 2503 1583 2554 imposturaes
1611 2515 1706 2551 quae
1725 2513 1855 2542 tamen
1874 2503 1954 2554 qui-

350 2557 505 2594 busdam
528 2560 781 2597 ardelionibus
805 2556 1056 2610 acceptissima
1080 2561 1334 2611 proculdubio
1361 2559 1487 2597 fuerit.
1543 2559 1644 2596 Haec
1672 2559 1876 2597 methodus
1901 2561 1954 2599 ita

352 2611 528 2651 scientiae
543 2615 696 2660 alicujus
710 2616 872 2664 guttulas
888 2615 1057 2665 aspergit,
1090 2625 1129 2652 ut
1145 2615 1225 2664 quis
1241 2614 1376 2652 sciolus
1392 2613 1512 2663 specie
1527 2615 1714 2651 nonnulla
1728 2614 1957 2653 eruditionis

353 2667 397 2703 ad
414 2665 698 2706 ostentationem
715 2667 828 2722 posiit
845 2671 959 2708 abuti.
1017 2671 1120 2706 Talis
1141 2669 1208 2707 fuit
1224 2682 1280 2706 ars
1292 2670 1430 2710 Lullii;
1457 2670 1542 2706 talis
1564 2669 1802 2720 typocosmia
1818 2680 1837 2706 a
1858 2681 1963 2716 non--

353 2722 467 2761 nullis
485 2733 652 2765 exarata;
687 2737 782 2773 quae
806 2726 901 2762 nihil
923 2725 1023 2763 aliud
1049 2726 1200 2762 fuerunt
1224 2737 1337 2773 quam
1364 2724 1637 2762 vocabulorum
1664 2726 1752 2762 artis
1778 2724 1955 2774 cujusque

354 2775 463 2825 mass‘a
491 2779 526 2813 ὃς
550 2789 719 2819 περι-νυςς
756 2781 801 2817 ad
827 2781 913 2827 hoc,
951 2791 991 2818 ut
1014 2782 1079 2829 qui
1110 2793 1218 2818 voces
1242 2781 1330 2817 artis
1353 2779 1514 2817 habeant
1542 2781 1582 2816 in
1605 2789 1800 2832 promptu,
1839 2782 1954 2817 etiam

355 2840 450 2866 artes
478 2830 566 2880 ipsas
599 2833 824 2881 perdidiciss'c
852 2834 1116 2873 existimentur.
1172 2836 1291 2880 Hujus
1325 2836 1471 2885 generis
1502 2835 1729 2872 collectanea
1761 2830 1956 2873 officinam

356 2884 522 2936 referunt
552 2892 913 2939 veteramentatiam,
955 2891 1020 2930 ubi
1048 2889 1303 2943 praesegmina
1331 2891 1454 2929 multa
1482 2890 1728 2940 reperiuntur,
1771 2889 1832 2927 sed
1862 2888 1957 2927 nihil

357 2939 460 2988 quod
477 2942 628 2987 alicujus
640 2940 679 2979 sit
695 2946 816 2992 pretii.

1786 3107 1820 3146 C
1852 3107 1888 3145 A
1916 3108 1957 3147 P.
