2040 3439
57 201 176 267 Cap.
200 202 282 247 111.
353 203 446 248 DE
482 195 924 249 AUGMENTIS
959 193 1500 250 SCIENTIARUM.

118 301 231 341 Cont.
262 302 359 353 QUI
388 296 569 353 amicitias
583 299 697 335 aretas
712 299 874 348 copulat,
904 311 1019 337 novas
1044 291 1347 336 ncceffitatesfibi
1361 297 1538 349 imponit.

117 357 156 396 A
165 368 195 394 N
206 367 265 394 1M
274 366 290 393 1
314 351 495 392 imbecilli
510 353 570 400 cst,
597 352 721 404 partiri
734 354 941 392 fortunam*

656 444 862 485 Adulatio.
891 448 1100 487 XXXVIII.

119 521 215 567 Pro.
245 521 452 559 ADULAT
462 532 511 558 10
543 519 659 570 magis
674 534 716 558 ex
731 533 853 568 more,
881 534 993 570 quam
1009 535 1052 559 ex
1066 521 1219 559 malitia.

117 579 150 617 L
158 590 184 616 A
192 590 221 616 U
230 589 256 615 D
264 589 290 614 A
299 588 329 613 N
340 587 366 613 D
373 588 400 612 0
415 576 614 621 instituere,
643 575 786 627 semper
802 576 968 615 formula
983 577 1052 614 fuit
1066 576 1189 615 debita
1200 576 1490 626 potentioribus.

118 632 230 672 Cont.
259 631 297 668 A
307 643 333 668 D
342 643 371 668 U
382 642 404 667 t,
414 642 469 667 AT
480 642 494 668 1
503 643 528 667 o
560 631 670 679 stylus
688 631 891 668 servorum.

117 689 156 726 A
166 700 192 725 D
202 698 263 725 UL
272 698 327 723 AT
338 698 352 722 1
361 698 387 723 o
415 687 494 722 calx
506 684 696 722 vitiorum.

118 744 156 780 A
166 754 228 780 DU
238 753 261 779 L
271 753 326 778 AT
337 741 386 778 Io
415 740 560 789 aucupii
577 741 669 777 illud
690 753 819 790 genus,
835 741 938 792 quod
955 739 1196 779 similitudine
1210 743 1324 788 vocis,
1340 754 1423 779 aves
1438 741 1546 780 fallit.

117 799 154 836 A
164 809 190 835 D
202 809 228 834 U
236 809 260 833 L
271 807 325 834 AT
335 807 350 833 1
361 808 387 832 o
397 806 426 832 N
437 807 451 832 1
461 806 478 832 s
498 794 715 832 deformitas
731 794 888 844 comica,
919 803 1198 834 nocumentum
1212 798 1409 847 tragicum.

117 852 156 891 A
167 864 231 890 UR
242 862 257 889 1
268 863 290 889 Β
298 862 326 888 U
335 863 352 887 s
373 851 530 898 mederi,
560 847 842 888 difficillimum.

672 945 870 987 VindicJa.
899 948 1072 986 XXXIX.

119 1023 216 1064 Pro.
245 1024 496 1061 VINDICTA
520 1023 672 1072 privata,
701 1020 832 1069 justitia
847 1022 1004 1071 agresti&

118 1082 220 1133 QUI
243 1081 321 1117 vim
337 1077 516 1130 rependit,
547 1079 671 1126 legem
686 1087 836 1114 tantum
858 1079 986 1123 violat,
1016 1089 1096 1114 non
1111 1076 1322 1114 hominem.

118 1136 161 1176 U
173 1147 198 1172 T
211 1145 309 1172 ILIS
338 1143 459 1170 metus
474 1131 627 1170 ultiouis
648 1131 807 1184 privatae
823 1144 833 1173 ;
863 1145 951 1168 nam
967 1133 1065 1180 leges
1080 1130 1242 1169 nimium
1257 1131 1361 1181 saepe
1376 1130 1586 1170 dormiunt.

91 1194 100 1203 '
121 1189 233 1228 Cant.
263 1191 361 1242 QUI
390 1187 565 1235 injuriam
579 1186 677 1235 fecit,
706 1186 930 1239 principium
946 1188 1049 1239 malo
1065 1187 1189 1228 dedit5
1218 1185 1282 1238 qui
1301 1187 1476 1235 reddidit,
1506 1188 1667 1226 modum

68 1244 224 1284 abstulit.

123 1302 179 1340 V1
189 1311 218 1338 N
228 1312 254 1337 D
265 1303 280 1336 1
290 1310 390 1345 CTA,
417 1311 496 1349 quo
512 1299 628 1347 magis
644 1298 832 1343 naturalis,
862 1309 911 1334 co
925 1297 1043 1345 magis
1057 1296 1273 1334 coercenda.

124 1357 225 1409 QUI
252 1354 358 1392 facile
386 1352 561 1400 injuriam
586 1351 719 1400 reddit,
750 1352 777 1389 is
805 1351 950 1389 fortaffe
969 1362 1140 1401 tempore
1163 1363 1246 1388 non
1274 1351 1468 1390 voluntate
1495 1350 1675 1403 posterior

66 1414 157 1462 erat.

703 1488 927 1538 Innovatiq.
957 1489 1039 1527 XL:

123 1560 221 1602 Pro.
252 1563 289 1599 O
300 1573 372 1599 MN
384 1573 399 1598 1
410 1572 427 1598 s
456 1559 640 1598 medicina
661 1561 871 1597 innovatio.

125 1620 225 1670 QUI
254 1629 352 1654 nova
367 1616 529 1653 remedia
545 1615 653 1665 fugit,
684 1627 782 1651 nova
796 1616 894 1651 mala
910 1614 1113 1667 opperitur.
1227 1657 1229 1660 Α

124 1675 165 1712 N
175 1685 200 1711 o
210 1684 293 1711 VAT
304 1684 366 1709 on
390 1672 573 1708 maximus
589 1681 736 1719 tempus
752 1683 762 1710 3
791 1669 923 1721 quidni
939 1669 1051 1719 igitur
1066 1680 1213 1721 tempus
1223 1669 1439 1708 imitemur?

125 1730 219 1766 Exss
229 1739 324 1765 MPL
334 1739 360 1764 A
384 1724 664 1777 remotainepta
676 1725 783 1766 suut3
812 1723 972 1762 recentia
987 1735 1159 1777 corrupta
1174 1727 1211 1762 &
1225 1723 1430 1762 ambitiosa.

125 1785 282 1822 IMPER
293 1794 307 1819 1
318 1794 342 1819 T
356 1793 396 1819 1s
425 1784 462 1819 ὃ(
478 1778 720 1818 contentiosis
735 1782 923 1829 permitte,
952 1791 994 1817 ut
1009 1780 1055 1817 ad
1071 1781 1238 1830 exempla
1256 1793 1312 1817 res
1328 1790 1451 1830 agant.

130 1840 281 1877 SICUT
306 1839 371 1889 qui
387 1835 623 1874 nobilitatem
650 1834 689 1872 in
705 1834 884 1872 familiam
906 1836 1166 1883 introducunt,
1196 1836 1388 1885 digniores
1412 1835 1490 1872 fere
1512 1833 1597 1871 sunt
1616 1836 1681 1885 pol

74 1892 175 1935 stetis
190 1907 200 1935 3
233 1895 284 1930 ita
298 1893 517 1930 novationes
529 1903 654 1927 rerum
671 1892 891 1940 plerumque
905 1890 1082 1939 praestant
1101 1890 1156 1938 iis,
1186 1903 1279 1938 quae
1294 1891 1338 1927 ad
1351 1890 1519 1942 exempla
1541 1889 1648 1927 fiunt.

130 1950 245 1987 MOR
255 1959 306 1986 os
316 1959 343 1984 A
367 1959 521 1984 morum
536 1947 712 1987 retentio,
743 1957 798 1982 res
812 1946 1027 1983 turbulenta
1042 1946 1102 1991 est,
1131 1958 1247 1993 aeque
1261 1958 1303 1982 ac
1322 1947 1478 1983 novitas.

134 2005 168 2042 C
181 2014 256 2041 UM
277 2015 344 2055 pet
360 2002 394 2039 se
408 2015 461 2039 res
478 2012 671 2039 mutentur
691 2002 730 2037 in
746 2000 920 2048 deterius,
948 1998 974 2037 st
987 1998 1146 2038 consilio
1161 2001 1201 2037 in
1216 2002 1350 2038 melius
1365 2012 1446 2038 non
1471 2008 1679 2048 mutentur,

77 2062 160 2111 quis
174 2057 256 2096 finis
271 2057 338 2095 erit
356 2058 464 2094 mali?

133 2116 302 2152 Morus
327 2112 430 2159 servi,
458 2110 638 2161 temporis
658 2111 830 2148 ludibria.

134 2169 246 2207 Cont.
278 2170 317 2206 N
329 2179 413 2205 OVI
443 2177 566 2217 partus
585 2167 775 2204 deformes
797 2166 890 2203 sunt.

135 2226 176 2262 N
187 2235 342 2261 ULLUS
365 2223 501 2260 author
517 2223 648 2270 placet,
679 2229 818 2270 praeter
834 2232 993 2269 tempus.
1125 2263 1127 2267 Α

137 2281 317 2318 NULLA
346 2277 492 2314 novitas
520 2276 655 2325 absque
667 2274 821 2321 injuria3
850 2288 939 2312 nam
954 2273 1153 2326 praesentia
1168 2275 1358 2313 convellit.

137 2336 278 2387 QUAE
314 2332 380 2370 usu
396 2333 607 2378 obtinuere,
636 2330 753 2368 finon
766 2331 877 2377 bona,
907 2341 942 2365 at
960 2329 1088 2366 saltem
1104 2340 1186 2381 apta
1201 2331 1299 2366 inter
1309 2329 1343 2366 se
1357 2328 1451 2366 sunt.

137 2391 261 2442 QUts
289 2397 448 2425 novator
471 2397 620 2438 tempus
646 2385 822 2433 imitatur,
852 2385 955 2436 quod
979 2383 1199 2423 novationes
1229 2386 1279 2421 ita
1299 2382 1468 2431 insinuat,
1497 2392 1538 2420 ut
1562 2382 1684 2420 sensus

88 2445 239 2483 fallant?

143 2501 285 2552 QUOD
319 2507 459 2549 praeter
492 2496 594 2547 spem
621 2494 756 2543 evcnit,
793 2497 854 2534 cui
881 2494 1036 2547 prodest,
1074 2496 1200 2532 minus
1227 2503 1446 2544 aceeptu1n3
1487 2494 1548 2531 cui
1575 2492 1688 2540 obest,

88 2554 203 2605 magis
219 2553 430 2591 molestum.

774 2647 903 2687 Mora.
932 2647 1031 2686 XLI.

145 2724 240 2764 Pro.
272 2727 296 2762 F
305 2737 331 2762 o
341 2737 368 2762 R
379 2735 402 2761 T
412 2735 440 2761 U
451 2735 481 2761 N
490 2736 516 2761 A
545 2723 664 2760 multa
675 2722 857 2760 festinanti
874 2722 1013 2768 vendit,
1041 2718 1172 2768 quibus
1181 2729 1395 2758 morantem
1405 2718 1534 2756 donat.

145 2784 268 2819 DUM
288 2782 395 2817 initia
411 2791 536 2816 rerum
551 2779 724 2827 amplecti
746 2789 998 2829 properamttS,
1028 2776 1174 2812 umbras
1195 2776 1418 2827 prensamuS.

148 2838 174 2874 F
183 2849 244 2874 LU
254 2849 276 2874 c
286 2848 309 2872 T
321 2847 347 2872 U
357 2847 381 2872 A
391 2845 421 2871 N
432 2846 455 2871 T
467 2846 480 2871 l
491 2847 512 2871 Β
521 2845 572 2870 Us
597 2834 705 2870 rebus
720 2832 1000 2875 advertendum,
1029 2829 1291 2867 inclinantibus
1306 2830 1505 2880 agendum.

148 2893 213 2930 PR
225 2903 238 2928 1
248 2903 317 2928 MA
341 2891 534 2927 achonum
554 2889 663 2937 Argo
677 2887 953 2924 committenda
968 2885 1063 2931 sunt,
1095 2895 1257 2923 extrema
1277 2885 1435 2923 Briareo.

152 2946 263 2985 Com.
295 2948 332 2982 O
344 2956 454 2982 CCAS
469 2956 517 2981 10
545 2945 711 2995 primum
727 2943 852 2979 anihm
873 2939 958 2979 vasis
977 2940 1145 2990 porrigit,
1172 2941 1308 2978 deinde
1322 2951 1505 2979 ventrem.

154 3004 191 3039 O
202 3014 224 3039 c
233 3014 255 3039 c
264 3013 314 3039 As
325 3012 338 3037 1
347 3012 372 3037 o
398 3000 504 3036 instat
522 2998 680 3047 Sibyllae
696 2999 834 3034 minuit
847 2997 1031 3043 oblatum,
1062 2995 1222 3045 pretium
1237 3006 1358 3046 auget.

157 3057 191 3093 C
203 3068 256 3093 EL
268 3068 289 3093 E
300 3068 324 3093 R
337 3066 350 3092 1
362 3066 414 3091 TA
423 3067 452 3101 s,
482 3055 563 3092 orei
575 3055 690 3103 galea.

157 3112 230 3162 Qu
239 3123 265 3148 A
274 3122 296 3148 Ε
320 3120 464 3147 mature
480 3109 588 3156 fiunt,
617 3106 757 3155 judicio
777 3107 872 3147 fiunt
886 3122 896 3150 ;
926 3119 1020 3158 quae
1041 3105 1134 3155 sero,
1163 3118 1226 3157 per
1240 3107 1436 3144 ambitum.

1577 3154 1696 3195 ‘Prae-

1762 205 1858 267 189
