2040 3465
217 206 794 254 REDARGUTIO
849 207 1632 260 PHILOSOPHIARUM.

129 302 234 340 bulas
249 312 385 350 narrat,
412 301 706 340 facia&infc&a
722 300 827 340 simul
853 307 1007 340 canens?
1034 305 1164 354 Atque
1189 306 1271 344 satis
1287 306 1374 353 scio,
1405 305 1428 343 si
1451 310 1575 346 minus
1590 308 1729 347 sinceri

119 356 192 394 fide
213 368 323 406 agere
350 357 501 404 vellem,
531 369 612 394 non
636 353 790 394 difficile
814 358 912 395 soret
929 358 1148 397 hominibus
1176 361 1404 412 persuadere,
1433 364 1529 412 apud
1553 365 1729 414 antiquos

118 410 308 461 sapientes,
338 411 404 449 diu
440 422 527 449 ante
555 412 788 449 Graecorum
818 423 1002 463 tempora,
1032 414 1200 452 scientias
1227 419 1262 454 ὃ(
1287 416 1565 466 philosophiam
1587 420 1730 460 majore

117 466 267 512 virtute,
297 465 382 504 licet
408 467 552 510 majore
581 465 694 503 etiam
717 467 865 504 fortass'e
897 466 1046 505 silentio
1070 469 1244 507 floruill‘e:
1285 472 1395 522 idque
1422 471 1609 510 solennius
1633 473 1728 510 mihi

119 521 219 559 foret
233 533 275 558 ea
290 533 386 570 quae
402 521 476 565 iam
498 520 710 562 ,afferuntur
726 522 770 558 ad
791 524 853 559 illa
870 523 1015 569 referre,
1045 535 1086 562 ut
1111 527 1199 562 novi
1219 526 1393 562 homines
1418 526 1551 573 solent,
1580 529 1644 578 qui
1662 541 1728 565 no·

119 575 304 613 bilitatcm
329 574 482 620 alicujus
511 577 644 614 veteris
665 576 851 627 prosapiae
885 589 949 627 per
971 580 1279 629 genealogiarum
1300 593 1471 618 rumores
1488 585 1524 619 ὃ(
1540 583 1727 628 conjectu-

118 642 176 668 ras
190 628 254 670 fibi
274 627 474 680 affingunt.

114 686 117 690 ⁴
170 687 358 723 VERUM
386 684 495 722 nobis
515 683 579 722 stat
606 685 799 731 sententia,
832 699 955 724 rernm
979 687 1161 726 evidentia
1185 689 1300 735 fretis,
1329 703 1487 728 omnem
1504 691 1726 741 imposturae

115 739 396 787 conditionem,
425 743 665 789 quantumvis
682 739 720 778 lit
738 743 823 779 licet
840 743 936 779 bella
960 745 995 780 δε
1011 745 1228 789 commoda,
1261 745 1435 782 recusare.
1492 748 1617 794 Itaque
1634 748 1727 791 judi-

112 795 219 843 cium
234 795 403 832 nostrum
422 796 468 832 de
489 795 560 832 illis
578 796 725 833 saeculis
745 809 825 834 non
851 796 1148 847 intei·ponimus;
1178 800 1270 836 illud
1297 801 1420 837 obiter
1436 800 1606 847 dicimus,
1638 803 1725 840 licet

111 852 313 904 poetarmn
333 850 478 887 fabulae
494 850 668 888 versatilis
690 853 865 888 materiae
885 850 966 897 lint,
995 863 1122 891 tamen
1143 866 1214 891 nos
1234 867 1315 892 non
1337 855 1501 892 multum
1524 855 1645 892 arcani
1661 869 1725 894 aut

113 905 275 955 mysterii
299 905 513 948 hujulinodi
543 905 815 943 narrationibus
841 907 976 943 subesse
1006 908 1102 945 haud
1119 911 1336 946 cunctanter
1360 911 1725 958 pronunciass'emus;

113 958 206 1008 fiab
238 961 284 997 iis
306 959 479 998 inventae
503 973 522 997 a
544 960 676 1008 quibus
700 962 855 998 traditae
877 961 979 1002 sunt;
1007 963 1109 1014 quod
1138 976 1208 1001 nos
1232 963 1333 1000 secus
1364 964 1433 1001 effe
1457 963 1723 1003 existimamus:

113 1016 313 1067 pleraeque
334 1014 437 1052 enim
461 1016 657 1052 traduntur
673 1026 852 1064 tanquam
869 1018 968 1065 prius
988 1017 1147 1055 creditae
1171 1021 1208 1056 δε
1231 1020 1418 1068 cognitae,
1447 1031 1528 1056 non
1547 1030 1726 1071 tanquam

114 1068 236 1111 novae
251 1082 292 1107 ac
312 1080 404 1108 tunc
418 1067 546 1120 primo
560 1071 726 1108 oblatae:
758 1083 851 1119 qnae
871 1084 925 1108 res
942 1084 1067 1109 earum
1085 1073 1398 1110 existimationem
1415 1075 1511 1125 apud
1527 1086 1596 1111 nos
1612 1077 1724 1122 auxit,

113 1137 156 1163 ac
173 1122 197 1162 fi
211 1125 325 1163 ess'ent
342 1127 520 1174 reliquiae
535 1126 717 1176 quaedam
735 1125 850 1162 sacrae
867 1137 1085 1176 temporum
1103 1130 1317 1165 meliorum.
1373 1129 1519 1166 Verum
1535 1140 1726 1178 utcunque

114 1192 157 1218 ca
177 1192 232 1217 res
248 1180 283 1217 se
305 1180 429 1234 habet,
458 1193 538 1217 non
565 1182 646 1232 plus
664 1181 832 1217 intercise
849 1192 1021 1230 putamus
1051 1182 1111 1230 (ad
1137 1184 1173 1219 id
1196 1184 1300 1231 quod
1321 1185 1456 1232 agitur)
1489 1195 1614 1220 utrum
1631 1196 1726 1234 quae

110 1235 192 1282 ‘jam
205 1246 486 1288 proponentur,
515 1246 576 1273 aut
592 1235 820 1273 illisfortaffc=
837 1238 990 1283 majora,
1021 1239 1307 1286 antiquisetiam
1329 1237 1582 1279 innotuerint5
1611 1252 1725 1287 quam

63 1290 66 1294 ’
107 1289 335 1335 'homi-nibus
349 1302 458 1328 curae
475 1291 543 1327 effe
558 1291 703 1337 debeat,
733 1302 858 1328 utrum
871 1304 990 1328 novus
1006 1293 1105 1329 orbis
1121 1294 1232 1330 fuerit
1248 1294 1365 1330 insula
1391 1294 1451 1329 illa
1475 1294 1650 1340 Atlantis,
1680 1297 1717 1332 δε

113 1343 232 1395 veteri
259 1345 408 1383 mundo
438 1348 604 1395 cognita,
635 1358 682 1382 an
712 1358 813 1382 nune
843 1349 1008 1395 primum
1032 1358 1191 1396 repertu
1222 1360 1347 1385 rerum
1372 1350 1475 1384 enim
1505 1348 1674 1386 inventio
1701 1362 1723 1386 a

114 1411 270 1438 natutae
285 1401 369 1438 luce
397 1402 569 1453 petenda,
599 1413 679 1437 non
695 1401 913 1438 avctussatis
937 1403 1099 1438 tenebris
1112 1404 1310 1452 repetenda
1325 1403 1384 1439 est.

163 1454 271 1508 JAM
297 1468 399 1502 vero,
428 1456 506 1501 filii,
537 1457 650 1492 ctiam
678 1456 820 1505 sponte,
851 1469 930 1493 non
955 1456 1103 1494 fortafl'e
1129 1459 1367 1507 interpellati,
1395 1458 1442 1495 ab
1465 1457 1720 1510 expectatione

112 1507 227 1549 vestrfi
254 1511 302 1548 de
332 1510 566 1563 philosophia
598 1510 862 1548 Chimistatum
888 1511 1109 1561 opinionem
1141 1513 1418 1561 subjungemus.
1477 1514 1631 1550 Etenim
1661 1513 1723 1550 illa

115 1565 230 1604 vestra
249 1565 495 1616 philosophia,
524 1565 837 1616 disputationibus
852 1576 997 1618 potens,
1027 1568 1202 1617 operibus
1229 1567 1398 1614 invalida,
1428 1569 1514 1604 artis
1538 1567 1723 1605 chimicae

114 1622 345 1659 nonnullam
364 1620 673 1659 existimationem
688 1621 785 1670 apud
800 1621 982 1669 quosdam
994 1624 1148 1673 peperit.
1204 1623 1335 1671 Atque
1352 1622 1434 1659 sane
1450 1622 1551 1671 quod
1563 1623 1606 1659 ad
1623 1635 1723 1672 prae-

114 1677 229 1714 ticam
255 1676 525 1714 Chimistarum
547 1678 693 1722 attinet,
724 1676 888 1713 fabulam
914 1678 1018 1713 illam
1048 1676 1086 1713 in
1115 1689 1196 1713 eam
1225 1688 1441 1728 competere
1465 1675 1724 1724 existimamus,

113 1731 162 1768 dc
178 1731 263 1768 sene
277 1734 342 1781 qui
358 1730 439 1768 filiis
455 1731 526 1769 suis
546 1743 681 1769 aurum
697 1732 736 1767 in
751 1733 859 1768 vinea
874 1731 1056 1769 defossum
1089 1732 1172 1777 <nec
1190 1731 1225 1769 se
1241 1731 1324 1768 satis
1341 1730 1429 1768 scire
1446 1744 1524 1780 quo
1539 1732 1644 1779 loco)
1676 1733 1725 1768 le-

111 1788 269 1836 gai-erit:
300 1787 400 1824 unde
418 1787 504 1824 illos
515 1785 687 1837 protinus
702 1786 749 1822 ad
764 1788 914 1823 vineam
936 1786 1154 1823 fodiendam
1171 1786 1391 1826 incubuiss'e3
1420 1797 1531 1834 atque
1544 1784 1621 1822 auri
1636 1789 1723 1835 qui-

112 1842 202 1879 dem
223 1840 317 1879 nihil
334 1851 540 1893 repertum,
570 1841 631 1878 sed
655 1841 885 1878 vindemiam
907 1853 948 1877 ea
973 1842 1116 1878 cultura
1142 1840 1276 1877 faciam
1299 1841 1402 1878 fuiss'e
1418 1841 1629 1878 uberiorem
1648 1855 1655 1877 :
1683 1839 1724 1878 si-

113 1896 198 1934 mili
215 1897 336 1934 modo
351 1895 555 1936 &chimiae
574 1896 654 1942 filii,
683 1896 776 1932 dum
795 1908 927 1932 aurum
960 1893 1043 1941 (ssve
1064 1908 1148 1933 vere
1166 1894 1235 1932 five
1251 1895 1363 1942 secus)
1393 1897 1434 1932 in
1460 1906 1610 1932 naturae
1625 1907 1716 1933 arvo

111 1951 336 1991 abditum&
355 1949 455 2001 quasi
482 1951 681 1997 defoss'um,
711 1950 896 1987 laboriose
919 1963 1048 1988 eruere
1071 1961 1274 1988 conantur:
1304 1951 1423 1988 multa
1450 1951 1650 1987 moliendo
1679 1953 1717 1989 ὅ(

111 2005 312 2054 tentando,
341 2018 484 2056 magno
518 2007 720 2058 proventui
747 2005 967 2043 hominibus
996 2008 1032 2043 ὅ(
1057 2007 1209 2043 utilitati
1239 2005 1355 2052 fuere,
1392 2008 1429 2043 ὅ(
1455 2005 1718 2054 compluribus

109 2061 272 2100 inventis
296 2073 378 2099 non
397 2061 692 2098 contemnendis
708 2062 823 2098 viram
853 2063 889 2097 ὃς
918 2072 974 2097 res
994 2061 1174 2098 humanas
1189 2061 1387 2097 donavere.

165 2116 539 2156 VERUNTAMEN
570 2115 829 2165 speculativam
853 2127 988 2152 eorum
1019 2128 1097 2152 rem
1127 2118 1246 2153 levem
1278 2118 1314 2153 ὅ(
1339 2117 1463 2152 minus
1492 2114 1616 2152 sanam
1650 2116 1720 2152 elle

112 2171 332 2218 judicamus.
389 2174 494 2209 Nam
522 2182 563 2208 ut
588 2171 651 2207 ille
680 2169 978 2208 adolescentulus
1001 2170 1178 2208 delicatus
1202 2183 1290 2207 cum
1316 2169 1496 2207 scalmum
1521 2172 1561 2206 in
1585 2171 1718 2207 littore

109 2227 309 2279 reperisset,
339 2239 473 2266 navem
502 2225 695 2263 aedificare
729 2223 962 2277 concupivit:
994 2227 1044 2262 ita
1075 2228 1110 2263 ὅ(
1141 2225 1177 2262 hi
1205 2227 1274 2262 arti
1301 2224 1382 2262 suae
1407 2225 1644 2273 indulgentes
1677 2238 1721 2262 ex

109 2281 234 2332 paucis
248 2282 412 2320 fornacis
428 2279 686 2331 experimentis
701 2280 979 2331 philosophiam
995 2281 1156 2318 condere
1181 2276 1334 2330 aggressi
1354 2279 1447 2316 sunt.
1504 2280 1633 2327 Atque
1650 2279 1724 2317 hoc

95 2348 229 2387 ‘genus
248 2338 481 2376 theotiarum
507 2339 544 2373 δε
560 2335 698 2387 saepius
724 2338 759 2372 ὅ(
786 2334 1011 2372 manifestius
1035 2337 1208 2373 vanitatis
1234 2334 1458 2383 coarguitur,
1487 2346 1602 2382 quam
1626 2333 1720 2372 illud

110 2393 293 2430 alterum:
321 2393 426 2442 quod
451 2401 549 2428 certe
574 2392 690 2439 magis
716 2389 883 2427 sobrium
913 2392 949 2426 &
971 2392 1087 2440 magis
1111 2392 1250 2427 retium
1277 2390 1345 2430 cst3
1374 2401 1462 2426 nam
1487 2387 1722 2440 philosophia

108 2449 272 2497 vulgaris
295 2449 429 2485 omnia
453 2457 670 2498 percurrens
701 2448 738 2483 ὃς
768 2445 947 2482 nonnihil
973 2445 1050 2482 fere
1081 2447 1126 2482 de
1158 2444 1307 2493 lingulis
1336 2442 1539 2493 degustans,
1571 2443 1606 2480 se
1622 2444 1720 2493 apud

109 2504 315 2540 maximam
345 2503 549 2540 hominum
574 2510 718 2550 partem
748 2498 892 2550 optime
922 2510 1058 2537 tuetur.
1116 2502 1193 2551 Qui
1217 2509 1344 2537 autem
1368 2511 1410 2536 ex
1438 2500 1560 2548 paucis
1585 2498 1721 2546 quibus

109 2556 184 2607 ipse
200 2560 365 2595 maxime
386 2557 545 2594 insuevit
559 2557 700 2604 reliqua
715 2554 1035 2592 comminiscitur:
1067 2554 1093 2591 is
1108 2558 1144 2593 ἃ
1161 2568 1198 2591 re
1214 2554 1286 2604 ipsa
1302 2565 1397 2591 errat
1414 2554 1543 2602 magis,
1573 2555 1609 2590 <Sc
1625 2555 1722 2605 apud

109 2614 205 2650 alios
220 2613 339 2650 levior
349 2612 416 2649 est:
446 2622 556 2660 atque
569 2623 609 2647 ex
627 2611 699 2647 hoc
709 2622 846 2659 genere
859 2609 1136 2660 philosophiam
1157 2609 1355 2646 chimicarn
1371 2609 1439 2646 ess'e
1459 2607 1665 2645 censemus.

169 2668 349 2705 CERTE
376 2667 439 2704 illa
460 2664 655 2718 opinionis
672 2665 808 2702 fabrica
828 2677 920 2715 quae
945 2677 1078 2702 eorum
1102 2664 1359 2715 philosophiae
1375 2661 1463 2700 basis
1487 2661 1547 2709 est,
1578 2663 1646 2699 ell'c:
1667 2663 1719 2700 ni-

112 2721 250 2760 mirum
276 2733 439 2771 quatuor
461 2733 586 2758 rerum
604 2721 775 2757 matrices
796 2718 864 2756 five
889 2721 1087 2766 elementa,
1117 2722 1157 2756 in
1178 2720 1313 2768 quibus
1335 2719 1474 2755 semina
1497 2729 1621 2754 rerum
1650 2717 1719 2755 live

113 2777 245 2828 species
271 2778 394 2815 foetus
422 2776 505 2814 suos
519 2775 728 2822 absolvunt,
758 2786 867 2822 atque
895 2775 1072 2826 produci-‚1
1087 2787 1221 2811 eorum
1245 2772 1514 2822 quadriformia
1537 2772 1618 2818 ess'e,
1649 2785 1718 2824 pro

111 2832 325 2870 differentia
340 2832 488 2869 'scilieet
515 2829 690 2878 cujusque
716 2831 912 2866 elementi:
943 2830 1038 2866 adeo
1077 2840 1117 2867 ut
1141 2831 1180 2866 in
1201 2830 1324 2873 coelo,
1363 2830 1455 2872 aere,
1483 2839 1590 2875 aqua,
1621 2838 1717 2864 terra

113 2888 217 2925 nulla
248 2886 382 2937 species
403 2888 614 2924 inveniatur
644 2897 737 2933 quae
767 2896 845 2920 non
868 2884 998 2921 habeat
1018 2883 1056 2921 in
1078 2884 1193 2921 tribus
1218 2881 1368 2934 reliquis
1387 2882 1633 2930 conjugatum
1657 2883 1718 2918 ali-

113 2942 217 2990 quod
233 2944 268 2980 &
283 2940 381 2994 quasi
402 2941 620 2993 parallelum
653 2942 753 2986 (nam
779 2939 978 2976 hominem
999 2941 1112 2976 etiam
1129 2937 1407 2988 pantomimum
1433 2935 1648 2981 effecerunt,
1677 2949 1720 2973 ex

114 2997 525 3041 omnibusconflatum,
554 2992 651 3031 abusi
663 2992 842 3043 elegantia
855 2993 1295 3040 vocabulimicrocosmi)
1327 2993 1589 3038 hoc‚inquam‚
1618 3003 1721 3027 com-

115 3062 288 3089 mentum
311 3053 505 3089 neminem
522 3048 658 3096 judicio
675 3049 840 3087 sedatum
861 3048 938 3098 post
960 3047 992 3084 se
1009 3048 1172 3086 traxerit:
1204 3050 1294 3097 quin
1318 3050 1351 3085 δε
1374 3046 1617 3084 existimamus
1639 3046 1721 3081 hnic

145 3104 148 3107 ’
173 3107 282 3146 VOL.
300 3108 326 3145 Ι.
859 3101 879 3124 Ψ
913 3104 945 3139 G
967 3115 990 3153 g
1611 3102 1721 3148 phan-

1811 231 1903 275 117
