2040 3439
63 182 278 251 Gap-'HL
319 188 418 237 DE·
443 187 626 232 *AU‘G
652 187 762 237 ME
787 189 984 235 NTIS
1035 191 1677 243 SCIENTJIARUM.

58 280 211 328 fandata
239 286 322 325 lint.
380 289 487 326 Talia
508 289 663 326 fuerunt
681 291 788 337 bella,
818 304 912 342 quae
936 304 955 329 a
976 293 1160 330 Romanis
1183 293 1466 344 susceptaerant
1494 296 1539 332 ad
1556 296 1669 334 Grae-

58 343 207 397 ciaiivin
224 344 438 381 libertatem
464 343 750 382 vindicandam:
781 346 868 385 ralia
891 347 1198 385 Lacedaemoniis
1226 351 1262 386 ὅ(
1291 348 1591 398 Atheniensibus,
1622 353 1667 393 ad

57 397 327 436 constituendas
357 408 420 435 aut
449 400 667 436 evertendas
690 400 937 438 democratias
970 404 1007 438 ὅ(
1036 401 1274 452 oligarehias:
1317 403 1406 441 talia
1431 406 1666 455 'quandoque

57 451 264 496 illata-<sunt
300 466 320 490 a
339 452 606 505 rebuspublicis
637 463 700 491 aut
728 455 967 508 principibus,
998 456 1065 495 sub
1093 469 1294 507 praetextu,
1333 459 1499 497 subditos
1521 460 1664 498 alienos

56 509 294 561 protegendi,
325 510 361 545 &
386 520 407 545 a
422 510 621 557 tyrannide
645 511 837 547 liberandi.
893 511 956 549 Ad
971 523 1051 548 rem
1068 512 1297 564 praesentem
1314 511 1482 561 sufficiat,
1512 516 1663 553 utillud

55 564 294 601 decernatur:
325 565 419 600 Non
437 563 505 600 ess‘e
521 565 784 615 expediandam
797 565 899 602 statui
914 565 1022 604 alicui
1034 568 1182 617 imperii
1205 568 1506 617 amplitudinem,
1534 569 1602 608 nisi
1617 572 1663 608 ad

55 620 222 671 quamvis
240 616 474 655 occasionem
495 618 622 663 justam
638 619 672 656 se
687 621 856 657 armandi
872 624 1047 671 protinus
1061 622 1338 672 expergiscatur.

56 673 144 712 ·-==8.
177 675 217 712 N
227 685 290 711 UL
307 686 331 710 L
347 685 374 710 U
387 685 422 710 M
437 675 602 711 omnino
617 686 762 724 corpus,
791 673 861 712 five
895 674 936 713 fit
957 677 1051 714 illud
1071 679 1238 715 naturale
1259 674 1331 715 sive
1353 679 1566 730 politicum,
1581 679 1658 718 abs-

54 730 422 780 que-exercitatione
444 727 634 765 sanitatem
651 729 755 766 suam
778 730 872 768 tucri
898 741 1020 779 queat.
1077 734 1216 782 Regno
1236 742 1375 779 autem,
1398 742 1461 770 aut
1485 735 1659 786 reipubli-

53 783 275 832 eae³justum
299 794 409 832 atque
439 781 690 822 honorificum
720 784 861 822 bellum
885 787 974 823 loco
998 787 1148 824 salubris
1174 786 1446 825 exercitationis
1465 787 1525 825 est.
1578 790 1659 827 Bel·

52 838 261 876 lum‘eivile
284 838 456 891 profecto
472 839 580 875 instar
595 841 729 876 caloris
754 839 896 876 febrilis
916 841 990 882 est3
1019 850 1057 878 at
1081 842 1224 879 bellum
1253 852 1448 880 externum
1472 843 1580 880 instar
1602 856 1660 882 m-

51 894 200 932 loris‘ex
216 905 338 941 motu,
367 895 431 942 qui
446 893 650 932 valetudini
675 893 860 943 imprimis
875 894 1065 932 conducit.
1124 898 1177 933 Ex
1197 908 1285 948 pace
1295 899 1399 933 enim
1414 895 1534 934 deside
1547 908 1660 947 atque

51 951 228 999 torpente
250 952 285 987 &
301 947 551 986 emolliuntur
579 951 710 995 animi,
741 951 777 986 ὅ(
793 960 1089 1002 corrumpuntur
1111 963 1250 988 mores.
1307 951 1380 989 Sed
1397 962 1587 999 utcunque
1602 965 1658 991 res

51 1001 233 1043 tefflbear
247 1015 428 1056 quatenus
443 1004 487 1040 ad
508 1004 661 1046 alicujus
673 1005 782 1041 status
799 1003 1025 1052 felicitatem,
1056 1004 1325 1055 magnitudinis
1335 1006 1586 1056 proculdubio
1601 1010 1657 1045 in-

49 1060 171 1106 terest}
199 1071 239 1098 ut
266 1057 365 1108 quasi
392 1059 535 1108 semper
568 1058 606 1095 in
627 1061 739 1096 armis
764 1055 817 1096 fir.
876 1059 1006 1109 Atque
1035 1063 1215 1098 exercitus
1236 1071 1443 1108 veteranus,
1471 1073 1657 1113 perpetuo

14 1132 19 1137 ·
50 1107 227 1166 ianqaam
244 1114 310 1153 sub
325 1115 468 1152 vexillis
491 1113 646 1161 habitus,
677 1112 740 1152 etsi
756 1126 811 1151 res
834 1112 876 1151 sit
904 1114 1031 1164 magni
1054 1116 1310 1165 proculdubio
1330 1116 1497 1168 sumptus
1526 1120 1562 1154 ὃ(
1586 1117 1654 1154 im-

49 1168 206 1219 pensae,-
223 1181 390 1208 attamen
411 1167 596 1213 ejusmodi
629 1167 688 1215 est,
719 1179 760 1206 ut
779 1168 883 1206 statui
911 1169 1021 1207 alicui
1050 1169 1149 1219 quasi
1176 1169 1373 1208 arbitrium
1397 1182 1526 1209 rerum
1554 1174 1655 1210 inter

47 1225 206 1272 vfflc'ruos,
234 1237 296 1263 aut
327 1224 456 1262 saltem
481 1223 690 1276 plurimum
719 1223 997 1262 existimationis
1023 1226 1068 1263 ad
1097 1228 1228 1263 onmia
1248 1227 1427 1263 conferat.
1485 1227 1527 1264 Id
1547 1228 1654 1276 quod

48 1278 240 1335 insigniter
256 1291 407 1318 cernere
427 1279 476 1316 est
505 1281 543 1315 in
561 1278 744 1330 Hispanis,
775 1278 837 1328 qui
853 1281 927 1323 jam
942 1293 1006 1331 per
1029 1292 1149 1318 annos
1169 1291 1324 1318 centum
1344 1283 1381 1318 δε
1395 1279 1529 1332 viginti
1553 1294 1652 1319 exer-

46 1336 165 1386 cirum
174 1345 416 1380 ·>vete1·anum,
445 1335 489 1371 ad
499 1336 640 1383 aliquas
667 1344 795 1384 partes,
825 1335 914 1372 licet
930 1347 1010 1372 non
1032 1334 1175 1387 semper
1194 1336 1239 1372 ad
1256 1335 1414 1382 easdem,
1435 1337 1620 1374 aluerunt.

99 1389 138 1437 '9.
170 1391 287 1428 MAR
304 1401 346 1428 Is
380 1390 611 1435 dominium,
642 1389 884 1426 monarchiae
906 1391 1090 1438 quaedam
1124 1392 1291 1440 epitome
1315 1388 1374 1427 est.
1433 1390 1580 1438 Cicero,
1601 1392 1650 1430 de

44 1444 220 1495 Pompeii
237 1456 372 1483 contra
386 1443 584 1481 Caesarem
600 1455 786 1493 apparatu,
803 1443 964 1481 scribens
979 1446 1023 1482 ad
1041 1445 1215 1482 Atticum
1233 1458 1244 1481 .·
1274 1441 1475 1493 Confilium
1491 1446 1647 1497 (inquit)

47 1490 239 1552 v{Al-‘ib'rr‘tpie’t'i,
263 1496 383 1552 plane
411 1494 722 1548 Themistocleum
747 1496 797 1549 est
815 1512 827 1535 .·
859 1505 984 1551 putat
1013 1500 1124 1547 enim,
1152 1500 1220 1552 qui
1252 1500 1351 1536 mari
1370 1499 1538 1550 potitur,
1566 1512 1650 1538 eum

47 1555 174 1593 fferam·
192 1555 331 1608 potiri.
386 1554 517 1602 Atque
537 1553 736 1591 Caesarem
765 1553 965 1603 Pompeius
988 1554 1239 1606 proculdubio
1271 1554 1467 1592 delass'ass'et
1491 1557 1527 1592 ὃ(
1550 1557 1650 1593 attri-

45 1608 251 1665 *fflstt'ssnffi
280 1611 382 1647 inani
406 1607 537 1646 fiducia
552 1608 713 1655 inflatus,
742 1609 787 1645 ab
810 1607 879 1646 illo
905 1607 1057 1661 incepto
1080 1607 1270 1647 destit'iss'et.
1326 1608 1474 1647 Proelia
1493 1612 1648 1657 navalia,

43 1664 330 1714 quaffri‘fuerint
357 1665 563 1710 momenti,
593 1676 635 1701 ex
659 1664 788 1701 multis
804 1665 983 1713 exemplis
999 1674 1111 1716 patet.
1169 1665 1300 1714 Pugna
1314 1664 1359 1701 ad
1376 1664 1533 1701 Afflum
1547 1665 1645 1702 orbis

45 1716 245 1772 imperium
274 1717 549 1757 determinavit.
609 1720 738 1768 Pugna
756 1719 806 1756 ad
826 1718 962 1756 insulas
985 1719 1202 1756 Cui-solares
1216 1720 1398 1756 circulum
1431 1720 1471 1756 in
1498 1720 1648 1758 naribus

44 1776 190 1814 'furcae
205 1774 337 1825 posuit.
394 1772 594 1811 Multoties
623 1784 722 1811 certe
751 1771 889 1820 evenit,
918 1784 959 1811 ut
979 1773 1154 1812 viCtoriae
1169 1775 1315 1811 navales
1343 1773 1460 1811 finem
1479 1773 1648 1812 summae

44 1829 136 1868 belli
155 1830 364 1868 attulerint.
423 1829 494 1867 Sed
510 1828 583 1865 hoc
598 1828 736 1866 factum
751 1829 810 1875 est,
827 1840 912 1866 cum
930 1829 1029 1866 aleae
1052 1828 1266 1875 hujusmodi
1276 1828 1512 1880 proeliorum
1527 1831 1647 1867 totius

42 1885 132 1923 belli
149 1885 301 1923 fortuna
323 1883 518 1922 commissa
542 1883 600 1920 est.
657 1884 753 1920 Illud
777 1883 936 1920 minime
956 1883 1127 1930 dubium,
1160 1884 1264 1931 quod
1283 1885 1347 1934 qui
1377 1885 1487 1920 maris
1502 1886 1647 1933 potitur

41 1941 232 1986 dominio,
261 1938 300 1976 in
317 1951 452 1988 magna
467 1937 632 1975 libertate
651 1936 736 1987 agit,
766 1940 804 1976 ὅ(
818 1948 979 1983 tantum,
1002 1949 1186 1987 quantum
1207 1939 1309 1985 velit,
1338 1938 1384 1975 de
1411 1938 1513 1975 bello
1528 1938 1646 1976 sume-

45 2008 85 2033 re
101 1994 243 2046 potest:
276 1993 340 2031 ubi
363 2004 506 2038 contra,
539 1995 602 2044 qui
623 1991 847 2030 terrestribus
871 1992 986 2042 copiis
1015 1993 1064 2030 est
1092 1991 1270 2042 superior,
1298 1991 1543 2030 nihilominus
1566 1995 1646 2045 plu-

43 2049 150 2088 rimis
172 2049 348 2100 angustiis
376 2047 622 2085 conflictatur.
679 2049 733 2085 At
754 2047 879 2094 hodie,
913 2059 1025 2096 atque
1053 2048 1148 2097 apud
1182 2060 1254 2085 nos
1280 2049 1508 2098 Europaeos,
1536 2046 1644 2086 fiun-

42 2108 171 2155 quam,
199 2114 262 2142 aut
278 2104 431 2154 uspiam,
466 2103 636 2152 potentia
661 2103 799 2140 navalis
825 2103 931 2152 (quae
951 2101 1104 2150 quidem
1134 2101 1219 2139 huie
1245 2115 1363 2151 regno
1379 2101 1587 2140 Britanniae
1603 2105 1643 2141 in

42 2161 173 2198 dotem
197 2156 318 2208 cellit)
349 2158 487 2196 summi
507 2158 552 2193 ad
569 2170 694 2194 rerum
722 2157 860 2207 fastigia
879 2160 1070 2195 momenti
1086 2158 1151 2198 cst3
1179 2168 1260 2194 tum
1282 2159 1368 2206 quia
1377 2159 1550 2208 pleraque
1573 2160 1644 2195 Eu—

43 2226 160 2267 ropae
182 2227 295 2264 regna
323 2214 594 2250 mediterranea
617 2209 829 2261 simpliciter
846 2224 925 2249 non
947 2212 1044 2258 sunt,
1078 2212 1139 2249 scd
1164 2211 1325 2248 maxima
1350 2224 1394 2249 ex
1418 2223 1522 2263 parte
1551 2211 1643 2250 mari

39 2271 182 2310 ‘einim
216 2280 300 2306 tum
318 2270 443 2314 etiam,
472 2267 557 2315 quia
573 2267 764 2315 utriusque
780 2268 906 2304 Indiae
921 2266 1078 2304 thesauri
1093 2269 1129 2304 ὃ(
1145 2279 1247 2316 opes,
1268 2266 1430 2316 imperio
1444 2269 1566 2314 matis,
1582 2280 1641 2307 ve-

43 2324 115 2363 luti
129 2324 370 2362 accessorium
391 2323 570 2369 quiddam
585 2321 751 2358 existunt.

40 2382 77 2400 ²··
101 2391 164 2417 10.
195 2380 333 2416 BELLA
355 2378 551 2422 moderna,
580 2378 695 2413 veluti
726 2377 766 2413 ln
785 2375 947 2413 tenebris
969 2375 1076 2425 gesta,
1104 2374 1244 2413 censeri
1263 2375 1424 2428 poss'unt,
1454 2387 1541 2425 prae
1560 2377 1641 2425 glo-

45 2434 153 2481 rias&
181 2434 315 2471 decore
339 2431 452 2478 vario,
487 2444 580 2483 quae
603 2431 641 2468 in
664 2430 838 2468 homines
859 2430 1046 2478 militares,
1076 2431 1202 2480 priscis
1215 2430 1463 2479 temporibus,
1493 2442 1512 2468 a
1533 2432 1640 2469 rebus

45 2490 187 2527 bellicis
227 2487 360 2525 resilire
399 2487 579 2523 solebant.
636 2487 824 2523 Habemus
849 2486 975 2532 hodie,
1008 2486 1155 2523 fortasse
1178 2486 1225 2522 ad
1261 2486 1409 2522 animos
1437 2484 1639 2532 faciendos,

41 2544 192 2582 ordines
211 2542 392 2592 quosdam
410 2541 636 2578 honorificos
659 2539 826 2587 militiae,
855 2539 919 2588 qui
934 2552 1062 2577 tamen
1083 2542 1157 2587 jam
1182 2540 1268 2577 faeti
1285 2539 1368 2577 sunt
1397 2541 1435 2576 ὅ(
1462 2542 1576 2577 armis
1601 2544 1639 2578 δε

43 2599 156 2650 <togae
173 2609 409 2636 communes.
466 2596 588 2633 Etiam
607 2595 644 2632 in
666 2596 775 2633 scutis
789 2594 985 2645 gentilitiis
1013 2595 1204 2632 stemmata
1227 2594 1414 2631 nonnulla
1429 2594 1635 2633 habemus:

43 2654 196 2704 Insuper
220 2652 378 2701 hospitia
393 2652 575 2699 quaedam
604 2650 762 2702 publica,
786 2649 966 2687 militibus
990 2649 1154 2687 emeritis
1180 2651 1217 2686 «Sc
1241 2650 1424 2686 mutilatis
1448 2648 1637 2698 destinata,

45 2708 325 2753 &hujusmodr
383 2708 539 2751 Verum,
568 2706 664 2757 apud
694 2716 847 2752 veteres,
884 2707 925 2741 in
959 2706 1063 2751 locis,
1097 2703 1160 2741 ubi
1192 2704 1366 2741 vistoriae
1394 2714 1518 2754 partae
1539 2703 1636 2752 sunt,

43 2764 204 2801 ex'trusta
220 2762 395 2811 trophaea
412 2767 421 2801 ἴς
439 2759 667 2797 laudationes
682 2760 866 2805 funebres
883 2762 919 2796 δε
935 2769 1185 2796 monumenta
1201 2757 1395 2808 magnifica
1409 2759 1635 2798 occumben-

42 2817 136 2855 tium
152 2819 190 2855 in
207 2819 319 2855 bello.
378 2817 557 2852 Coronae
572 2813 717 2861 civicae,
737 2816 925 2861 militares,
946 2812 1094 2863 singulis
1107 2812 1306 2850 concess‘ae.
1339 2814 1498 2850 Nomen
1513 2813 1633 2864 ipsum

44 2872 302 2924 imperatoris3
331 2871 434 2920 quod
456 2870 576 2919 postea
604 2881 705 2918 reges
728 2868 879 2906 maximi
899 2881 920 2905 a
934 2867 1021 2906 belli
1042 2867 1194 2905 ducibus
1208 2867 1504 2908 mutuati-*sunm
1535 2869 1636 2906 rede-

43 2920 193 2964 'unt-lum
217 2928 369 2973 dueum,
405 2924 507 2962 bellis
537 2923 707 2975 prospere
731 2922 922 2969 confectis,
949 2923 1113 2960 celebres
1127 2921 1308 2972 triumphi
1322 2939 1336 2964 5
1365 2922 1553 2968 donativa,
1582 2934 1634 2959 at-

43 2993 117 3030 que
138 2982 355 3032 largitiones
384 2979 555 3029 ingentes
595 2980 637 3015 in
666 2977 816 3024 milites,
846 2977 912 3014 sub
945 2979 1176 3015 exercituum
1203 2973 1473 3014 dimiffionem.
1532 2979 1635 3014 'Haec

43 3034 234 3086 (inquam)
251 3047 309 3073 tot
326 3038 362 3073 ὃ(
376 3046 478 3073 tanta
498 3034 661 3080 fuerunt,
678 3036 715 3070 ὅ(
736 3044 814 3070 tam
835 3030 965 3083 insigni
983 3032 1179 3083 splendore
1194 3031 1436 3078 coruscantia,
1462 3041 1502 3069 ut
1516 3032 1638 3084 pecio-

1542 3086 1648 3122 ribus

1752 211 1848 261 247
