2040 3439
64 201 202 252 Lib.1.
415 198 744 248 NOVUM
821 202 1297 249 ORGANUM.

66 315 107 342 ac
125 302 151 342 fi
166 305 206 341 in
226 301 427 354 scriptione
450 310 514 339 aut
533 296 789 353 impreffione‚
818 313 892 339 una
919 301 1017 340 forte
1040 303 1146 339 litera
1161 311 1223 340 aut
1246 304 1372 349 altera,
1392 309 1583 355 perperam
1600 310 1665 354 po⁴

60 355 125 396 fita
151 368 214 396 aut
236 359 420 396 collocata
447 355 489 393 fit
504 373 518 398 ‚-
550 356 586 393 id
607 357 711 392 enim
731 357 921 405 legentem
940 368 1020 394 non
1037 358 1202 395 multum
1218 357 1400 409 impedire
1414 357 1518 405 solet,
1548 372 1664 408 quan-

61 412 264 462 doquidem
284 422 400 450 errata
417 412 463 448 ab
483 409 563 459 ipso
579 410 681 448 sensu
706 410 811 447 facile
837 410 1087 461 corriguntur.
1144 413 1197 449 Ita
1225 413 1335 450 etiam
1356 412 1522 462 cogitent
1539 414 1659 451 homi-

61 481 138 513 nes,
167 469 286 505 multa
310 468 350 504 in
378 465 524 503 historia
554 466 714 502 naturali
729 467 980 514 experimenta
999 466 1092 504 falso
1121 468 1220 504 credi
1243 470 1278 505 ὅ(
1296 466 1404 520 recipi
1420 468 1544 518 poss'e3
1565 481 1660 517 quae

59 525 170 573 paulo
183 521 262 572 post
276 534 296 558 a
313 519 423 558 caulis
443 523 480 557 ὅ(
508 520 754 557 axiomatibus
777 520 936 558 inventis
963 521 1070 559 facile
1086 532 1348 573 expunguntur
1369 522 1407 558 δε
1428 524 1658 565 rejiciuntur.

61 577 132 616 Sed
160 587 285 614 tamen
314 587 444 613 verum
473 575 532 621 est,
563 573 587 612 fi
610 576 649 612 in
667 573 814 612 historia
829 577 987 613 naturali
1003 579 1039 613 &
1059 579 1333 628 experimentis,
1364 589 1500 627 magna
1525 581 1561 616 ὅ(
1584 591 1657 616 cre-

59 633 123 669 bra
150 634 186 669 &
205 633 386 668 continua
401 629 540 668 fuerint
553 640 682 676 errata,
710 631 774 667 illa
788 631 888 668 nulla
906 632 1048 680 ingenii
1065 642 1126 668 aut
1147 633 1232 668 artis
1252 630 1426 669 felicitate
1442 636 1579 684 corrigi
1596 646 1659 672 aut

57 688 246 724 emendari
271 685 380 735 poss'e.
439 687 563 736 Itaque
591 683 615 720 fi
643 686 681 722 in
710 684 856 722 historia
876 686 996 722 nostra
1016 685 1185 733 naturali,
1216 699 1311 735 quae
1335 696 1437 724 tanta
1461 687 1659 738 diligentia

57 743 92 779 ὅ(
112 740 309 786 severitate,
338 743 374 777 ὅ(
395 740 472 777 fere
494 739 675 789 religione
694 739 850 789 probata
865 743 902 778 &
929 741 1085 778 collecta
1109 740 1170 787 est,
1199 741 1340 790 aliquid
1370 743 1409 778 in
1434 745 1658 794 particulari-

56 797 124 834 bus
146 796 374 847 quandoque
391 793 497 832 subsit
521 793 683 831 falsitatis
706 802 767 831 aut
791 798 950 836 errori33
980 795 1069 844 quid
1089 796 1242 832 tandem
1266 796 1312 833 dc
1334 796 1491 842 naturali
1512 797 1657 838 historia

61 852 214 901 vulgari,
243 863 336 899 quae
351 861 437 901 prae
458 850 578 886 nostra
607 859 683 886 tam
712 850 908 898 negligens
928 849 976 887 est
992 853 1027 887 ὃ(
1044 849 1168 896 facilis,
1192 848 1394 888 dicendum
1412 853 1503 889 erit?
1533 865 1594 890 aut
1609 855 1656 892 de

56 904 288 958 philosophia
308 907 345 942 ὅ(
373 903 526 941 scientiis
554 904 658 953 super
674 902 889 949 hujusmodi
903 916 1030 941 arenas
1048 904 1121 955 (vel
1141 904 1252 953 syrtes
1277 904 1412 956 potius)
1430 907 1655 946 aedificatis?

51 962 176 1012 Itaque
202 961 275 998 hoc
297 960 400 1008 quod
429 959 602 1006 diximus,
633 960 829 996 neminem
861 969 1022 997 moveat.

106 1016 241 1053 CXIX.
271 1016 587 1052 OCCURRENT
621 1015 734 1052 etiam
755 1014 795 1050 in
821 1011 968 1051 historia
987 1012 1109 1051 nostra
1124 1016 1159 1052 δε
1181 1015 1444 1067 experimentis
1472 1017 1656 1068 plurimae

50 1081 132 1111 res3
150 1071 276 1122 primo
297 1071 390 1108 leves
414 1071 451 1106 &
465 1070 646 1117 vulgatae,
674 1062 811 1105 deinde
832 1066 921 1107 viles
941 1070 978 1106 δε
994 1070 1200 1115 illiberaleS,
1231 1070 1420 1122 postremo
1440 1070 1549 1108 nimis
1569 1073 1646 1110 sub-

51 1126 135 1162 tiles
152 1136 195 1162 ac
214 1136 317 1162 mere
338 1124 590 1176 speculativae,
620 1126 657 1160 δε
685 1121 783 1172 quasi
808 1125 948 1162 nullius
972 1123 1078 1161 usus:
1109 1125 1225 1177 Quod
1253 1137 1370 1175 genus
1391 1138 1517 1164 rerum
1533 1124 1654 1165 hoini-

51 1192 146 1218 num
165 1180 280 1218 studia
301 1189 465 1217 averrere
489 1181 525 1216 ὅ(
544 1180 707 1215 alienare
731 1175 857 1230 possit.

101 1234 280 1287 ATQJE
301 1235 348 1272 de
378 1232 448 1270 istis
472 1234 592 1277 rebus,
622 1244 715 1282 quae
735 1233 909 1271 videntur
935 1235 1116 1283 vulgatae,
1147 1234 1240 1272 illud
1255 1234 1432 1273 homines
1452 1237 1652 1285 cogitent3

48 1287 168 1327 solere
194 1290 278 1326 sane
306 1301 370 1326 eos
399 1288 517 1325 adhuc
545 1288 640 1324 nihil
661 1287 761 1325 aliud
789 1300 907 1338 agere,
935 1301 1047 1339 quam
1071 1299 1113 1326 ut
1137 1301 1284 1336 eorum,
1323 1303 1418 1338 quae
1446 1303 1526 1328 rara
1554 1291 1652 1339 sunt,

47 1343 168 1382 causas
187 1344 232 1381 ad
255 1356 308 1390 ea,
336 1355 429 1393 quae
457 1343 670 1394 frequenter
685 1343 794 1387 fiunt,
822 1343 983 1380 referant
1013 1346 1049 1381 ὃ(
1068 1345 1360 1382 accommodent
1377 1361 1390 1387 5
1421 1355 1456 1383 at
1473 1345 1651 1396 ipsorum,

46 1410 142 1447 quae
169 1400 387 1448 frequenter
407 1400 596 1443 eveniunt,
625 1399 745 1435 nullas
763 1397 885 1435 causas
914 1400 1119 1447 inquirant,
1150 1398 1210 1435 sed
1225 1412 1266 1436 ea
1281 1398 1353 1451 ipsa
1374 1399 1551 1452 recipiant
1573 1412 1651 1439 tan-

48 1465 161 1505 quam
188 1453 355 1491 eoncess'a
375 1456 412 1490 ὅ(
431 1451 589 1489 admista.

101 1509 290 1560 nmquis
310 1520 390 1545 non
411 1506 597 1557 ponderiS,
627 1518 707 1543 non
734 1508 934 1544 rotationis
950 1507 1177 1554 coelestium,
1206 1521 1286 1545 non
1315 1509 1462 1555 caloris,
1488 1522 1570 1547 non
1590 1509 1651 1548 fri-

47 1565 162 1617 goris,
190 1575 272 1600 non
297 1564 462 1609 luminis,
492 1574 572 1599 non
601 1561 695 1608 duri,
725 1573 805 1598 non
829 1564 971 1610 mollis,
999 1575 1080 1599 non
1095 1564 1230 1609 tenuis,
1255 1575 1336 1600 non
1355 1562 1469 1611 denli,
1509 1577 1590 1603 non
1612 1565 1651 1602 li-

47 1618 164 1669 quidi,
193 1630 275 1656 non
294 1615 532 1663 consistentis,
562 1628 643 1653 non
676 1614 840 1662 animati,
878 1630 959 1654 non
997 1619 1207 1664 inanimati,
1237 1631 1318 1655 non
1352 1617 1531 1666 fimum-is,
1566 1633 1650 1659 non

47 1669 276 1719 diffimilaris‚
304 1684 374 1709 nec
404 1672 560 1708 demum
588 1671 756 1720 organici
786 1671 907 1708 causas
936 1682 1145 1720 quaerunt5
1175 1673 1238 1710 scd
1270 1673 1343 1709 illis
1371 1684 1549 1722 tanquam
1580 1688 1650 1726 pro

46 1728 279 1765 evidentibus
303 1729 339 1764 ὅ(
363 1725 557 1764 manifestis
574 1727 739 1775 receptis,
768 1726 814 1763 de
834 1729 986 1764 caeteris
1005 1727 1126 1772 rebus,
1156 1740 1249 1776 quae
1271 1740 1353 1765 non
1381 1738 1458 1765 tam
1480 1729 1649 1778 frequen-

48 1792 105 1820 tet·
125 1785 161 1820 ὃς
187 1781 414 1819 familiariter
435 1790 647 1826 occurrunt,
677 1780 865 1831 disputant
895 1784 931 1818 ὃς
957 1782 1134 1826 judicant.

97 1839 199 1876 Nos
218 1849 321 1883 vero,
336 1838 401 1884 qui
423 1836 503 1874 satis
524 1835 667 1881 scimus,
684 1837 831 1872 nullum
844 1836 890 1872 de
911 1837 1019 1873 rebus
1033 1838 1121 1873 raris
1137 1847 1198 1874 aut
1219 1836 1446 1875 notabilibus
1465 1839 1648 1884 judicium

43 1890 124 1930 fieri
150 1891 263 1943 poss'e,
291 1894 416 1928 multo
441 1892 564 1927 minus
580 1902 635 1927 res
651 1900 765 1926 novas
789 1891 828 1927 in
850 1891 973 1928 lucem
995 1891 1176 1940 protrahi,
1207 1892 1342 1940 absque
1357 1894 1566 1942 vulgarium
1592 1907 1646 1931 re-

45 1959 130 1984 rum
146 1944 266 1984 >causis
282 1948 316 1983 ὅ(
333 1946 521 1983 causarum
542 1943 652 1982 causis
678 1947 747 1981 rite
776 1944 990 1982 examinatis
1011 1948 1047 1983 δε
1078 1948 1254 1995 repertis;
1283 1947 1484 1984 necesshrio
1512 1948 1557 1984 ad
1591 1961 1646 1986 res

44 1998 312 2052 vulgariffimas
337 2000 374 2038 in
397 1999 582 2038 historiam
605 2000 765 2036 nostram
792 2000 1017 2049 recipiendas
1037 2000 1310 2051 compellimur.
1358 2002 1574 2053 Quinetiam
1593 2005 1647 2041 nil

45 2057 164 2106 magis
190 2055 447 2105 philosophiae
474 2053 635 2092 offccisse
666 2054 991 2106 deprehendimus,
1022 2067 1135 2104 quam
1165 2057 1269 2104 quod
1290 2058 1354 2103 rei,
1382 2068 1476 2104 quae
1510 2057 1646 2095 famili-

44 2123 122 2148 ares
143 2109 227 2148 sunt
241 2113 277 2148 ὅ(
291 2110 506 2159 frequenter
522 2120 734 2156 occurrunt,
756 2110 1120 2161 contemplationem
1135 2110 1336 2148 hominum
1351 2123 1433 2148 non
1448 2123 1646 2150 morentur

46 2167 83 2202 &
102 2164 304 2212 detineant,
335 2164 393 2202 sed
417 2166 641 2214 recipiantur
662 2165 797 2210 obiter,
828 2177 950 2213 neque
968 2177 1093 2201 earum
1117 2166 1242 2203 causae
1256 2168 1382 2217 quaeri
1399 2165 1568 2208 soleant3
1602 2180 1644 2205 ut

44 2232 126 2258 non
154 2219 290 2270 saepius
305 2222 512 2269 requiratur
533 2219 755 2256 informatio
775 2220 821 2256 de
838 2221 945 2256 rebus
964 2221 1117 2269 ignotis,
1145 2232 1257 2271 quam
1273 2222 1433 2258 attentio
1448 2222 1488 2258 in
1505 2223 1616 2259 notis.

99 2276 219 2312 CXX.
249 2276 393 2327 QUOD
415 2286 505 2311 vero
528 2275 572 2310 ad
601 2286 726 2310 rerum
754 2275 955 2311 utilitatem
970 2276 1116 2321 attinet,
1145 2277 1203 2312 vel
1227 2274 1338 2312 etiam
1355 2276 1641 2325 turpitudinem,

42 2330 177 2378 quibus
196 2328 256 2377 (ut
274 2331 326 2366 ait
342 2328 494 2376 Plinius)
516 2328 641 2365 honos
663 2328 877 2377 praefandus
898 2329 968 2370 cst3
997 2341 1060 2366 cae
1080 2341 1148 2375 res,
1177 2342 1259 2366 non
1279 2331 1405 2367 minus
1429 2342 1541 2379 quam
1569 2333 1643 2370 lau-

44 2380 204 2422 tissimae
221 2386 257 2422 ὅς
277 2380 564 2436 pretiosissimae,
593 2383 632 2420 in
653 2383 842 2420 historiam
870 2385 1076 2420 naturalem
1101 2383 1330 2436 recipiendae
1355 2383 1450 2422 sunt.
1507 2387 1644 2435 Neque

45 2449 238 2490 propterea
259 2440 441 2491 polluitur
465 2437 636 2475 naturalis
661 2437 830 2475 historia:
863 2440 927 2475 Sol
951 2438 1052 2475 enim
1077 2451 1194 2487 acque
1222 2441 1355 2490 palatia
1383 2440 1643 2478 &eloacasin-

43 2494 223 2542 graditur,
252 2506 373 2542 neque
396 2503 523 2530 tamen
552 2494 742 2543 polluitur&
802 2494 887 2530 Nos
908 2504 1033 2530 autern
1055 2506 1134 2531 non
1157 2494 1376 2543 capitolium
1400 2495 1553 2543 aliquod
1579 2507 1641 2534 aut

43 2549 274 2598 pyramidem
290 2548 492 2586 hominum
509 2547 696 2597 superbiae
710 2547 925 2585 dedicamus
941 2558 1002 2585 aut
1018 2550 1230 2595 condimus,
1259 2548 1320 2585 sed
1349 2550 1534 2601 templum
1564 2550 1642 2588 san-

44 2603 145 2640 ctum
167 2604 212 2641 ad
227 2605 412 2655 exemplar
427 2603 559 2640 mundi
574 2602 612 2639 in
638 2603 829 2639 iiitcllectu
850 2602 1019 2639 humano
1040 2603 1248 2641 fundamus.
1307 2605 1431 2652 ltaque
1452 2607 1640 2654 exemplar

45 2657 240 2708 sequimur.
297 2659 398 2696 Nam
420 2656 594 2706 quicquid
624 2658 772 2694 ess'entia
801 2655 957 2706 dignum
987 2657 1048 2702 cst,
1077 2658 1113 2694 id
1140 2657 1251 2695 etiam
1281 2657 1431 2695 scientia
1454 2659 1640 2708 dignumz

44 2724 136 2760 quae
159 2711 208 2750 est
230 2713 398 2750 essentiae
424 2714 562 2761 imago.
618 2712 672 2748 At
695 2714 782 2750 vilia
810 2724 925 2760 aeque
946 2710 1148 2759 subsistunt,
1177 2725 1218 2749 ac
1246 2713 1353 2750 lauta.
1409 2713 1641 2765 Quinetiam,

45 2776 89 2804 ut
111 2779 131 2804 e
152 2767 371 2814 quibusdam
399 2766 554 2818 putridis
582 2768 756 2813 materiis,
786 2768 901 2803 veluti
930 2766 1061 2804 musco
1090 2770 1127 2804 δε
1160 2766 1323 2814 zibetho,
1353 2768 1555 2816 aliquando
1575 2783 1639 2821 op-

45 2821 126 2859 timi
154 2823 290 2859 odores
315 2832 559 2871 generantum
589 2822 638 2858 ita
662 2823 699 2857 ὅ(
718 2823 765 2858 ab
787 2820 965 2858 instantiis
988 2820 1120 2858 vilibus
1144 2824 1180 2858 ὅ(
1215 2821 1382 2867 sordidis,
1412 2824 1640 2875 quandoque

43 2877 173 2913 eximia
193 2877 253 2914 lux
280 2880 314 2913 ὅ(
336 2877 559 2914 informatio
579 2886 738 2912 emanat.
794 2876 938 2914 Verum
962 2876 1008 2912 de
1032 2876 1105 2913 hoc
1134 2876 1242 2913 nimis
1270 2878 1409 2916 multa;
1438 2888 1526 2915 cum
1564 2881 1639 2917 hoc

43 2942 158 2980 genus
177 2931 303 2968 fastidii
327 2931 365 2968 lit
387 2933 495 2980 plane
522 2931 665 2982 puerile
685 2933 722 2968 &
749 2929 1049 2968 effoeminatum.

96 2985 230 3022 CXXI.
259 2986 331 3024 AT
355 2987 400 3023 de
423 2988 491 3022 illo
510 2984 672 3022 omnino
706 2987 822 3034 magis
837 2995 1003 3022 accurate
1018 2984 1286 3035 dispiciendum
1305 3000 1312 3022 :
1341 2987 1457 3039 Quod
1481 2989 1641 3036 plurima

39 3039 80 3075 in
109 3038 253 3076 historia
274 3042 394 3079 nostra
426 3039 548 3091 captui
569 3041 724 3089 vulgari,
753 3050 816 3078 aut
847 3041 960 3076 etiam
992 3040 1106 3078 cuivis
1137 3041 1357 3088 intellec'iui,
1390 3043 1510 3088 (rebus
1539 3055 1636 3092 prae-

96 3094 208 3131 Vot„
239 3096 263 3132 I.
778 3106 780 3108 ·
833 3096 914 3145 (ζῆ
945 3105 964 3130 2
1476 3096 1636 3132 lentibus

1736 219 1829 266 307
