2040 3439
82 191 228 240 Lib.1.
295 194 400 252 DE
453 193 955 249 AUGMENTJS
1007 194 1616 243 SCIENTIARUM.

81 293 130 328 lia
151 291 320 340 peditum
342 288 538 338 Babylone
557 289 597 326 in
615 290 810 327 Graeciam
826 292 983 333 reduxit,
1011 303 1078 343 pcr
1093 291 1233 329 medias
1252 294 1348 342 regis
1368 296 1590 342 provincias,
1611 307 1693 333 om-

79 345 191 396 nibus
213 346 290 391 ejus
305 346 422 394 copiis
437 343 569 381 frustra
591 344 875 383 obnitentibus:
905 359 984 395 quo
1002 347 1101 384 faCto
1123 348 1309 397 stuporem
1341 347 1469 392 injecit
1498 350 1688 387 omnibus.

81 400 231 437 Graccis
251 410 374 437 autem
396 400 441 436 ab
463 411 511 435 co
536 408 711 450 tempore
739 401 910 449 ingentes
930 402 1073 439 addidit
1097 404 1246 439 animos
1262 405 1299 440 ὃς
1315 403 1471 452 spiritus,
1501 405 1548 441 ad
1572 405 1691 443 Persa-

80 467 166 493 rum
189 466 350 504 regnum
371 453 626 492 invadendum
655 457 692 492 ὅ(
716 455 1018 494 subvertendum.
1074 458 1189 508 Qiod
1215 460 1251 495 ὃς
1274 470 1365 495 mox
1388 458 1565 508 cogitavit
1592 459 1689 505 sanc,

81 513 118 563 ὃς
145 507 345 558 designavit
369 508 485 561 jason
506 508 723 551 Thessalum
752 514 910 551 tentavit
942 514 979 549 <Sc
1012 511 1203 549 inchoavit
1232 511 1424 562 Agesilaus
1460 516 1688 566 Spartanum

78 563 232 614 perfecit
258 565 415 602 demum
433 563 650 601 Alexander
668 565 843 612 Macedo,
871 578 1006 603 omnes
1022 566 1157 604 literati
1182 567 1279 604 istius
1306 568 1440 619 praevii
1465 571 1619 619 egregio
1638 571 1688 608 fa-

81 631 211 669 cinore
227 630 383 657 incitati.

134 675 160 711 P
175 685 410 712 ERGAMUS
435 673 481 711 ab
501 676 741 724 imperatoria
763 674 988 723 militarique
1009 676 1147 713 virtute
1170 678 1216 714 ad
1235 678 1420 714 moralem
1446 681 1482 716 ὃ(
1497 691 1579 717 eam
1595 693 1689 728 quae

82 727 131 768 cst
144 727 347 766 hominum
367 730 613 780 privatorum.
670 731 815 777 Primo,
845 727 1092 769 certissimum
1109 730 1157 768 est
1173 732 1267 770 illud
1283 734 1438 783 poetae:

372 835 532 877 Scilicet
546 839 732 891 ingenuas
753 837 928 891 didiciffe
941 837 1120 890 fideliter
1146 847 1255 878 artes

439 891 612 932 Emollit
631 906 764 941 mores,
794 906 863 932 nec
872 892 973 942 sinit
996 891 1066 945 effe
1083 893 1210 948 feros.

80 1003 254 1042 Eruditio
277 1001 457 1052 siquidem
478 1003 657 1041 humanas
678 1015 825 1042 mentes
840 1003 983 1042 feritate
1008 1015 1121 1053 atque
1144 1005 1313 1042 barbarie
1335 1004 1443 1044 exuit.
1501 1008 1684 1047 Verunta-

74 1070 169 1111 men
186 1070 280 1110 opus
300 1059 360 1106 est,
390 1070 429 1096 ut
445 1070 616 1097 accentus
637 1058 677 1096 fit
702 1061 742 1096 in
770 1073 864 1098 voce
890 1061 954 1097 illa
970 1057 1158 1111 fideliter.
1217 1062 1320 1098 Nam
1337 1062 1578 1100 tumultuaria
1599 1076 1686 1114 cog-

80 1112 178 1151 nitio
191 1113 306 1164 fledtit
325 1113 447 1164 potius
466 1112 505 1151 in
521 1117 776 1156 contrarium
804 1115 980 1162 eruditio,
1009 1116 1177 1163 inquam,
1198 1116 1401 1163 levitatem,
1418 1120 1684 1166 temeritatem,

78 1178 189 1221 atque
208 1167 446 1207 insolentiam
463 1171 577 1216 tollit,
607 1170 699 1208 dum
720 1172 852 1208 omnia
872 1172 1034 1220 pericula
1050 1173 1086 1208 ὃς
1110 1170 1280 1220 ambigua
1306 1169 1412 1208 simul
1436 1185 1521 1209 cum
1547 1186 1586 1210 re
1611 1175 1686 1223 ipsa

77 1220 262 1272 suggerit3
291 1227 483 1262 rationum
505 1228 540 1262 ὅ(
556 1236 868 1273 argumentorum
894 1226 1063 1276 pondera
1089 1227 1130 1262 in
1156 1236 1352 1276 utramque
1381 1238 1524 1275 partem
1550 1229 1682 1270 librat3

73 1280 195 1327 prima
222 1292 391 1327 quaeque
411 1291 505 1328 quac
526 1280 561 1317 se
581 1279 748 1317 offerunt
770 1282 914 1326 animo,
943 1279 1051 1329 eique
1067 1281 1241 1327 arrident,
1271 1293 1344 1331 pro
1360 1281 1529 1333 suspeciis
1550 1283 1682 1326 habers

75 1334 223 1383 iterque
235 1346 352 1371 omne
366 1345 545 1383 tanquam
561 1335 794 1384 exploratum
809 1334 903 1372 inire
915 1336 1037 1373 docet.
1093 1336 1236 1372 Eadem
1246 1336 1538 1375 admirationem
1555 1351 1682 1376 rerum

75 1399 211 1427 vanam
235 1391 272 1426 &
296 1391 455 1426 nimiam
479 1391 617 1435 evellit,
647 1391 810 1427 radicem
826 1389 943 1441 ipsam
963 1391 1089 1428 omnis
1109 1389 1251 1427 infirmi
1267 1389 1435 1428 consilii:
1466 1395 1602 1442 quippe
1623 1395 1684 1432 ad-

76 1442 257 1482 miramur
279 1457 349 1490 res,
379 1446 436 1482 vel
461 1446 548 1493 quia
572 1457 692 1482 novae
718 1444 803 1482 sunt
827 1446 885 1484 vel
906 1447 993 1493 quia
1019 1456 1190 1493 magnae.
1246 1446 1444 1497 Quantum
1470 1448 1515 1484 ad
1539 1450 1683 1486 novita-

71 1495 168 1550 tem,
195 1511 313 1536 nemo
335 1499 384 1536 cst
399 1501 463 1547 qui
483 1501 606 1537 literas
622 1501 659 1537 ὅ(
673 1511 802 1537 rerum
816 1500 1182 1551 contemplationem
1197 1501 1559 1551 penitusimbiberit,
1590 1505 1683 1552 quin

76 1552 170 1590 illud
194 1554 298 1591 cordi
327 1554 542 1604 impressum
569 1555 712 1602 habeat,
743 1551 828 1593 Nil
848 1555 944 1592 novi
959 1553 1079 1606 fitper
1107 1560 1263 1591 terram.
1321 1556 1459 1603 Neque
1483 1556 1584 1594 enim
1617 1570 1683 1607 pu-

73 1619 206 1657 parum
233 1609 364 1646 ludum
393 1609 590 1658 quilquam
617 1621 847 1662 magnopere
874 1609 1082 1656 mirabitur,
1113 1611 1179 1657 qui
1206 1622 1308 1661 pone
1335 1611 1460 1647 aulaea
1487 1622 1596 1663 caput
1626 1616 1682 1650 in-

74 1661 208 1710 serenS‚
238 1676 379 1713 organa
401 1665 536 1713 quibus
564 1675 780 1712 moventur,
810 1667 847 1703 ὅ(
861 1664 1052 1702 filamenta
1066 1667 1198 1702 cernit.
1256 1666 1453 1717 Quantum
1475 1667 1519 1703 ad
1540 1670 1683 1717 magni-

73 1719 259 1766 tudinem,
288 1720 612 1768 quemadmodum
625 1720 842 1757 Alexander
857 1721 1033 1770 Magnus,
1062 1718 1278 1768 ingentibus
1293 1721 1446 1771 proeliis
1461 1723 1498 1758 ὅ(
1516 1723 1681 1760 victoriis

75 1775 115 1811 in
131 1771 219 1810 Afia
237 1775 403 1822 assuetus,
432 1787 520 1813 cum
541 1776 731 1813 interdum
747 1777 930 1825 acciperet
952 1788 973 1812 e
988 1776 1142 1812 Graecia
1157 1774 1290 1821 literas,
1320 1776 1367 1813 de
1382 1776 1683 1825 expeditionibus

70 1831 114 1883 b&
136 1828 441 1868 dimicationibus
468 1830 690 1882 quibusdam
715 1829 792 1868 illic
817 1831 933 1878 factis,
972 1843 1067 1880 quae
1094 1830 1304 1882 plerunque
1332 1842 1487 1882 propter
1520 1843 1681 1883 pontem

73 1884 253 1934 aliquem,
283 1895 345 1922 aut
369 1885 568 1933 castellum,
597 1896 659 1923 aut
679 1886 724 1923 ad
745 1886 936 1924 summum
959 1898 1030 1936 pro
1058 1886 1335 1937 expugnatione
1366 1887 1495 1935 oppidi
1525 1889 1680 1932 alicujus

73 1937 373 1990 suscipiebantur,
401 1941 523 1978 dicere
539 1941 680 1979 solebat
698 1955 708 1982 3
738 1938 869 1979 videri
875 1938 952 1991 fibi
975 1941 1157 1979 nuncium
1179 1937 1345 1977 allatum
1373 1938 1420 1977 de
1434 1952 1615 1979 ranarum
1631 1939 1679 1984 όν

75 1995 239 2034 murium
261 2003 409 2047 pugna,
451 1993 498 2033 de
523 2008 600 2049 qua
633 1994 856 2034 Homerus:
900 1995 958 2034 Sic
986 2006 1099 2043 certe,
1138 1996 1204 2044 qui
1234 1993 1510 2033 universitatem
1540 2010 1677 2044 rerum,

75 2049 224 2100 ejusque
239 2050 418 2088 fabricam
441 2048 642 2099 intueatur,
670 2052 727 2088 illi
747 2061 866 2089 terrae
886 2052 1034 2102 globuS,
1062 2062 1150 2089 cum
1165 2050 1384 2087 hominibus
1400 2050 1681 2102 superstantibus

80 2102 121 2152 <si
150 2103 384 2143 divinitatem
413 2108 625 2145 animarum
655 2106 823 2156 seponas)
850 2107 948 2145 haud
976 2107 1096 2154 majus
1120 2104 1312 2155 quidpiam
1340 2103 1534 2152 videbitur,
1564 2119 1678 2156 quam

73 2161 271 2198 colliculus
294 2161 565 2203 formiearum3
594 2174 754 2211 quarum
772 2164 864 2199 aliae
887 2174 973 2200 cum
994 2160 1128 2211 granis,
1158 2160 1246 2198 aliae
1269 2172 1356 2197 cum
1379 2159 1457 2196 ovis
1473 2160 1555 2207 suis,
1585 2164 1677 2199 aliae

73 2226 221 2262 vacuae,
252 2228 386 2252 omnes
410 2216 499 2253 hinc
519 2217 608 2254 inde
628 2218 724 2253 circa
747 2219 922 2265 exiguum
951 2216 1148 2268 pulvisculi
1177 2227 1351 2252 acervum
1371 2226 1517 2266 reptant
1542 2219 1577 2253 ὃς
1598 2229 1678 2253 cur-

73 2266 193 2309 fitam.
249 2271 371 2307 Porro
386 2271 551 2308 eruditio
565 2272 696 2318 aufert,
724 2281 786 2308 aut
801 2271 929 2308 saltem
954 2272 1093 2307 minuit
1113 2271 1295 2307 timorem
1310 2272 1456 2316 mortis,
1483 2280 1596 2319 atque
1617 2272 1678 2308 ad-

74 2325 198 2364 versae
226 2325 412 2372 fortunae,
442 2338 520 2374 quo
549 2326 644 2363 nihil
672 2325 788 2376 magis
813 2326 1011 2364 virtutibus
1036 2324 1278 2372 moribusque
1301 2321 1453 2361 officere
1476 2325 1580 2362 solet.
1639 2328 1678 2364 Si

73 2383 178 2418 euim
201 2378 347 2418 animus
367 2381 582 2432 cujuspiam,
610 2380 931 2430 contemplatione
947 2381 1186 2417 mortalitatis
1210 2382 1246 2416 &
1273 2391 1396 2416 rerum
1422 2390 1575 2417 naturae
1596 2393 1677 2418 cor-

76 2436 261 2486 ruptibilis
287 2436 454 2473 imbutus
478 2436 589 2473 fuerit
613 2438 650 2474 <Sc
673 2435 861 2483 intinetus,
892 2437 989 2481 juxta
1006 2447 1093 2473 cum
1109 2434 1280 2485 Epidcto
1297 2433 1454 2474 sentiet;
1483 2437 1560 2483 qui,
1589 2447 1679 2474 cum

74 2490 191 2542 pridie
205 2492 342 2537 exiens,
370 2489 630 2528 mulierculam
665 2492 716 2528 ob
740 2491 893 2529 fractam
921 2492 1037 2528 ollam
1058 2491 1271 2539 plorantem
1294 2499 1473 2535 cerneret,
1501 2490 1678 2540 postridie

74 2549 188 2585 etiam
226 2548 349 2583 exiens
379 2545 487 2583 aliam
521 2556 718 2584 mortuum
756 2545 877 2583 filinm
904 2546 1106 2583 deflentem
1140 2543 1384 2594 conspiceret,
1421 2544 1541 2586 dixit5
1571 2542 1676 2582 Heri

74 2599 163 2641 vidi
179 2597 372 2652 fragilem
389 2598 544 2652 frangi,
572 2599 685 2639 hodie
705 2598 794 2639 vidi
816 2598 1015 2638 mortalem
1035 2599 1141 2638 mori.
1197 2600 1323 2650 Quare
1342 2599 1487 2649 optime
1510 2601 1546 2637 ὅ(
1569 2601 1675 2638 valde

71 2655 254 2708 sapienter
270 2657 464 2705 Virgilius,
492 2655 755 2705 cognitionem
784 2656 975 2694 causarum
999 2667 1087 2694 cum
1111 2664 1231 2692 metus
1258 2652 1383 2690 omnis
1409 2653 1674 2704 profligatione

73 2712 274 2762 copulavit,
302 2720 482 2760 tanquam
503 2713 818 2749 concomitantia:

363 2800 481 2842 Felix
495 2803 562 2857 qui
569 2804 702 2856 potuit
717 2817 842 2843 rernm
857 2800 1073 2857 cognofiere
1087 2799 1235 2854 caustis,

364 2857 527 2917 Qtiqne
541 2866 667 2897 metus
680 2872 807 2898 omnes
824 2856 871 2902 ὠν
886 2855 1122 2897 inexorabile
1138 2855 1278 2917 fatum
1303 2897 1306 2899 Α

364 2911 539 2967 Subsecit
553 2911 729 2966 pedihus,
747 2912 1030 2968 strepitumque
1044 2909 1284 2951 Acherontis
1302 2912 1434 2951 avari.

74 2989 201 3029 Nimis
221 2992 381 3039 longum
402 2990 489 3028 ess‘et
509 2988 650 3039 fingula
667 3003 880 3040 percurrere
901 2988 1076 3035 remedia,
1106 3001 1201 3038 quae
1220 2986 1369 3038 singulis
1390 2989 1508 3025 animi
1530 2989 1673 3024 morbis

63 3044 242 3084 ,doctrina
269 3044 501 3096 suppeditats
536 3044 738 3095 aliquando
764 3044 917 3085 vitiosos
946 3045 1124 3084 humores
1148 3055 1365 3095 expurgans,
1394 3053 1673 3133 nonnunqisilam

1536 3109 1561 3132 O
1617 3109 1675 3133 tu·

79 3262 98 3301 ‘³6

1775 215 1834 263 55
