2040 3439
239 218 873 271 PARTITloNEs
923 221 1546 271 scmNTIARUM.
1779 237 1847 291 25.

780 374 903 420 L113.
956 375 1014 421 V.

139 470 176 510 'C
186 484 254 510 ΑΡ.
274 472 302 509 1.
333 471 494 510 Partitio
507 470 703 509 doetrinae
722 471 819 509 eirca
834 472 942 510 usum
957 475 994 511 δε
1009 473 1154 519 objecta
1170 473 1391 512 facultatum
1406 477 1554 514 animae
1567 476 1697 516 huma-

85 535 169 574 nae,
195 529 237 565 in
252 528 415 576 logicam
430 529 467 565 δί
481 526 656 564 ethicam.
714 528 1041 578 Partitiologicae‚
1070 530 1111 566 in
1128 539 1223 567 artes
1240 531 1470 578 inveniendi,
1490 532 1696 581 judicandI,

85 583 275 620 retinendi
291 584 328 620 &
341 581 526 619 tradendi.

139 637 505 675 CAP.11.Partitio
527 637 753 684 inventivae‚
789 629 830 674 in
853 637 1088 677 inventivam
1117 640 1257 678 artium
1290 641 1328 677 ὅ(
1350 651 1692 690 argumentorum:

84 693 263 741 quodque
277 689 380 753 prior
399 691 530 729 harum
548 689 659 741 (quae
673 693 830 740 eminet)
847 684 1085 731 desideretur.
1141 693 1323 731 Partitio
1314 697 1525 734 inventivae
1540 701 1692 748 artium,

80 749 124 785 in
150 747 420 799 experientiam
447 748 647 794 literatam,
685 749 723 784 &
756 759 946 797 organum
981 759 1139 786 novum.
1195 749 1416 787 Delineatio
1443 753 1692 801 experientiae

82 801 259 840 literatae.

134 857 518 895 CAP.111.-Partitio
541 856 754 895 invent1vae
777 867 1103 907 argumentorum,
1132 857 1172 894 in
1200 860 1497 910 promptuariam
1527 864 1564 900 ὃς
1592 866 1688 926 topi-

77 923 174 950 cam.
228 910 387 949 Partitio
412 914 571 961 topicae,
600 913 641 948 in
664 913 877 961 generalem
907 914 944 949 ὅ(
967 913 1239 962 particularem.
1295 914 1520 964 Exemplum
1540 919 1688 968 topicae

76 967 319 1020 particularis,
347 968 388 1004 in
409 965 542 1015 inquis
545 977 653 1004 tione
672 966 719 1003 de
742 968 846 1016 gravi
871 969 908 1004 &
933 968 1019 1005 levi.

133 1023 245 1060 CAP.
266 1023 332 1060 1V.
361 1023 520 1059 Partitio
548 1023 636 1058 artis
658 1021 858 1069 judicandi,
887 1023 928 1059 in
951 1023 1133 1069 judicium
1162 1034 1227 1072 per
1257 1023 1521 1064 inductionem
1548 1029 1586 1065 ὃς
1617 1041 1685 1081 per

75 1076 364 1127 syllogismum:
392 1078 571 1128 Quorum
594 1077 696 1125 prius
721 1088 790 1126 agg
793 1087 943 1126 regatur
966 1089 1113 1128 organo
1140 1090 1258 1116 novo,
1311 1080 1471 1118 Partitio
1485 1084 1607 1132 prima
1631 1085 1685 1131 ju-

76 1132 168 1170 dicii
185 1144 252 1182 per
275 1131 550 1182 syllogismum,
578 1132 619 1169 in
641 1131 902 1169 reductionem
925 1133 1063 1170 restam
1079 1136 1117 1171 ὅ(
1130 1133 1327 1172 inversam.
1382 1135 1541 1175 Partitio
1560 1138 1687 1177 sccun-

74 1187 124 1225 da
136 1188 228 1235 eim,
257 1188 299 1224 in
313 1188 550 1236 analyticam,
580 1189 617 1224 ὃ(
630 1186 843 1224 doctrinam
858 1188 906 1226 de
919 1187 1094 1226 elenchis,
1136 1189 1297 1227 Partitio
1310 1189 1504 1230 doetrinae
1518 1193 1565 1231 de
1582 1195 1683 1233 elen-

75 1241 168 1290 chis,
187 1243 228 1279 in
243 1241 421 1280 elenchos
443 1241 726 1293 sophismatum,
751 1242 930 1280 elenchos
953 1242 1182 1290 hermeniae,
1210 1246 1248 1281 δε
1270 1244 1480 1283 elenchos
1470 1250 1684 1298 imaginum

73 1295 147 1336 sve
169 1297 376 1335 idolorum.
432 1298 592 1335 Par-titio
618 1296 827 1343 idolorum,
863 1298 906 1335 in
932 1298 1035 1336 idola
1056 1297 1185 1345 tribus,
1224 1297 1325 1337 idola
1348 1299 1485 1349 specu3‚
1514 1280 1571 1341 &D
1577 1304 1684 1345 idola

73 1353 162 1391 fori.
217 1352 420 1402 Appendix
443 1350 529 1389 artis
556 1350 758 1398 judicandi,
788 1353 860 1392 viz.
889 1353 937 1391 de
963 1354 1136 1403 analogia
1152 1353 1517 1394 demonstrationum
1531 1370 1604 1408 pro
1617 1372 1682 1398 na-

76 1417 161 1446 tura
184 1407 348 1454 subjecti.

128 1463 240 1500 CAP.
256 1463 305 1500 V.
332 1462 492 1499 Partitio
513 1462 603 1498 artis
625 1460 812 1499 retinendi
835 1459 909 1500 five
925 1464 1142 1510 retentivae‚
1170 1461 1210 1499 in
1231 1462 1445 1502 doctrinam
1458 1467 1506 1504 de
1520 1468 1678 1506 admini-

72 1517 168 1556 culis
186 1517 406 1563 memoriae,
435 1518 473 1553 &
492 1516 705 1553 doctrinam
728 1516 776 1554 de
799 1519 985 1555 memoria
1000 1516 1086 1570 ipsa.
1142 1518 1302 1556 Partitio
1321 1518 1515 1560 docti-inae
1534 1522 1582 1560 de
1597 1535 1676 1562 me-

71 1571 195 1611 moria
212 1570 300 1622 ipsa,
327 1572 369 1608 in
382 1572 676 1622 praenotionem
690 1573 728 1609 δε
743 1571 942 1610 emblema.

753 1688 824 1736 L1
845 1706 880 1737 Β.
932 1689 1012 1739 VI.

125 1791 239 1830 CAP.
259 1790 288 1828 1.
315 1788 475 1828 Partitio
489 1786 700 1836 traditivae,
728 1790 770 1828 in
789 1788 1000 1828 doctrinam
1015 1786 1062 1829 de
1081 1802 1226 1842 organo
1242 1786 1436 1842 sermonis,
1465 1790 1679 1835 doctrinam

70 1846 313 1885 demethodo
322 1844 518 1892 sermonis,
531 1848 569 1883 ὅ(
583 1845 796 1882 doctrinam
811 1846 859 1882 de
874 1845 1119 1885 illustratione
1134 1846 1328 1886 sermonis.
1367 1850 1528 1888 Partitio
1543 1852 1678 1889 doitri-

68 1913 140 1939 nae
161 1902 210 1940 de
233 1912 380 1951 organo
402 1898 598 1947 sermonis,
626 1901 667 1937 in
682 1899 892 1938 dostrinam
908 1901 954 1938 de
969 1904 1071 1939 notis
1086 1915 1225 1950 rerum,
1254 1903 1302 1940 de
1327 1905 1537 1953 locutione,
1570 1909 1608 1943 ὅ(
1629 1907 1678 1944 de

68 1955 296 2009 scriptione:
332 1956 504 2007 Qarum
535 1956 630 1993 duae
665 1953 885 2004 posteriores
921 1959 1204 2005 grammaticam
1242 1959 1486 2007 constituunt,
1524 1961 1677 2010 ejusque

67 2013 292 2064 partitiones
310 2010 407 2048 sunt.
462 2011 624 2048 Partitio
637 2010 828 2048 doctrinae
843 2011 890 2047 de
904 2014 1006 2049 notis
1030 2024 1168 2059 rerum,
1189 2014 1229 2049 in
1244 2012 1525 2064 hieroglyphica
1540 2018 1577 2053 &
1591 2016 1673 2054 cha-

68 2067 224 2105 raderes
236 2066 362 2104 reales.
416 2064 575 2104 Partitio
591 2065 750 2103 secunda
764 2068 1042 2115 grammaticae,
1070 2066 1109 2104 in
1132 2044 1334 2105 li²terariam
1358 2071 1395 2106 ὃ(
1410 2070 1676 2121 philosophan-

66 2131 159 2160 tem.
211 2121 448 2171 Aggregatio
465 2121 623 2170 poeseos
636 2095 788 2170 quoad⁰
773 2130 953 2169 metrum,
981 2124 1027 2160 ad
1041 2123 1253 2160 doctrinam
1268 2124 1315 2160 de
1329 2124 1537 2163 locutione.
1595 2125 1676 2176 Ag-

66 2178 241 2227 gregatio
254 2176 447 2214 doetrinae
461 2175 508 2212 de
522 2175 672 2227 ciphri3‚
700 2175 747 2213 ad
764 2175 976 2214 dostrinam
991 2178 1038 2216 de
1058 2178 1271 2226 scriptione.

121 2233 234 2270 Car.
249 2232 294 2268 11.
323 2230 508 2268 Dofistina
535 2232 583 2268 de
612 2230 799 2268 methodo
824 2231 1021 2279 sermonis,
1050 2231 1287 2270 constituitur
1309 2242 1350 2270 ut
1372 2245 1454 2284 pars
1479 2233 1672 2274 traditivae

65 2285 292 2325 substantiva
318 2287 356 2323 &
379 2285 604 2335 principalis,
659 2286 820 2324 Nomen
849 2286 884 2322 ei
909 2286 1052 2324 inditur
1080 2287 1278 2337 prudentia
1311 2289 1516 2327 traditivae.
1571 2291 1672 2329 Enu-

65 2351 258 2380 merantur
277 2339 451 2378 methodi
465 2352 604 2391 gcnera
622 2338 777 2387 diversa,
806 2342 843 2377 ὅ(
857 2337 1132 2391 subjunguntur
1156 2353 1291 2379 eorum
1315 2343 1524 2381 commoda
1549 2346 1589 2382 ὅ(
1615 2347 1673 2383 in-

66 2396 284 2435 commoda.

120 2452 239 2491 CAP.
253 2452 315 2489 111.
342 2450 404 2488 De
425 2448 682 2488 fundamentis
701 2451 739 2487 &
767 2446 899 2487 officio
924 2450 1116 2489 doctrinae
1135 2451 1182 2488 de
1205 2451 1450 2490 illustratione
1472 2452 1670 2503 sermonis,

65 2504 139 2546 sve
160 2506 381 2546 rhetoricae.
436 2504 677 2554 Appendices
711 2514 785 2542 tres
821 2505 1041 2554 rhetoricae,
1068 2518 1163 2558 quae
1191 2506 1236 2543 ad
1264 2509 1562 2557 promptuariam
1589 2520 1668 2548 tan-

66 2562 273 2600 tummodo
291 2558 506 2611 pertinent.
534 2560 683 2597 colores
708 2559 801 2597 boni
827 2562 864 2597 ὅ(
889 2562 991 2609 mali,
1022 2571 1100 2599 tam
1115 2559 1287 2613 simplicis
1303 2573 1415 2611 quam
1432 2567 1668 2614 comparati:

65 2617 248 2655 antitheta
262 2627 413 2653 rerum:
442 2614 630 2652 formulae
654 2615 822 2652 minoi-es
841 2617 1074 2654 orationum.

119 2671 155 2710 C
165 2683 234 2711 ΑΡ.
250 2672 316 2710 IV.
345 2671 624 2721 Appendices„
601 2671 790 2709 venerales
804 2669 898 2708 duae
913 2672 1119 2719 traditivae,
1141 2672 1270 2709 critica
1284 2673 1322 2709 δε
1334 2673 1599 2724 paedagogica.

728 2790 766 2834 L
783 2807 796 2835 1
816 2808 851 2837 Β.
906 2791 1008 2836 Vll.

121 2890 232 2928 CAP.
251 2892 279 2928 Ι.
307 2890 466 2928 Partitio
490 2890 644 2937 ethicae,
673 2890 714 2928 in
737 2891 950 2929 dostrinam
974 2892 1022 2928 de
1042 2892 1256 2943 exemplari,
1285 2893 1323 2929 &
1345 2892 1521 2942 georgica
1533 2894 1664 2930 animi.

66 2945 226 2983 Partitio
240 2946 456 2997 exemplaris
478 2945 633 2994 (scilicet
654 2945 762 2994 boni)
785 2948 825 2983 in
845 2947 992 2983 bonum
1005 2944 1158 2999 fimplex
1173 2949 1209 2984 ὅ(
1223 2948 1369 2985 bonum
1383 2958 1665 2997 comparaturus-

66 3000 225 3038 Partitio
239 3000 333 3039 boni
349 2999 535 3051 simplicis,
562 3002 603 3039 in
619 3000 765 3040 bonum
780 3000 1005 3041 individuale
1019 3004 1057 3040 ὃς
1072 3002 1218 3041 bonum
1233 3003 1529 3041 communionis.

119 3116 227 3155 Vor..
256 3117 285 3157 Ι.
848 3118 890 3158 D
1552 3118 1589 3154 C
1597 3128 1666 3156 Am
