2040 3439
167 236 233 288 ιιι

358 307 398 352 A
407 323 433 352 'r
442 323 536 366 qur,
550 324 638 352 cum
651 310 866 359 hujusmodi
882 309 956 347 fine
971 308 1213 346 conveniunt
1228 304 1596 343 demonstrationum
1612 305 1773 357 ipsarum
1785 316 1915 346 natura

307 370 347 408 ὅ(
366 368 476 408 ordo.
531 370 575 407 In
598 368 721 417 logica
735 366 840 403 enim
855 364 999 414 vulgari
1024 372 1139 412 opera
1152 360 1231 398 fere
1250 358 1419 398 universa
1438 358 1533 397 circa
1548 359 1810 409 syllogismum
1827 374 1919 410 conf

310 422 482 464 sumitur.
537 423 598 462 De
627 421 849 459 inductione
874 430 966 456 vero
991 417 1176 455 dialectici
1201 417 1261 453 vix
1288 414 1386 452 serio
1412 415 1590 464 cogitasse
1611 417 1808 458 videntur3
1845 418 1921 456 levi

310 478 511 518 mentione
538 489 621 515 eam
645 474 941 514 transmittentes
962 471 1073 514 &ad
1101 469 1314 521 disputandi
1339 470 1529 507 formulos
1553 482 1808 522 properantes.
1863 472 1922 511 At

309 546 384 573 nos
402 529 760 571 demonstrationem
776 541 842 581 per
864 526 1125 579 syllogismum
1145 526 1348 571 rejicimus,
1376 525 1479 573 quod
1500 524 1689 563 confusius
1703 538 1786 575 agat
1801 529 1838 565 ὅ(
1856 540 1929 578 na<
1946 550 1950 554 ὴ

314 600 438 627 turam
459 588 606 625 emittat
625 598 646 623 e
674 585 860 622 manibus.
916 579 1082 620 Tametsi
1097 582 1201 618 enim
1220 581 1368 617 nemini
1383 580 1542 617 dubium
1566 581 1636 617 effe
1663 578 1789 633 possit,
1817 581 1924 631 quin,

313 655 408 693 quae
436 642 477 679 in
496 642 627 678 medio
646 641 816 678 termino
840 639 1086 683 conveniunt,
1123 648 1164 673 ea
1190 637 1226 673 ὃ(
1253 637 1351 672 inter
1379 634 1416 672 se
1441 637 1699 677 conveniant3
1733 636 1850 685 (quod
1871 637 1927 686 est

312 697 600 736 mathematicae
621 694 811 741 cujusdam
832 693 1067 731 certitudinis
1083 692 1105 740 :)
1137 690 1389 728 nihilominus
1408 689 1484 727 hoc
1504 689 1620 727 subest
1638 690 1790 738 fraudis,
1818 694 1926 742 quod

313 750 549 802 syllogismus
569 763 611 788 ex
626 747 946 803 propositionibus
966 745 1122 794 constet,
1151 743 1428 798 propositiones
1453 757 1495 782 cx
1511 745 1645 792 verbis,
1673 746 1930 787 verba‘autem·

314 808 524 845 notionum
537 805 687 845 tesserae
707 807 744 843 ὃ(
759 803 858 854 signa
872 801 953 841 sint.
1009 804 1137 850 ltaque
1152 799 1178 838 si
1193 802 1373 838 notiones
1393 799 1491 851 ipsae
1507 803 1646 837 mentis
1669 803 1776 849 (quae
1793 802 1930 841 verbo-'

314 874 400 900 rum
424 858 524 910 quasi
546 862 672 898 anima
696 859 781 897 sunt
798 861 834 897 ὅ(
857 860 976 896 totius
992 855 1209 903 hujusmodi
1231 855 1430 893 struiturae
1454 867 1496 893 ac
1517 853 1676 893 fabricae
1702 855 1804 905 basis)
1828 859 1930 898 male

317 929 360 955 ac
383 926 527 954 temere
546 928 567 953 a
594 916 702 953 rebus
723 913 914 952 abstrastae
936 916 973 951 ὅ(
994 924 1120 962 vagae,
1159 923 1231 949 nec
1251 909 1334 948 satis
1357 909 1532 948 definitae
1555 912 1593 948 &
1617 911 1930 965 circumscriptae,

317 971 483 1020 denique
503 971 633 1008 multis
656 970 780 1008 modis
804 968 955 1007 vitiosae
976 968 1129 1014 fuerint,
1158 968 1290 1004 omnia
1312 976 1436 1003 ruunt.
1495 967 1706 1011 chicimus
1723 968 1838 1016 igitur
1860 968 1931 1018 syl-

318 1025 547 1076 logismum3
577 1037 701 1074 neque
715 1024 752 1062 id
773 1024 896 1062 solum
913 1023 1038 1074 quoad
1061 1023 1255 1075 principia,
1286 1021 1345 1068 (ad
1365 1033 1460 1069 quae
1476 1031 1546 1057 nec
1569 1019 1623 1058 illi
1637 1033 1719 1058 eam
1734 1021 1930 1073 adhibent)
1979 1058 1982 1061 .

319 1080 383 1119 sed
399 1082 513 1119 etiam
529 1081 630 1129 quod
648 1077 922 1130 propositiones
938 1079 1099 1116 medias:
1128 1089 1218 1126 quas
1234 1076 1359 1114 educit
1375 1075 1459 1112 sane
1475 1086 1586 1124 atque
1600 1079 1771 1126 parturit,
1798 1087 1933 1134 utcun-

321 1148 395 1186 que
418 1135 676 1185 syllogismu53
713 1134 774 1172 sed
796 1146 956 1184 operum
979 1133 1116 1171 steriles
1137 1135 1173 1170 ὅ(
1196 1144 1216 1170 a
1241 1131 1399 1182 praCtica
1423 1141 1586 1168 remotas
1612 1134 1649 1169 ὅ(
1671 1133 1782 1184 plane
1797 1135 1933 1182 quoad

320 1202 466 1242 partem
482 1191 637 1229 activam
654 1189 893 1227 scientiarum
909 1191 1222 1240 incompetentes.
1270 1187 1452 1237 Quamvis
1466 1187 1581 1235 igitur
1595 1188 1851 1236 relinquamus
1865 1187 1935 1238 syl-

322 1244 487 1296 logismo
510 1241 547 1283 ὅ(
566 1243 784 1289 hujusmodi
804 1242 1189 1281 demonstrationibus
1203 1239 1352 1278 famosis
1377 1252 1418 1277 ac
1442 1241 1592 1288 jaetatis,
1630 1242 1931 1288 jurisdiffionem

325 1302 366 1338 in
389 1309 485 1338 artes
503 1301 702 1351 populares
726 1301 764 1336 δ(
785 1299 1005 1348 opinabiles,
1046 1298 1115 1344 (nil
1134 1298 1238 1334 enim
1259 1296 1300 1333 in
1320 1296 1389 1332 hac
1407 1305 1509 1346 parte
1528 1307 1728 1335 movemus
1739 1299 1763 1345 ς)
1801 1310 1933 1338 tamen

325 1356 371 1393 ad
395 1365 568 1392 naturam
595 1365 733 1401 rerum,
763 1353 984 1391 inductione
1003 1364 1069 1405 per
1085 1352 1217 1390 omnia
1236 1353 1273 1388 ὃς
1291 1361 1369 1387 tam
1391 1351 1437 1387 ad
1453 1353 1621 1388 minores
1646 1351 1932 1403 propositioneS‚

324 1422 438 1462 quam
459 1409 505 1447 ad
528 1410 702 1456 majores,
731 1410 885 1446 utimur.
943 1406 1205 1445 Industionem
1226 1407 1331 1443 enim
1355 1404 1548 1443 censemus
1570 1418 1654 1444 eam
1679 1407 1750 1445 effe
1772 1409 1934 1448 demon·

326 1464 463 1503 strandi
478 1464 644 1502 formam
659 1475 754 1512 quae
768 1462 915 1501 sensum
929 1473 1069 1510 tuetur,
1098 1464 1135 1500 ὃς
1147 1471 1319 1499 naturam
1333 1463 1484 1510 premit,
1513 1463 1550 1499 &
1565 1463 1742 1512 operibus
1755 1465 1935 1503 imminet

327 1532 369 1558 ac
389 1519 467 1556 fere
487 1517 732 1556 immiscetur.

382 1575 431 1611 IT
440 1585 466 1611 A
477 1585 538 1624 Qu
547 1585 570 1610 E
582 1573 681 1611 ordo
692 1584 844 1622 quoque
856 1571 1137 1610 demonstrandi
1152 1573 1261 1622 plane
1273 1571 1485 1609 invertitur.
1541 1571 1681 1610 Adhuc
1694 1575 1799 1610 enim
1812 1585 1871 1611 res
1882 1576 1935 1612 ita

329 1631 409 1679 geri
429 1627 622 1666 consuevit
635 1642 645 1669 3
674 1638 715 1666 ut
735 1641 756 1665 a
779 1627 883 1666 sensu
907 1630 944 1665 ὅ(
965 1627 1247 1677 particularibus
1267 1628 1394 1676 primo
1419 1627 1509 1663 loco
1532 1627 1578 1664 ad
1600 1630 1763 1666 maxime
1784 1640 1936 1678 genera-

329 1682 379 1723 'lia
403 1684 611 1730 advoletur,
647 1694 828 1732 tanquam
852 1683 896 1720 ad
918 1685 1030 1735 polos
1052 1682 1156 1730 fixos,
1195 1682 1290 1719 circa
1312 1693 1407 1729 quos
1433 1680 1703 1733 disputationes
1723 1691 1934 1727 vertantur:

329 1739 377 1776 ab
397 1739 469 1776 illis
492 1748 634 1775 caetera
656 1751 720 1790 per
740 1738 865 1775 media
890 1739 1128 1776 deriventur:
1161 1739 1232 1776 Via
1255 1747 1355 1774 certe
1377 1737 1669 1788 compendiaria,
1719 1737 1779 1776 sed
1798 1741 1936 1791 praeci-

328 1793 423 1844 'piti3
453 1796 490 1831 ὅ(
514 1793 559 1830 ad
582 1803 755 1830 naturam
782 1794 972 1845 impervia,
1008 1793 1053 1830 ad
1073 1792 1344 1843 disputationes
1368 1803 1458 1828 vero
1480 1794 1639 1841 proclivi
1660 1795 1697 1830 ὅ(
1721 1806 1936 1834 accommo-

328 1849 426 1886 data.
483 1848 538 1885 At
560 1846 764 1886 secundum
788 1860 871 1895 nOS,
900 1850 1084 1885 axiomata
1106 1849 1348 1885 continenter
1370 1848 1406 1883 ὅ(
1430 1847 1614 1896 gradatim
1639 1850 1860 1896 excitantur,
1895 1862 1938 1889 ut

331 1900 484 1941 nonnisi
511 1903 702 1952 postremo
733 1905 823 1940 loco
851 1903 895 1940 ad
923 1900 1198 1953 generalissima
1225 1903 1417 1939 veniatur:
1460 1903 1512 1938 Ea
1547 1914 1636 1940 vero
1663 1900 1939 1953 generaliffima

332 1957 507 2004 evadunt,
536 1969 617 1994 non
638 1959 861 2005 notionalia,
890 1957 952 1996 sed
972 1959 1069 1995 benc
1088 1960 1308 1997 terminatas
1338 1959 1375 1994 ὃ(
1389 1957 1476 1993 talia
1491 1969 1585 2006 quac
1605 1968 1737 1996 nat-ura
1750 1970 1793 1997 ut
1806 1971 1936 2000 revera

331 2012 398 2051 sibi
414 2013 564 2049 notiora
583 2013 769 2062 agnoscat,
798 2025 967 2062 quaeque
982 2013 1090 2050 rebus
1104 2014 1279 2051 haereant
1295 2013 1335 2048 in
1351 2011 1536 2049 medullis.

387 2067 461 2104 AT
485 2069 525 2104 iri
547 2067 672 2104 forma
693 2067 766 2118 ipsa
786 2080 939 2117 quoque
962 2069 1193 2106 inductionis
1214 2071 1251 2106 ὅ(
1273 2067 1416 2114 judicio
1439 2067 1543 2115 quod
1566 2079 1632 2119 per
1652 2080 1736 2105 eam
1753 2067 1810 2117 fit,
1835 2082 1939 2111 onus

332 2122 450 2172 longe
480 2124 688 2160 maximum
720 2135 928 2161 movemus.
984 2124 1036 2160 Ea
1065 2125 1170 2161 enim
1198 2124 1245 2161 de
1273 2134 1346 2171 qua
1374 2120 1554 2159 dialeCiici
1583 2124 1804 2172 loquuntur,
1845 2138 1941 2176 quae

332 2177 505 2227 procedit
532 2189 597 2229 per
626 2180 955 2216 enumerationem
982 2175 1202 2231 simplicem,
1243 2177 1387 2230 puerile
1417 2176 1599 2225 quiddam
1627 2178 1676 2215 est
1703 2181 1741 2216 &
1768 2183 1941 2232 premrio

332 2232 541 2279 concludit,
570 2234 607 2270 c&
620 2234 790 2283 periculo
810 2234 855 2270 ab
870 2233 1040 2270 instantia
1060 2233 1353 2271 contradictoria
1367 2231 1580 2284 exponitur,
1609 2235 1646 2271 &
1661 2234 1839 2274 consueta
1857 2246 1939 2275 tan-

332 2297 419 2325 tum
434 2288 620 2329 intuetur3
648 2300 718 2325 nec
733 2288 873 2325 exitum
890 2290 1039 2340 reperit.

387 2341 556 2394 Arqm
581 2354 676 2394 opus
699 2343 747 2380 est
772 2343 818 2380 ad
844 2342 1011 2381 scientias
1034 2343 1263 2381 indufiiionis
1285 2343 1409 2381 forma
1429 2344 1508 2390 tali,
1545 2355 1640 2392 quae
1667 2346 1937 2396 experientiam

335 2395 453 2435 solvat
474 2399 511 2435 ὅ(
526 2397 678 2449 separet,
708 2400 744 2435 ὃ(
759 2408 824 2448 per
844 2396 1070 2436 exclusiones
1096 2411 1136 2436 ac
1157 2398 1377 2442 rejeciioncs
1392 2399 1534 2436 debitas
1555 2399 1757 2437 necessario
1782 2404 1939 2441 conclu-

336 2451 412 2488 dat.
466 2453 582 2504 Qod
596 2450 621 2489 si
637 2453 817 2499 judicium
834 2454 926 2491 illud
942 2455 1136 2504 vulgatum
1156 2455 1439 2491 dialesiicorum
1454 2464 1533 2491 tam
1547 2454 1750 2503 operosum
1769 2456 1883 2495 fiicrit
1898 2459 1939 2496 &

338 2515 440 2543 tanta
465 2508 616 2556 ingenia
630 2510 857 2550 exercuerim
887 2519 1032 2557 quanto
1054 2510 1172 2558 magis
1186 2510 1436 2546 laborandum
1451 2509 1500 2545 est
1519 2510 1559 2545 in
1575 2509 1649 2546 hoc
1671 2511 1805 2558 altero,
1831 2513 1940 2561 quod

337 2572 420 2598 non
431 2572 579 2598 tantum
594 2574 635 2600 ex
649 2565 786 2601 mentis
797 2564 1059 2613 penetralibus,
1082 2564 1143 2601 sed
1156 2565 1270 2601 etiam
1285 2576 1326 2600 ex
1340 2574 1492 2601 naturae
1505 2563 1705 2602 visceribus
1715 2566 1943 2606 extrahitur?

395 2617 434 2653 N
445 2626 568 2666 EQJE
589 2627 715 2655 tamen
739 2619 801 2656 hic
823 2619 917 2656 finis
973 2621 1076 2657 Nam
1095 2618 1339 2656 fundamenta
1363 2630 1516 2667 quoque
1542 2618 1780 2657 scientiarum
1801 2621 1940 2661 fortius

339 2670 586 2719 deprimimus
604 2674 640 2709 ὅ(
659 2672 873 2722 solidamus,
902 2684 1014 2722 atque
1036 2675 1144 2710 initia
1157 2674 1375 2722 inquirendi
1395 2675 1504 2711 altius
1520 2672 1714 2722 sumimus,
1741 2688 1857 2724 quam
1877 2679 1939 2716 ad-

341 2725 414 2762 huc
441 2724 614 2763 homines
637 2727 828 2766 fecerunt:
867 2742 909 2767 ea
937 2728 1168 2774 subjiciendo
1197 2730 1372 2775 examini,
1410 2740 1504 2777 quae
1530 2729 1653 2778 logica
1675 2730 1833 2780 vulgaris
1859 2742 1940 2771 tan-

341 2791 455 2827 quam
477 2779 548 2817 fide
564 2782 682 2818 aliena
706 2786 846 2833 recipit.
902 2783 1052 2822 Etenim
1075 2783 1258 2821 dialestici
1273 2785 1455 2835 principia
1477 2783 1715 2822 scientiarum
1738 2798 1758 2822 a
1774 2785 1938 2825 scientiis

342 2832 492 2883 singulis
515 2846 692 2884 tanquam
717 2849 856 2876 mutuo
879 2839 1055 2880 sumunt3
1092 2837 1214 2876 rursus
1236 2840 1415 2876 notiones
1440 2840 1578 2876 mentis
1603 2841 1738 2888 primas
1760 2853 1937 2880 veneran-

341 2899 423 2926 tur:
454 2889 1236 2932 Postremoinformationibusimmediatis
1251 2892 1373 2931 sensus
1395 2895 1490 2930 benc
1504 2892 1668 2943 dispositi
1683 2896 1933 2943 acquiescunt.

342 2943 399 2980 At
414 2955 485 2981 nos
498 2945 661 2994 logicam
677 2958 813 2995 veram,
841 2947 998 2999 singulas
1014 2948 1253 2986 scientiarum
1266 2951 1489 3000 provincias,
1518 2950 1659 2993 majore
1674 2962 1761 2987 cum
1777 2952 1939 3001 imperio

343 3011 457 3047 quam
477 3010 589 3048 penes
606 3000 762 3049 ipsarum
784 3005 965 3055 principia
979 3002 1033 3051 sit,
1061 3004 1197 3042 debere
1211 3004 1357 3053 ingredi
1377 3002 1628 3044 decrevimus;
1655 3015 1766 3053 atque
1779 3007 1844 3043 illa
1862 3009 1937 3057 ipra

342 3055 523 3106 principia
538 3056 701 3106 putativa
713 3056 757 3094 ad
774 3060 935 3097 rationes
951 3060 1155 3098 reddendas
1172 3060 1408 3108 compellere,
1430 3057 1622 3108 quousque
1635 3060 1743 3108 plane
1756 3061 1936 3100 constant.

1823 3117 1941 3167 quod
