2040 3439
96 187 209 237 πο

613 163 946 213 NOVUM'
1013 161 1490 208 oRGANUM.
1705 161 1894 209 Libii,

329 269 510 320 ATQUE
536 276 682 304 certum
698 262 758 312 est,
785 274 943 312 corpora
968 263 1143 299 tenuiora
1173 261 1295 310 (quale
1317 262 1364 299 cst
1383 260 1462 308 aer)
1490 262 1565 313 pati
1581 264 1887 302 contractionem

275 326 503 363 nonnullam
519 321 742 366 notabilem,
771 329 813 356 ut
826 318 968 355 dicium
989 315 1063 354 est:
1092 316 1147 353 At
1167 328 1326 368 corpora
1341 316 1534 366 tangibilia
1565 318 1687 366 (quale
1703 318 1752 355 est
1769 319 1882 370 aqua)

274 380 401 418 multo
420 379 576 427 aegrius,
606 378 643 412 ὅ(
662 375 708 411 ad
727 376 854 411 minus
875 372 1034 424 spatium
1051 373 1244 421 patiuntur
1268 368 1588 424 compressionem
1606 387 1614 409 :
1643 374 1806 426 Qualem
1822 387 1889 413 au·

275 446 354 472 tem
376 434 544 484 patiatur,
573 431 638 467 tali
661 430 921 481 experimento
947 424 1223 475 inquisivimus..

330 491 475 526 FIERI
505 486 663 523 fecimus
682 485 843 534 globum
871 495 915 520 cx
935 482 1096 532 plumbo
1123 493 1271 529 cavum,
1296 483 1362 533 qui
1392 483 1481 520 duas
1514 484 1662 520 circiter
1682 484 1802 533 pintas
1830 488 1885 524 vi-

273 546 392 582 narias
419 541 629 580 contineret
650 554 660 582 3
689 551 852 588 eumque
878 537 960 575 satis
987 550 1054 587 per
1086 538 1199 574 latera
1224 537 1393 584 crastum,
1421 550 1462 575 ut
1484 539 1669 583 majorem
1693 538 1769 577 vim
1785 540 1885 580 susti-

274 610 392 636 neret.
450 599 493 634 In
521 597 631 634 illum
643 607 776 644 aquam
796 591 1026 640 immisimus,
1057 604 1123 643 per
1147 592 1318 630 foramen
1342 594 1479 631 alicubi
1503 592 1640 630 factum
1651 611 1665 636 ,-
1697 605 1808 643 atque
1824 597 1882 634 fo—

272 665 403 690 ramen
439 652 546 698 illud,
576 651 770 701 postquam
797 649 932 698 globus
968 660 1063 697 aqua
1104 648 1280 697 impletus
1312 647 1444 695 fuisset,
1483 649 1643 697 plumbo
1677 650 1884 698 liquefacio

271 709 542 754 obturavimus,
572 717 613 744 ut
639 706 774 755 globus
800 705 991 741 deveniret
1023 704 1132 753 plane
1159 702 1425 740 consolidatus.
1483 704 1584 741 Dein
1618 705 1776 753 globum
1792 706 1892 744 fortiz

273 764 415 800 malleo
435 763 479 800 ad
499 762 579 800 duo
594 763 707 799 latera
733 759 880 798 adversa
906 759 1254 809 complanavimus:
1283 759 1337 796 Ex
1366 771 1445 807 quo
1469 759 1610 796 nccess‘e
1643 759 1715 797 fuit
1744 773 1883 810 aquam

273 818 314 856 in
345 819 470 856 minus
506 815 689 864 contrahi,
718 827 806 853 curn
836 815 985 864 sphaera
1011 814 1214 863 figurarum
1242 811 1286 851 sit
1312 810 1556 866 capacissima.
1613 815 1777 862 Deinde,
1793 828 1884 854 cum

275 874 468 911 malleatio
493 886 574 910 non
595 873 756 922 amplius
785 868 983 917 sufficeret,
1010 871 1156 919 aegrius
1182 868 1217 906 se
1233 867 1434 918 recipiente
1449 881 1554 917 aqua,
1575 870 1804 908 molendino
1818 871 1882 910 seu

274 930 454 967 torculari
487 926 538 966 usi
567 928 712 968 sumus3
742 936 783 964 ut
821 926 975 963 tandem
1009 937 1103 973 aqua
1131 925 1333 976 impatiens
1365 924 1546 976 press'urae
1574 926 1778 972 ulterioris,
1814 938 1891 976 per·

274 983 391 1021 solida
419 983 565 1036 plumbi
597 982 723 1033 (instar
747 983 841 1018 roris
863 982 1025 1028 delicati>
1051 979 1256 1017 exstillaret.
1312 979 1452 1027 Postea,
1479 990 1664 1030 quantum
1693 979 1797 1032 spatii
1811 991 1888 1034 'per

273 1051 355 1076 eam
379 1034 698 1089 compressionem
718 1038 967 1073 imminutum
983 1036 1095 1082 foret,
1119 1037 1420 1087 computavimus
1437 1049 1445 1072 :
1475 1035 1605 1087 Atque
1620 1045 1763 1073 tantam
1778 1049 1886 1075 com·-

270 1090 501 1146 pressionem
526 1093 660 1144 pallam
683 1092 753 1129 effe
784 1103 918 1140 aquam
942 1090 1016 1138 (sed
1032 1089 1208 1127 violentia
1224 1103 1359 1140 magua
1377 1090 1573 1138 snbaCtam)
1588 1089 1852 1130 intelleximus.

326 1149 365 1186 A
378 1161 402 1186 T
431 1147 617 1194 solidiora,
638 1145 739 1194 sicca,
755 1158 816 1184 aut
833 1148 950 1196 magis
970 1147 1173 1195 compasta,
1190 1147 1312 1194 qualia
1331 1145 1570 1197 suntlapides
1599 1148 1636 1183 ὃ(
1663 1147 1777 1195 ligna,
1795 1159 1885 1185 nec-

270 1215 352 1241 non
368 1205 530 1249 metalla,
558 1204 683 1241 multo
703 1203 823 1240 adhuc
838 1200 1028 1238 minorem
1044 1198 1367 1252 compress'mnem
1381 1211 1443 1238 aut
1465 1198 1733 1248 extensionem,
1750 1203 1788 1239 ὅ(
1802 1202 1883 1241 fere

270 1259 610 1311 imperceptibilem
631 1257 779 1299 ferunt3
809 1257 870 1294 sed
901 1257 960 1294 vel
997 1255 1192 1301 fractione,
1219 1256 1278 1294 vel
1311 1252 1584 1306 progressione,
1613 1257 1673 1294 vel
1700 1255 1780 1294 aliis
1801 1269 1881 1308 per·

273 1313 549 1352 tentationibus
576 1313 613 1351 se
631 1313 803 1359 liberant,
832 1323 873 1350 ut
895 1311 935 1350 in
957 1312 1243 1349 curvationibus
1272 1309 1368 1361 ligni
1394 1320 1456 1348 aut
1481 1312 1640 1359 metalli,
1669 1311 1886 1362 horologiis

273 1368 516 1407 moventibus
540 1381 604 1419 per
632 1369 971 1419 complicationem
990 1368 1164 1413 laminae,
1193 1363 1401 1413 missilibus,
1431 1367 1746 1414 malleationibus,
1763 1369 1800 1404 &
1825 1370 1881 1405 in—

270 1426 439 1462 numeris
467 1425 547 1461 aliis
567 1424 749 1471 motibus,
764 1433 925 1473 apparet.
980 1422 1110 1470 Atque
1121 1422 1209 1459 haec
1225 1420 1356 1459 omnia
1370 1433 1458 1459 cum
1474 1421 1655 1459 mensuris
1677 1420 1749 1459 suis
1769 1423 1809 1460 in
1826 1424 1883 1461 in-

271 1479 473 1529 dagatione
495 1489 647 1517 naturae
666 1480 834 1516 notanda
863 1481 899 1516 δε
926 1474 1154 1530 exploranda
1184 1476 1294 1518 sunt3
1323 1487 1385 1515 aut
1406 1478 1446 1514 in
1466 1475 1692 1515 certitudine
1715 1477 1789 1525 sua,
1816 1488 1885 1516 aut

269 1546 336 1585 per
355 1533 608 1581 aestimativam,
638 1544 701 1572 aut
719 1547 786 1586 per
809 1535 1097 1585 comparativa-5,
1120 1543 1236 1582 prout
1255 1531 1402 1571 dabitur
1422 1533 1540 1582 copia.

323 1590 455 1627 XLVI.
486 1590 647 1627 INTER
677 1588 949 1639 praerogativas
986 1588 1246 1626 instantiarum
1273 1599 1460 1639 ponemus
1492 1589 1584 1624 loco
1618 1583 1798 1626 vicesimo
1828 1588 1879 1626 se-

269 1645 397 1682 cundo
420 1643 605 1682 instantias
628 1646 813 1692 curriculi,
842 1656 932 1696 quas
951 1643 1063 1681 etiam
1089 1641 1276 1680 instantias
1295 1642 1340 1680 ad
1361 1655 1498 1692 aquam
1514 1643 1698 1694 appellare
1726 1642 1883 1681 consue-

268 1700 392 1738 vimus
413 1716 423 1743 3
453 1700 606 1750 sumpto
634 1701 821 1738 vocabulo
838 1712 859 1737 a
887 1698 1087 1748 clepsydris
1107 1698 1203 1751 apud
1226 1700 1414 1746 antiquos,
1443 1699 1484 1735 in
1506 1709 1596 1746 quas
1616 1696 1887 1737 infundebatur:

270 1765 366 1803 aqua
393 1756 482 1792 loco
510 1767 658 1792 arenae.
709 1756 784 1792 Eae
807 1754 1025 1792 mensurant
1043 1763 1217 1790 naturam
1242 1765 1308 1805 per
1329 1764 1526 1790 momenta
1541 1751 1736 1802 temporis,
1751 1765 1883 1804 quem-

270 1810 481 1847 admodum
504 1808 697 1847 instanti'ae
718 1812 843 1860 virgae
871 1821 936 1860 per
955 1809 1089 1858 gradus
1110 1806 1227 1860 spatii.
1283 1809 1425 1845 Omnis
1448 1808 1553 1844 enim
1580 1817 1708 1846 motus
1733 1805 1806 1846 sive
1824 1820 1881 1846 ac-

266 1865 326 1901 tio
348 1866 525 1902 naturalis
552 1863 762 1915 transigitur
796 1867 837 1902 in
870 1875 1042 1913 tempore
1058 1881 1072 1906 ,-
1103 1865 1196 1900 alius
1230 1864 1409 1910 velocius,
1438 1864 1531 1900 alius
1562 1863 1715 1909 tardius,
1743 1862 1806 1902 sed
1825 1874 1886 1902 ut·

268 1932 416 1971 ermque
437 1919 642 1957 momentis
661 1922 783 1967 certis,
812 1923 850 1958 &
878 1930 1031 1957 naturae
1053 1920 1165 1956 notis.
1236 1917 1360 1955 Etiam
1383 1920 1469 1955 illae
1499 1918 1676 1965 affiones,
1715 1931 1811 1969 quae
1825 1919 1880 1957 su-

271 1975 355 2028 bito
382 1974 556 2013 videntur
579 1974 736 2027 operarI,
766 1978 802 2012 δε
822 1977 863 2012 in
883 1975 958 2013 iCtu
983 1975 1098 2021 oculi,
1129 1973 1189 2025 (ut
1203 1972 1415 2025 loquimur)
1432 1972 1766 2026 deprehenduntur
1793 1975 1887 2013 reci·

268 2041 356 2081 perc
378 2031 495 2075 majus
524 2032 560 2066 &
583 2032 710 2067 minus
739 2031 863 2079 quoad
889 2040 1052 2080 tempus„

322 2086 492 2123 PRIMO
520 2087 643 2137 itaque
667 2084 846 2133 videmus,
876 2084 1126 2123 restitutiones
1154 2095 1360 2133 corporum
1375 2082 1593 2120 coelestium
1608 2082 1688 2121 fieri
1705 2095 1770 2133 per
1785 2095 1881 2122 tcm-

267 2151 359 2188 pora
380 2151 599 2184 numeram3
628 2139 740 2178 etiam
769 2141 887 2178 fluxus
903 2143 939 2178 δε
955 2140 1129 2178 munaus
1145 2139 1270 2177 maris.
1324 2140 1436 2177 Latio
1464 2149 1590 2176 autem
1613 2137 1782 2189 gravium
1802 2152 1882 2177 ver-

267 2193 325 2232 sus
350 2206 501 2237 terram,
531 2196 728 2233 &levium
765 2195 887 2234 versus
913 2196 1102 2233 ambi-tum
1137 2196 1246 2241 coeli,
1274 2194 1316 2232 sit
1339 2206 1404 2244 per
1439 2205 1538 2231 certa
1569 2205 1778 2240 momenta,
1808 2207 1888 2246 pto

267 2251 416 2287 ratione
433 2252 601 2301 corporis
616 2252 719 2302 quod
735 2251 866 2298 fertur,
888 2253 924 2289 ὅ(
943 2252 1072 2288 medii.
1129 2251 1185 2287 Ar
1200 2249 1464 2288 velificationes
1480 2251 1646 2297 navium,
1662 2259 1789 2288 motus
1803 2252 1883 2287 ani·

266 2307 438 2353 mallum,
467 2304 691 2358 perlationcs
714 2303 926 2353 missilium,
955 2318 1091 2343 ornnes
1110 2305 1206 2342 fiunt
1234 2305 1368 2342 itidem
1389 2316 1454 2355 per
1474 2315 1646 2354 tempora
1675 2303 1882 2354 (quantum

268 2360 314 2396 ad
348 2361 521 2409 summas)
569 2361 827 2399 numerabilia.
895 2362 1076 2399 Calorem
1103 2372 1196 2398 vero
1223 2360 1328 2409 quod
1365 2362 1513 2403 attinet,
1543 2359 1710 2398 videmus
1744 2372 1886 2409 pueros

267 2426 333 2463 per
357 2416 534 2466 hyemem
559 2429 692 2454 manus
720 2418 760 2454 in
789 2417 942 2454 flamma
970 2418 1091 2455 lavare
1111 2433 1122 2460 ;
1150 2427 1221 2453 nec
1241 2426 1368 2453 tamen
1384 2417 1467 2456 uri3
1498 2417 1534 2452 δε
1560 2416 1784 2459 ioculatores
1797 2415 1882 2454 vasa

269 2471 378 2519 plena
404 2473 496 2510 vino
525 2472 583 2510 vel
604 2484 709 2521 aqua,
739 2484 805 2522 per
834 2483 962 2509 motus
991 2473 1104 2521 agiles
1131 2473 1168 2508 ὃς
1196 2472 1365 2519 aequales
1380 2481 1523 2507 vertere
1538 2469 1729 2516 deorsum,
1759 2470 1880 2508 &sur-

269 2524 351 2561 sum
384 2538 612 2577 recuperare,
640 2539 722 2565 non
743 2526 862 2564 effuso
886 2529 1058 2576 liquores
1089 2528 1125 2562 ὅ(
1153 2528 1272 2563 multa
1291 2524 1519 2571 hujusmodi.
1578 2526 1664 2562 Nec
1686 2526 1883 2575 minusip-

269 2577 326 2615 sae
353 2578 658 2632 compressione&
688 2581 726 2618 δε
755 2583 1007 2629 dilatationes,
1038 2584 1074 2618 δε
1097 2582 1315 2630 eruptiones
1338 2591 1545 2629 corporum
1568 2580 1676 2627 fiunt,
1705 2581 1797 2618 aliae
1820 2593 1880 2618 ve-

265 2633 394 2680 locius,
423 2638 513 2673 alitie
543 2638 693 2684 tardius,
724 2650 792 2689 pro
807 2649 940 2675 natura
954 2638 1125 2689 corporis
1153 2638 1189 2673 ὅ(
1215 2645 1359 2681 motus,
1388 2635 1448 2672 sed
1465 2647 1528 2685 per
1546 2645 1744 2673 momenta
1761 2646 1874 2673 certa.

268 2687 485 2740 Quinetiam
518 2693 556 2728 in
592 2691 805 2742 explosione
833 2694 1000 2742 plurium
1027 2691 1323 2729 bombardarum
1357 2688 1477 2738 simul,
1508 2702 1602 2738 quae
1630 2689 1880 2728 exaudiuntur

265 2744 493 2792 quandoque
512 2746 557 2782 ad
581 2746 789 2785 distantiam
816 2749 972 2797 triginta
996 2748 1229 2793 milliarium,
1259 2747 1462 2797 percipitur
1491 2745 1604 2782 sonus
1625 2746 1727 2797 prius
1753 2745 1799 2782 ab
1819 2743 1875 2791 iis,

262 2799 327 2846 qui
348 2811 466 2850 prope
495 2800 626 2838 absunt
649 2815 668 2839 a
694 2803 782 2840 loco
803 2802 866 2840 ubi
888 2802 929 2839 fit
947 2802 1102 2849 sonitus,
1133 2814 1247 2850 quam
1267 2801 1313 2837 ab
1333 2802 1390 2847 iis,
1419 2803 1484 2849 qui
1501 2802 1627 2849 longe.
1671 2799 1726 2836 At
1741 2801 1782 2836 in
1797 2800 1879 2837 viru

264 2853 382 2898 (culus
400 2854 498 2891 afflo
521 2853 569 2891 cst
589 2854 855 2906 pcrnieissima)
885 2859 1005 2905 liquet
1035 2859 1148 2894 etiam
1177 2857 1318 2905 requiri
1351 2856 1396 2893 ad
1420 2868 1508 2893 eum
1535 2854 1758 2892 aetuandum
1793 2866 1877 2892 mo·

263 2918 393 2945 menta
417 2919 518 2945 certa
545 2913 752 2960 temporis;
783 2913 895 2961 idque
915 2913 1094 2964 probatur
1120 2924 1162 2949 ex
1183 2910 1239 2958 iis,
1267 2923 1362 2959 quac
1378 2921 1534 2962 propter
1550 2920 1677 2946 motus
1699 2910 1876 2947 velocita-

260 2973 338 2999 tem
366 2975 447 3000 non
476 2975 708 3005 cernuntur-5
739 2977 778 3003 ut
802 2980 844 3003 ex
873 2968 1015 3004 latione
1043 2967 1138 3019 pilae
1178 2979 1220 3003 ex
1247 2965 1427 3016 sclopeto.
1485 2966 1519 3002 V
1524 2963 1666 3001 elocior
1694 2966 1799 3001 enim
1826 2963 1881 3002 cst

260 3019 551 3066 praetervolatio
569 3019 679 3069 pilae,
713 3031 827 3068 quam
859 3018 1052 3072 impreflio
1089 3020 1222 3074 speciei
1254 3022 1344 3069 cim,
1374 3032 1468 3069 quae
1494 3019 1632 3057 deferri
1652 3029 1800 3069 poterat
1828 3020 1875 3057 ad

264 3072 397 3113 virum.
1695 3074 1730 3110 A
1743 3086 1766 3112 T
1778 3085 1839 3125 Ψ]
1851 3085 1873 3111 ε
