2040 3439
86 159 258 225 Cap.V.
301 161 403 209 DE
455 158 957 205 AUGMENTIS
1010 154 1623 203 SCIENTIARUM.

85 260 175 309 agit,
205 257 442 311 providentia
462 255 560 293 aliud
582 256 705 296 elicit3
735 267 850 303 quam
870 253 894 292 fi
914 253 1065 305 singulis
1085 254 1336 293 schematibus
1351 256 1388 292 ὃ(
1409 255 1578 292 motibus
1592 267 1698 294 natu-

85 315 234 359 ralibus,
254 311 512 365 providentiae
523 310 748 348 charaeteres
763 311 876 348 essent
890 307 1065 360 impressi.
1112 312 1263 348 Scilicet
1275 307 1483 356 Aristoteli,
1503 311 1699 362 postquam

85 379 259 419 naturam
283 365 455 404 finalibus
478 363 590 402 causis
613 365 919 414 impraegnaliet:
957 363 1235 417 Naturamque
1255 361 1362 402 nihil
1371 361 1529 416 flustra
1543 363 1695 417 facere,

76 421 218 476 sitique
234 422 323 460 voti
332 420 484 473 ,semper
501 417 572 470 effe
591 426 809 472 compotem,
841 417 901 470 (st
914 418 1186 473 impedimenta
1201 417 1398 470 abessenzss)
1429 423 1465 458 ὃ(
1479 420 1699 465 huiusmodi

87 480 206 517 multa
221 490 270 514 eo
286 474 482 529 speffiiantia
498 475 692 524 posuiss'et3
722 476 881 526 amplius
897 476 985 513 Deo
1004 488 1085 512 non
1100 475 1171 513 fuit
1187 484 1301 528 opus:
1331 475 1386 511 At
1403 476 1648 514 Democritus
1663 479 1701 514 ἃ

86 535 280 584 EpicuruS,
308 543 397 568 cum
420 540 570 568 atomos
587 529 670 567 suos
693 531 966 579 praedicabant,
995 530 1160 579 eousque
1181 544 1202 568 a
1225 528 1480 569 subtilioribus
1505 532 1702 569 nonnullis

87 588 368 627 tolerabantur3
395 596 526 623 verum
544 596 630 622 cum
648 597 690 622 ex
706 597 840 622 eorum
855 584 1018 623 fortuito
1033 586 1229 632 concursu,
1245 583 1427 623 fabricam
1443 585 1557 637 ipsam
1573 598 1701 624 rerum

88 643 225 691 absque
244 651 377 680 mente
400 639 573 678 coaluisse
596 639 806 686 ass'eterent,
835 641 881 677 ab
904 640 1083 678 omnibus
1107 640 1182 678 risu
1205 639 1347 692 excepti
1371 640 1465 677 sunt.
1522 641 1637 679 Adeo
1658 652 1699 679 ut

61 709 238 737 *tantum
253 694 353 743 absit,
382 706 424 733 ut
446 694 572 732 causae
588 693 755 744 physicae
781 695 958 732 homines
972 708 993 732 a
1015 696 1103 733 Deo
1117 698 1153 733 ὃς
1176 694 1413 745 providentia
1428 696 1625 742 abducant,
1656 707 1697 734 ut

87 763 220 791 contra
235 750 358 802 potius
369 749 582 801 philosophi
598 749 665 797 illi,
696 749 812 798 quiin
827 749 959 788 iisdem
978 749 1150 788 eruendis
1165 749 1334 799 occupati
1356 751 1519 797 fuerunt,
1549 753 1699 789 nullum

86 809 231 846 exitum
256 807 308 844 rei
333 806 532 855 reperiant,
573 803 640 842 nili
665 805 856 857 postremo
878 805 924 842 ad
951 806 1080 842 Deum
1103 808 1140 843 ὅ(
1163 804 1439 856 providentiam
1462 805 1697 854 confugiant.

86 863 217 912 Atque
230 861 319 899 haec
333 861 379 898 de
395 858 639 909 metaphysica
653 860 749 897 dista
765 857 854 897 sint:
874 860 978 905 cujus
992 870 1136 908 partem
1152 861 1198 897 de
1212 858 1324 897 causis
1338 858 1520 905 finalibus,
1542 862 1581 897 in
1598 862 1701 898 libris

87 921 125 956 δι
148 915 302 969 physicis
330 919 368 954 ὃς
391 913 647 966 metaphysicis
670 915 863 952 traiiatam
887 927 969 951 non
993 917 1232 964 negaverim3
1270 916 1312 952 in
1333 914 1389 952 his
1412 914 1522 962 reae,
1560 916 1602 952 in
1626 916 1700 953 illis

88 984 295 1026 perperam,
323 981 476 1024 propter
491 969 784 1008 incommodum
800 970 888 1006 inde
903 968 1084 1008 secutum.

725 1133 933 1180 CAP.
1000 1135 1057 1180 V».

89 1232 274 1274 Partitio
290 1233 516 1286 operativae
532 1230 728 1270 doHrinae
743 1230 789 1270 de
803 1239 946 1271 natura
960 1232 1002 1270 in
1017 1228 1277 1270 mechanicam
1293 1226 1341 1273 ὠ»
1355 1230 1524 1282 magiam
1535 1243 1547 1267 :
1577 1228 1697 1291 Quae

142 1287 369 1341 respondent
394 1286 574 1340 partibus
591 1286 891 1340 speculativae:
930 1284 1118 1338 ‘Phjficae
1145 1284 1380 1332 mechanica,
1420 1283 1697 1338 metaphysicae

143 1345 273 1396 magia
286 1362 300 1387 ,-
333 1339 381 1386 dy
401 1343 628 1396 expurgatio
647 1340 826 1381 vocabuli
845 1343 1006 1396 magiae.
1064 1338 1309 1394 Appendices
1323 1339 1421 1379 duae
1442 1340 1668 1393 operativae
1678 1355 1694 1385 ς

141 1399 413 1438 inventarium
428 1407 538 1451 opum
550 1395 818 1446 humanarum,
849 1394 897 1441 ὠ
911 1395 1112 1449 catalogus
1116 1392 1449 1449 polychrestorum,

207 1507 569 1548 PERATIVAM
592 1507 639 1545 de
662 1517 794 1546 natura
819 1505 986 1545 similiter
1008 1505 1049 1544 in
1070 1507 1160 1546 duas
1181 1517 1303 1558 partes
1325 1505 1544 1552 dividemus,
1581 1504 1696 1554 idque

228 1576 271 1602 ex
294 1559 509 1601 necessitate
532 1563 706 1613 quadam.
762 1561 963 1608 Subjicitur
987 1564 1092 1600 enim
1114 1562 1204 1600 haec
1231 1559 1360 1599 divisio
1382 1557 1554 1598 divisioni
1581 1558 1698 1611 priori

86 1621 281 1658 doctrinae
295 1619 549 1670 speculativae.
604 1615 754 1667 Physica
769 1615 963 1667 fiquidem,
984 1620 1021 1655 &
1037 1615 1226 1667 inquisitio
1242 1616 1430 1654 causarum
1446 1612 1696 1652 efficientium

88 1677 126 1713 δε
142 1675 406 1722 materialium,
435 1671 610 1723 producit
631 1672 908 1714 mechanicam3
938 1682 974 1710 at
999 1670 1258 1724 metaphysica,
1286 1674 1322 1709 &
1346 1668 1535 1720 inquisitio
1559 1670 1697 1708 forma-

89 1742 188 1778 rum,
220 1730 400 1779 producit
428 1730 617 1778 magiam:
653 1740 743 1765 nam
771 1728 965 1767 causarum
991 1727 1163 1766 finalium
1189 1724 1384 1776 inquisitio
1410 1724 1536 1763 sterilis
1562 1725 1622 1772 est,
1661 1727 1699 1763 ὅ(

87 1796 266 1834 tanquam
295 1787 404 1834 virgo
423 1785 512 1821 Deo
537 1782 752 1821 consecrata
773 1782 866 1821 nihil
889 1784 996 1834 parit.
1054 1785 1193 1832 Neque
1218 1795 1288 1820 nos
1312 1781 1432 1831 fugit5
1469 1779 1539 1818 effe
1563 1783 1599 1818 ὅ(
1622 1792 1698 1817 me—

88 1839 281 1879 chanicam
305 1839 445 1891 saepius
462 1851 566 1876 mere
589 1840 810 1888 empiricam
831 1841 868 1876 &
888 1839 1111 1890 operariam,
1138 1850 1232 1890 quae
1251 1851 1271 1875 a
1292 1834 1436 1889 physica
1458 1848 1540 1872 non
1561 1836 1697 1885 pende-

88 1906 146 1937 at5
175 1907 306 1933 verum
326 1895 422 1933 hane
445 1896 485 1931 in
508 1894 699 1931 historiam
718 1895 929 1932 naturalem
948 1895 1203 1941 conjecimus;
1232 1905 1252 1930 a
1275 1891 1512 1944 philosophia
1537 1891 1697 1928 naturali

89 1951 333 2000 segregamus.
388 1950 601 1997 Loquimur
624 1959 773 1987 tantum
793 1950 840 1987 de
861 1961 904 1987 ea
923 1948 1152 1994 mechanica,
1182 1959 1277 1998 quae
1300 1959 1388 1984 cum
1415 1943 1524 1982 causis
1544 1943 1700 1996 physicis

87 2006 289 2051 comunem
305 2005 364 2042 cst.
435 2005 709 2043 Veruntamcm
724 2005 928 2043 intervenit
944 2005 1127 2053 quaedam
1141 2001 1367 2049 mechanica,
1395 2013 1490 2049 quae
1505 2012 1576 2038 nec
1590 2012 1696 2052 pror-

87 2061 145 2099 sus
160 2059 325 2112 operaria
346 2059 407 2107 est,
435 2072 558 2108 neque
577 2069 705 2097 tamen
719 2059 998 2111 philosophiam
1015 2056 1342 2112 proprieattingit.
1399 2057 1572 2106 Operum
1589 2056 1695 2092 enim

88 2117 242 2154 inventa
257 2117 399 2162 omnia,
427 2127 521 2166 quae
544 2114 583 2152 in
599 2114 802 2152 hominum
826 2116 1005 2152 notitiam
1028 2124 1227 2159 venerunt,
1256 2123 1320 2150 aut
1336 2111 1418 2150 casu
1438 2120 1695 2157 occurrerunt,

88 2174 126 2210 ὅ(
149 2172 323 2222 deinceps
339 2183 404 2220 per
427 2182 559 2207 manus
579 2170 713 2208 tradita
734 2170 817 2207 sunt
833 2186 844 2214 3
883 2180 946 2207 aut
969 2170 1017 2207 de
1039 2168 1216 2207 industria
1235 2166 1414 2217 quaesita:
1451 2178 1544 2217 quae
1568 2175 1696 2203 autem

88 2226 394 2264 intentionaliter
409 2225 561 2262 inventa
586 2224 691 2265 sunt3
720 2226 784 2262 illa
799 2234 861 2262 aut
881 2237 946 2274 per
962 2224 1152 2262 causarum
1169 2226 1205 2260 ὅ(
1225 2225 1456 2260 axiomatum
1471 2222 1596 2257 lucem
1615 2232 1695 2267 eru-

88 2292 126 2319 ta
151 2280 255 2322 sunt3
285 2291 347 2318 aut
366 2292 430 2332 per
456 2277 711 2316 exten-sionem
736 2280 936 2328 quandam,
967 2281 1026 2318 vel
1049 2278 1346 2323 transsationem,
1373 2277 1432 2314 vel
1455 2272 1696 2324 compositio-

89 2348 177 2374 nem
202 2337 447 2373 inventorum
471 2336 644 2386 priorum
668 2333 919 2386 deprehensa5
957 2346 1052 2382 quae
1078 2332 1192 2382 magis
1216 2331 1409 2381 ingeniosa
1433 2331 1615 2379 quaedam
1639 2342 1696 2367 res

89 2392 137 2429 est
157 2393 194 2428 &
212 2390 328 2440 sagax,
358 2402 470 2439 quam
491 2388 760 2441 philosophica.
815 2390 923 2426 Hanc
936 2401 1028 2426 vero
1047 2399 1202 2438 partem,
1232 2399 1345 2436 quam
1367 2387 1586 2433 neutiquam
1603 2397 1694 2423 con-

87 2444 307 2493 temnimus,
340 2457 421 2482 non
445 2446 571 2481 multo
591 2443 682 2494 post,
712 2455 798 2482 cum
821 2443 868 2481 de
889 2445 1115 2493 experientia
1138 2445 1282 2480 literata
1302 2441 1398 2479 inter
1423 2441 1546 2490 logica
1568 2441 1692 2478 tracia—

86 2501 225 2548 bimus,
263 2498 398 2538 cursim
426 2499 726 2551 perstringemus,
785 2500 994 2536 Enimvero
1021 2498 1291 2544 mechanicam,
1328 2497 1375 2534 dc
1397 2507 1470 2544 qua
1492 2507 1595 2532 nunc
1620 2497 1693 2544 agi-

87 2569 183 2602 mus,
221 2557 388 2593 traiiavit
408 2553 627 2592 Aristoteles
638 2553 873 2604 promiscue:
909 2555 1015 2592 Hero
1038 2555 1077 2590 in
1106 2552 1328 2604 spiritalibus
1342 2566 1351 2592 ς
1379 2552 1493 2587 etiam
1510 2550 1696 2600 Georgius

86 2612 282 2661 Agricola,
304 2611 459 2662 scriptor
475 2621 614 2656 reeens,
635 2610 838 2658 diligenter
852 2610 1060 2646 admodum
1074 2610 1114 2645 in
1130 2607 1392 2646 mineralibus3
1412 2607 1549 2654 aliique
1565 2617 1692 2653 quam-

86 2664 239 2718 plurimi
268 2667 308 2702 in
337 2665 505 2711 subjcCtis
535 2665 838 2714 particularibus:
875 2665 970 2702 adeo
995 2674 1036 2701 ut
1062 2675 1142 2700 non
1164 2663 1332 2708 habeam,
1372 2660 1476 2709 quod
1502 2661 1624 2697 dicam
1645 2661 1692 2698 de

85 2717 231 2758 omiflis
247 2719 285 2757 in
311 2721 378 2758 hac
392 2731 517 2769 partc3
546 2718 612 2756 nisi
638 2719 742 2768 quod
759 2719 975 2757 mechanica
999 2717 1222 2768 promiscua,
1252 2717 1457 2754 secundum
1477 2717 1693 2767 exemplum

85 2775 310 2823 Aristotelis,
338 2777 555 2825 diligentius
570 2774 777 2812 debuiss'ent
793 2776 1008 2812 continuati
1028 2785 1094 2825 per
1111 2773 1254 2809 labores
1275 2773 1530 2810 recentiorum
1546 2784 1556 2811 ;
1587 2781 1685 2819 prae-

88 2830 216 2868 sertim
243 2843 331 2868 cum
355 2831 501 2867 dcleem
526 2841 660 2866 eorum
683 2829 1005 2874 mechanicorum,
1043 2839 1208 2876 quorum
1233 2837 1297 2864 aut
1322 2826 1447 2864 caulae
1475 2827 1592 2875 magis
1620 2826 1684 2862 ob-

90 2885 222 2932 scurae,
253 2896 314 2923 aut
330 2885 482 2922 effeetus
505 2885 623 2933 magis
646 2884 805 2921 nobiles.
863 2886 1007 2922 Verum
1023 2884 1087 2932 qui
1110 2884 1149 2920 in
1170 2881 1265 2920 hisce
1282 2880 1458 2928 insistunt,
1488 2878 1586 2929 quasi
1606 2891 1690 2917 oras

89 2950 236 2978 tantum
252 2942 457 2982 maritimas
472 2949 687 2991 perreptant
705 2953 713 2977 ;

1512 3041 1692 3081 ---“])νι’·

1749 165 1840 199 111
