2040 3439
187 233 247 280 28

399 231 494 275 DE
550 222 1046 275 AUGMENTIS
1098 218 1718 267 SCIENTIARUM.
1790 220 1959 269 Libat.

327 340 406 366 tam
437 329 479 366 ad
507 339 680 373 regnum,
710 336 824 374 quam
844 324 890 360 ad
916 324 1078 361 domum
1099 332 1204 358 tuam
1227 320 1401 369 speciant,
1432 322 1550 358 virtus
1587 320 1732 359 videtur
1762 335 1849 361 cum
1871 325 1956 363 for-

325 395 417 422 tuna
439 370 602 422 certares
633 392 755 418 mores
776 379 914 415 scilicet
936 379 1073 430 optimi
1095 388 1183 412 cum
1206 376 1307 412 felici
1327 377 1535 424 regimine3
1564 375 1645 427 spes
1666 379 1753 415 tuae
1768 381 1866 416 olim
1887 392 1948 430 pa-

325 443 463 477 tienter
494 441 530 475 ὅ(
563 439 622 489 pie
652 435 840 472 cohibitae
872 445 960 470 cum
994 430 1105 469 fausta
1142 433 1177 468 ὃς
1210 441 1425 482 opportuna
1455 430 1689 482 speratorum
1721 433 1926 483 adeptione
1935 450 1950 477 ς

325 492 427 531 thori
447 491 655 537 conjugalis
671 489 795 526 landa.
813 487 915 534 fides,
945 499 1033 525 cum
1057 486 1180 523 fructu
1194 486 1364 534 conjugii
1380 486 1504 532 beato,
1532 487 1575 523 in
1590 485 1722 525 sobole
1743 490 1946 538 pulcherri-
1973 520 1976 523 Δ

327 561 409 589 ma3
448 550 507 599 pia
533 533 580 583 &b
593 546 762 594 principe
785 542 985 580 christiano
1009 537 1224 591 dignissima
1247 541 1292 578 ad
1319 551 1450 590 pacem
1471 539 1686 592 propensio,
1723 555 1810 580 cum
1837 541 1953 585 fimili.

326 605 541 640 vicinorum
566 601 781 650 principum
806 597 1067 644 inclinatione,
1099 599 1139 633 in
1163 595 1264 633 idem
1284 606 1419 634 votum
1443 595 1603 634 feliciter
1626 597 1945 649 conspirantium:

332 660 392 695 Sic
416 659 451 695 ὅ(
476 659 515 693 in
540 656 751 693 intelleihis
771 654 828 690 tui
851 653 1008 690 dotibus
1023 664 1106 689 non
1130 652 1249 689 levior
1270 652 1437 703 exoritur
1458 652 1502 687 lis
1523 653 1560 688 ὃ(
1580 654 1796 700 aemulatio,
1825 652 1852 692 fi
1872 667 1946 703 eas,

330 724 423 760 quae
445 723 464 748 a
487 721 619 748 natura
642 708 715 759 ipsa
736 707 919 758 praebitae
944 708 1028 745 sunt
1049 710 1086 745 δε
1114 705 1270 752 infusae,
1297 717 1386 742 cum
1411 702 1684 744 instrufflissima
1707 720 1796 757 gaza
1820 712 1947 754 multi-

330 768 436 818 plicis
458 765 693 812 cruditionis,
723 767 758 801 ὃ(
775 766 1024 816 plurimarum
1044 764 1182 800 artium
1201 761 1352 798 scicntia
1376 762 1673 799 committamus.
1731 765 1868 813 Neque
1889 779 1951 803 ve·

330 834 376 859 ro
404 822 512 858 facile
538 822 666 865 fuerit,
704 830 833 869 regem
857 820 1022 867 aliquem
1045 818 1124 868 post
1152 816 1345 854 Christum
1371 816 1503 852 natum
1530 819 1703 866 reperire,
1741 821 1806 866 qui
1834 820 1949 863 fuerit

330 876 507 921 majestati
530 887 615 913 tuae
636 877 832 912 literarum
856 875 1068 912 divinarum
1095 875 1130 910 ὃ(
1151 873 1401 909 humanarum
1421 869 1595 909 varietate
1619 874 1655 910 ὅ(
1675 874 1820 912 cultura
1843 888 1947 913 com-

329 931 525 981 parandus.
580 933 789 975 Pei-currat,
819 931 884 978 qui
911 930 1087 975 voluerit,
1117 926 1389 977 imperatorum
1414 928 1450 963 ὅ(
1471 938 1602 976 regum
1628 927 1774 976 seriem,
1812 932 1847 968 ὃς
1872 931 1948 977 jux-

330 999 369 1024 ta
392 999 544 1024 mecum
564 985 712 1023 sentiet.
772 986 959 1034 Magnum
980 994 1080 1022 certe
1101 982 1279 1032 quiddam
1300 981 1478 1033 praestare
1499 994 1601 1032 reges
1625 983 1812 1032 videntur,
1842 983 1867 1023 fi
1887 987 1949 1024 de-

329 1043 488 1079 libantes
511 1043 672 1079 aliorum
698 1042 850 1089 ingenia
865 1052 909 1077 ex
932 1040 1164 1091 compendio
1178 1036 1330 1088 sapiant,
1359 1047 1422 1074 aut
1445 1038 1486 1074 in
1502 1038 1644 1075 cortice
1668 1038 1860 1078 doetrinae
1884 1043 1948 1080 ali-

333 1107 518 1144 quatenus
547 1096 744 1136 haereant3
785 1105 847 1132 aut
877 1096 1041 1143 denique
1065 1096 1234 1132 literatos
1262 1102 1391 1129 ament
1417 1092 1661 1143 evehantque.
1718 1094 1773 1132 At
1804 1108 1949 1146 regem,

331 1155 367 1190 ἃ
395 1164 523 1201 regem
555 1162 702 1197 natum,
737 1163 846 1188 veros
866 1151 1092 1188 cruditionis
1115 1149 1242 1186 fontes
1265 1145 1426 1195 haufiss‘c,
1462 1146 1543 1184 imo
1568 1148 1771 1199 ipsammet
1796 1151 1948 1190 fontem

329 1207 553 1244 eruditionis
579 1206 659 1252 effe,
690 1218 809 1258 prope
828 1205 925 1242 abest
953 1217 973 1242 a
1000 1205 1199 1242 miraculo.
1256 1205 1363 1240 Tuae
1387 1214 1479 1239 vero
1499 1203 1675 1247 majestati
1710 1206 1822 1242 etiam
1850 1207 1947 1246 illud

328 1262 483 1307 accedit,
520 1261 625 1309 quod
650 1263 691 1298 in
722 1260 858 1297 eodem
890 1259 1053 1311 peetoris
1078 1261 1135 1296 tui
1165 1258 1316 1303 scrinio,
1356 1257 1475 1294 sacrae
1504 1259 1633 1295 literae
1660 1271 1746 1296 cum
1774 1262 1951 1312 pros-anis

327 1316 601 1356 recondanturs
631 1316 728 1353 adeo
749 1325 791 1352 ut
808 1326 894 1352 cum
915 1315 1096 1352 Hermete
1116 1314 1187 1352 illo
1201 1311 1460 1361 Trismegifio,
1488 1315 1628 1362 triplici
1648 1315 1770 1363 gloria
1794 1316 1947 1367 infigni-

326 1373 409 1417 aris,
436 1371 614 1420 potestate
635 1372 745 1421 regis,
774 1371 1058 1408 illuminatione
1075 1368 1286 1415 sacerdotis,
1315 1367 1531 1406 eruditione
1551 1368 1780 1420 philosophi.
1841 1372 1948 1414 Cum

330 1429 446 1476 igitur
471 1427 564 1463 alios
580 1427 676 1475 regis
699 1427 816 1475 longe
831 1425 899 1462 hac
918 1425 1027 1462 laude
1052 1425 1218 1474 (proprie
1231 1435 1327 1472 quae
1349 1434 1413 1460 tua
1428 1422 1489 1471 est)
1504 1422 1670 1473 superes3
1699 1437 1863 1474 acquum
1885 1420 1951 1477 est,

329 1494 372 1519 ut
398 1493 479 1528 non
507 1481 631 1518 solum
656 1480 859 1532 praesentis
880 1479 1014 1517 saeculi
1034 1480 1133 1516 fama
1157 1482 1194 1516 ὃ(
1220 1479 1472 1515 admiratione
1495 1479 1716 1527 celebretur,
1746 1491 1810 1520 aut
1835 1485 1950 1522 etiam

330 1536 570 1574 historiarum
586 1537 732 1573 lumine
753 1535 956 1585 posteritati
971 1534 1258 1581 transmittatur,
1287 1544 1420 1571 verum
1436 1542 1477 1570 ut
1493 1533 1616 1571 solido
1636 1535 1766 1584 aliquo
1780 1535 1818 1574 in
1835 1550 1953 1589 opere

330 1591 533 1638 incidatur,
569 1591 672 1640 quod
698 1593 735 1628 ὃς
755 1591 850 1641 regis
872 1592 1004 1640 magni
1026 1591 1241 1640 potentiam
1264 1589 1437 1636 denotet,
1467 1591 1505 1626 δε
1531 1591 1627 1639 regis
1649 1600 1728 1627 tam
1750 1589 1949 1643 insigniter

330 1647 434 1684 doffl
455 1647 661 1696 imaginem
679 1646 825 1684 referat.

382 1703 527 1753 QUAR
537 1713 559 1738 Ε
574 1703 628 1748 (ut
640 1702 686 1739 ad
702 1703 924 1751 incoeptum
937 1701 1112 1749 revertar)
1129 1701 1233 1739 nul-la
1247 1699 1374 1750 potior
1387 1699 1482 1737 mihi
1500 1699 1573 1739 visa
1585 1700 1634 1738 est
1649 1701 1808 1745 oblatio,
1829 1716 1947 1754 quam

330 1757 504 1794 traftatus
534 1758 667 1805 aliquis
700 1770 749 1794 eo
778 1757 953 1807 speetans.
1008 1757 1127 1802 Hujus
1152 1766 1422 1805 argumentum
1450 1756 1593 1793 duabus
1625 1756 1806 1795 constabit
1836 1762 1948 1810 parti-

330 1812 410 1849 bus.
466 1813 509 1850 In
539 1813 656 1861 priori
690 1812 797 1861 (quae
828 1813 948 1850 levior
975 1813 1037 1859 est,
1079 1824 1204 1860 neque
1231 1823 1359 1849 tamen
1389 1812 1472 1848 ullo
1498 1812 1622 1848 modo
1649 1816 1966 1861 praetermittem-

330 1867 390 1913 da)
416 1867 463 1904 de
486 1867 660 1905 scientiae
685 1870 721 1905 δε
741 1870 936 1905 literarum
963 1879 1028 1917 per
1051 1869 1184 1904 onmia
1206 1868 1430 1905 *excellentia
1453 1866 1643 1916 agendum
1667 1865 1739 1909 cst3
1776 1870 1813 1907 ὃ(
1837 1867 1949 1911 fimul

329 1922 376 1958 de
399 1923 539 1959 merito
554 1935 702 1969 eorum,
733 1925 798 1972 qui
822 1924 862 1960 in
878 1922 1011 1960 iisdem
1033 1922 1285 1975 provehendis
1311 1934 1467 1971 operam
1482 1923 1628 1960 strenue
1648 1924 1686 1960 &
1701 1935 1789 1962 cum
1804 1925 1953 1970 judicio

331 1977 572 2029 impendunt.
629 1977 814 2015 Posterior
841 1990 934 2017 vero
961 1990 1044 2028 pars
1077 1979 1196 2027 (quod
1224 1980 1334 2027 caput
1365 1979 1419 2014 rei
1448 1976 1513 2027 est)
1541 1989 1745 2030 proponet,
1789 1980 1878 2029 quid
1905 1981 1964 2023 in.v

331 2032 406 2069 hoc
429 2045 567 2082 genere
588 2033 776 2086 hueusque
796 2033 918 2072 actum
943 2031 986 2071 fit
1001 2036 1038 2072 ὃς
1061 2033 1290 2083 perfectum
1320 2032 1471 2082 insuper
1491 2035 1528 2070 δε
1554 2044 1596 2070 ea
1610 2032 1830 2085 perstringet
1852 2049 1949 2089 quae

331 2087 508 2125 videntur
542 2086 760 2130 desiderari3
803 2099 846 2127 ut
880 2090 1050 2138 quamvis
1088 2101 1171 2126 non
1203 2086 1319 2126 aufim
1353 2087 1534 2140 seponere
1566 2099 1630 2126 aut
1663 2089 1828 2139 deligere
1862 2102 1954 2132 tuae

331 2142 436 2190 quod
462 2145 657 2193 praecipue
680 2144 858 2191 majestati
882 2145 1166 2190 commendem,
1193 2154 1323 2181 tamen
1347 2145 1466 2180 multa
1493 2146 1530 2181 ὅ(
1553 2145 1652 2182 varia
1672 2144 1950 2197 repraesentan-

328 2198 392 2243 do,
422 2199 539 2247 regias
552 2209 631 2236 tuas
646 2201 898 2248 cogitationes
914 2201 1073 2237 excitare
1087 2195 1243 2251 possim,
1262 2209 1303 2236 ut
1331 2200 1506 2250 proprios
1532 2199 1693 2248 pestoris
1719 2201 1776 2238 tui
1805 2202 1949 2243 thesau-

333 2265 395 2289 ros
411 2255 583 2299 excutias,
614 2264 724 2303 atque
739 2254 826 2291 inde
842 2266 912 2304 pro
928 2256 1239 2304 magnanimitate
1253 2264 1317 2292 tua
1333 2264 1444 2302 atque
1459 2253 1647 2303 sapientia,
1677 2257 1824 2308 optima
1839 2270 1949 2307 quae·

331 2320 416 2356 que,
447 2308 491 2345 ad
508 2308 644 2347 artium
661 2312 697 2346 8<
714 2308 951 2347 scientiarum
970 2311 1157 2347 terminos
1171 2309 1434 2362 proferendos,
1463 2310 1674 2360 depromas.

386 2365 439 2400 IN
466 2364 546 2412 ipso
566 2364 747 2401 vestibulo
770 2364 904 2416 prioris
918 2367 1043 2413 parm,
1074 2365 1119 2402 ad
1144 2365 1375 2415 purgandam
1391 2367 1490 2403 viam
1515 2367 1553 2403 ὅ(
1575 2363 1674 2413 quasi
1698 2367 1949 2408 indicendum

332 2415 532 2465 silentium,
548 2432 626 2470 quo
637 2419 772 2458 melius
782 2420 980 2458 audiantur
993 2420 1206 2458 testimonia
1217 2421 1265 2457 de
1276 2421 1460 2469 dignitate
1473 2419 1678 2466 literarum,
1695 2421 1831 2471 absque
1844 2425 1948 2464 obla-

330 2475 493 2510 tratione
514 2477 711 2512 tacitarum
732 2476 1006 2521 objectionum,
1034 2474 1140 2513 statui
1155 2477 1284 2527 primo
1304 2476 1395 2513 loco
1410 2476 1568 2512 liberare
1590 2476 1712 2513 literas
1733 2479 1956 2527 opprobriis*

336 2528 373 2563 δε
396 2529 618 2578 vilipendiiS,
649 2531 784 2579 quibus
805 2532 955 2582 impetit
979 2541 1038 2567 eas
1059 2529 1292 2580 ignorantia3
1330 2530 1392 2567 sed
1415 2531 1643 2580 ignorantia,
1672 2530 1739 2568 sub
1761 2545 1844 2572 non
1867 2548 1956 2575 uno

339 2581 546 2619 schemate:
582 2587 705 2624 modo
728 2588 768 2623 in
789 2585 1064 2635 theologorum
1089 2587 1290 2634 zelotypia,
1318 2586 1441 2622 modo
1463 2587 1503 2622 in
1523 2586 1772 2634 politicorum
1796 2587 1954 2639 superci-

337 2636 406 2683 lio,
437 2638 558 2673 modo
581 2640 618 2675 in
636 2640 803 2689 ipsorum
823 2642 1064 2678 literatorum
1080 2641 1270 2678 erroribus
1289 2639 1363 2677 sese
1378 2641 1566 2678 ostentans
1585 2643 1622 2677 ὅ(
1641 2642 1816 2692 prodens.
1871 2647 1954 2686 Au-

338 2691 406 2728 dio
438 2694 583 2741 primos
609 2695 787 2743 dicentes,
824 2696 1018 2734 scientiam
1038 2697 1138 2733 inter
1166 2708 1207 2733 ea
1236 2695 1317 2742 effe,
1355 2708 1449 2744 quae
1478 2707 1588 2747 parce
1607 2707 1789 2746 cauteque
1816 2699 1954 2741 admit..

337 2747 451 2784 tenda
482 2747 586 2784 lunt:
629 2751 812 2789 Scientiae
841 2753 1006 2788 nimium
1036 2753 1244 2803 appetitum
1270 2750 1374 2787 suisse
1404 2752 1571 2801 primum
1599 2763 1808 2802 peccatum,
1847 2758 1950 2797 unde
1983 2756 1987 2760 ⁴

337 2801 504 2838 hominis
528 2803 666 2853 lapsu&
704 2806 892 2855 hodieque
918 2807 1069 2843 haerere
1086 2807 1344 2855 lei-pentinum
1367 2808 1460 2854 quid
1481 2810 1520 2843 in
1542 2819 1595 2853 ea,
1624 2805 1805 2855 siquidem
1826 2812 1949 2862 ingre-

338 2856 445 2893 diens
475 2867 667 2894 tumorem
695 2861 862 2903 inducit3
900 2860 1076 2900 Scientia
1102 2859 1240 2911 infl'at:
1279 2862 1535 2899 Solomonem
1560 2861 1722 2909 censere,
1758 2861 1952 2910 Faciendi

338 2909 456 2948 libros
483 2909 630 2949 nullum
662 2913 733 2964 {ffb
749 2914 883 2965 finem,
922 2915 1160 2969 multamque
1186 2914 1386 2954 lemanem
1413 2917 1544 2954 carnis
1572 2914 1643 2968 affl
1669 2914 1948 2968 afflichonem3

336 2969 372 3003 ὅ(
396 2967 496 3014 alibi,
527 2965 577 3004 In
593 2968 717 3006 multa
729 2970 932 3021 sapientia
957 2969 1121 3009 multam
1136 2968 1208 3023 effe
1230 2969 1537 3023 indignationem
1550 2989 1563 3013 3
1594 2975 1630 3010 &
1654 2973 1722 3025 qui
1735 2983 1852 3027 auget
1863 2977 1944 3031 shi-

335 3022 493 3069 entiam,
531 3034 668 3074 augere
694 3019 740 3065 ὠ·
763 3023 936 3063 dolorem.
994 3029 1043 3064 D.
1062 3026 1165 3064 Pauli
1184 3029 1379 3064 monitum
1404 3028 1487 3074 ess‘c,
1526 3024 1593 3065 Are
1621 3025 1858 3079 decipiamur
1869 3042 1945 3086 per

330 3077 484 3115 inanem
499 3074 805 3131 philofhphiam:
843 3083 947 3132 Quin
969 3084 1005 3119 <St
1033 3083 1260 3132 experientia
1283 3093 1421 3120 notum
1448 3083 1529 3130 css‘e,
1566 3082 1802 3123 doFtissimos
1830 3089 1945 3136 viros,

1819 3140 1943 3181 haere-

1914 3268 1938 3307 3
