2040 3439
91 183 313 250 cap.111.
373 185 470 230 DE
521 184 1010 232 AUGMENTIS
1065 184 1664 236 SCIENTIARUM.

87 293 188 334 parte
202 282 418 332 theologiae
433 283 624 329 naturalis,
653 292 801 320 tantum
819 282 925 328 abest,
955 293 996 321 ut
1016 283 1202 322 desertum
1226 285 1390 332 aliquem
1412 285 1619 332 observem,
1655 299 1696 326 ut

88 338 269 376 excess'um
291 338 417 389 potius
450 339 659 386 reperiam3
688 337 733 374 ad
761 350 873 386 quem
904 337 1184 376 subnotandum
1213 340 1366 390 paulum
1398 339 1477 378 sum
1505 340 1692 390 digressus,

84 402 237 446 propter
254 390 411 429 maxima
428 392 675 429 incommoda
692 394 726 429 ὅ(
743 394 917 441 pericula,
947 405 1040 441 quae
1057 406 1100 430 cx
1120 406 1167 430 eo
1191 401 1271 431 tum
1294 396 1483 444 religioni,
1517 405 1598 433 tum
1614 397 1691 447 phi-

86 447 277 497 losophiae
294 446 516 495 impendent
532 460 541 486 ς
571 455 703 498 utpote
719 448 783 495 qui
806 449 839 484 &
856 447 1079 497 religionem
1095 449 1319 486 haereticam
1334 451 1528 502 procudet,
1558 453 1594 489 &
1611 453 1691 502 phi-

85 501 299 551 losophiam
318 500 578 553 phantasticam
595 504 631 539 ὅ(
647 501 944 551 superstitiosam.

140 559 286 595 SEcus
314 555 374 602 est,
404 557 509 604 quod
530 555 574 592 ad
590 556 834 604 Angelorum
855 560 891 594 ὅ(
909 556 1104 609 spirituum
1122 568 1292 595 naturam
1308 561 1468 600 attinet3
1497 572 1591 609 quae
1612 574 1681 599 nec

84 611 332 650 inscrutabilis
361 609 420 656 est,
450 623 520 648 nec
543 612 765 652 interdiCta3
792 612 836 648 ad
865 625 977 660 quam
1000 612 1123 657 etiam,
1154 626 1196 650 ex
1220 610 1412 660 affinitate,
1441 627 1552 664 quam
1578 616 1687 654 habet

83 679 171 704 eum
195 668 320 703 anima
346 665 520 711 humana,
550 666 670 704 aditus
695 678 829 716 magna
849 680 891 704 ex
921 677 1021 716 parte
1045 667 1093 704 cst
1116 668 1326 719 patcf.16‘rus.
1385 669 1563 719 Praecipit
1588 683 1686 709 certe

84 721 180 760 sacra
207 719 405 770 scriptura5
436 718 563 757 Nemo
579 732 650 758 vos
670 718 840 773 decipiat
869 722 911 759 in
926 719 1409 773 fitblimitatesermonum
1431 721 1477 765 ὠ
1502 724 1684 777 religione

84 774 332 828 Angelorum,
362 775 538 827 ingerens
557 774 605 826 [ὲ
619 776 660 813 in
675 788 731 823 ea,
761 788 858 828 quae
873 789 944 813 non
961 777 1086 814 novit.
1144 779 1330 816 Attamen
1360 776 1384 815 sl
1405 778 1478 815 hoc
1494 783 1689 818 monitum

83 830 280 880 diligenter
299 831 514 882 perpendas,
543 831 621 868 duo
644 831 821 868 duntaxat
847 833 886 868 in
910 844 958 868 eo
986 831 1097 868 vetita
1122 834 1305 884 reperies3
1334 833 1597 871 adorationem
1624 836 1687 874 sci-

83 888 183 932 licet,
212 885 328 934 qualis
351 887 438 922 Deo
452 886 617 932 debetur,
641 886 909 934 Angelorunu
938 889 974 923 ὃ(
995 886 1169 923 fanaticas
1185 887 1231 923 de
1248 888 1291 923 iis
1307 886 1519 936 opiniones,
1548 891 1605 926 vel
1631 893 1686 928 ul-

83 952 140 989 tra
158 951 344 978 creaturae
360 940 500 977 sortem
516 952 579 977 eos
600 940 808 985 efferentes,
837 942 893 979 vel
916 942 1142 992 ampliorem
1157 942 1204 978 de
1220 943 1263 978 iis
1277 941 1551 991 cognitionem,
1574 957 1688 992 quam

83 997 164 1046 quis
189 1007 312 1033 revera
333 996 483 1044 adeptus
506 994 560 1042 sit,
589 996 834 1034 venditantes,
894 996 1096 1033 Caeterum
1113 996 1234 1036 sobria
1257 998 1353 1034 circa
1375 996 1460 1033 illos
1482 997 1686 1048 inquilitio,

82 1063 175 1103 quae
200 1052 257 1089 vel
282 1062 346 1099 per
369 1062 494 1088 rerum
520 1062 783 1100 corporearum
808 1050 939 1087 scalam
963 1050 1009 1088 ad
1035 1063 1169 1088 eorum
1194 1061 1365 1088 naturam
1389 1053 1686 1103 pernoscendam

83 1106 264 1152 ascendat,
303 1106 361 1141 vel
394 1107 434 1142 in
460 1107 584 1142 anima
608 1105 781 1151 humana,
822 1106 938 1143 veluti
967 1107 1007 1142 in
1036 1105 1197 1155 speculo,
1227 1118 1308 1143 cam
1340 1108 1539 1153 intueatur,
1570 1110 1687 1147 neuti-

82 1173 195 1210 quam
210 1160 442 1211 prohibetur.
499 1161 603 1197 Idem
624 1162 670 1198 de
691 1160 877 1213 spiritibus
897 1159 1130 1198 statuendum
1148 1161 1367 1208 immundis,
1397 1164 1461 1210 qui
1477 1174 1496 1199 a
1511 1163 1602 1201 statu
1619 1165 1687 1202 suo

80 1216 311 1254 deciderunt.
372 1215 622 1252 Consortium
652 1228 738 1253 cum
761 1214 816 1262 iis,
846 1226 958 1264 atque
985 1215 1069 1254 usus
1092 1228 1227 1268 operae
1253 1228 1400 1263 eorum,
1430 1218 1583 1256 illicitus
1611 1219 1686 1261 cst3

81 1273 207 1310 multo
231 1273 348 1321 magis
379 1270 645 1320 qualiscunque
669 1272 789 1308 cultus
818 1273 875 1308 vel
905 1273 1109 1308 veneratio.
1167 1271 1223 1308 At
1240 1273 1518 1321 contemplatio
1547 1276 1686 1319 &cog-

81 1325 179 1364 nitio
203 1327 358 1363 illorum
385 1336 547 1372 naturae,
575 1326 773 1378 potestatis,
804 1324 1033 1373 illusionum,
1062 1338 1143 1363 non
1165 1326 1287 1363 solum
1305 1338 1347 1363 ex
1374 1327 1468 1364 locis
1488 1315 1686 1377 scripturae

81 1382 214 1428 sacrae,
254 1381 314 1418 sed
344 1393 385 1417 ex
410 1382 568 1427 ratione,
607 1391 669 1418 aut
693 1382 930 1430 experientia,
967 1381 1064 1419 haud
1092 1379 1275 1430 postrema
1299 1393 1381 1432 pars
1409 1382 1457 1418 est
1486 1383 1686 1434 sapientiae

82 1436 289 1487 spiritualis.
341 1437 401 1473 Sic
415 1445 515 1472 certe
530 1435 747 1484 Apostolus,
764 1431 1086 1487 strategematum
1101 1432 1186 1487 ejus
1205 1447 1278 1473 non
1293 1436 1422 1487 ignari
1434 1434 1574 1485 sitinus.
1620 1439 1683 1477 Ac

79 1503 162 1530 non
178 1493 302 1528 minus
320 1490 552 1528 daemonum
569 1501 739 1528 naturam
755 1491 970 1540 investigare
992 1492 1032 1527 in
1052 1490 1244 1540 theologia
1268 1483 1432 1527 naturali*
1450 1494 1683 1540 conceditur,

79 1557 194 1595 quam
209 1557 444 1583 venenorum
469 1546 509 1582 in
537 1544 694 1595 physica,
723 1555 785 1582 aut
799 1544 979 1583 vitiorum
995 1547 1034 1582 in
1050 1545 1183 1582 ethica.
1237 1546 1343 1582 Hanc
1366 1556 1490 1582 autem
1509 1546 1684 1585 scientiae

79 1611 221 1652 partem
259 1601 305 1638 de
333 1601 492 1650 Angelis
521 1603 557 1637 ὃς
589 1601 836 1638 daemonibus
870 1602 969 1639 inter
1007 1598 1206 1637 desiderata
1233 1612 1432 1637 numerare
1465 1613 1548 1638 non
1584 1603 1685 1649 licet,

80 1654 217 1708 quippe
237 1668 330 1705 quae
345 1656 390 1692 ab
406 1655 502 1692 haud
517 1657 640 1706 paucis
663 1653 704 1692 fit
727 1665 896 1692 tentata:
924 1657 1075 1703 aequius
1104 1654 1202 1700 effer,
1234 1664 1276 1692 ut
1298 1654 1523 1704 scriptorum
1544 1658 1583 1693 in
1611 1657 1683 1694 hoc

80 1723 217 1761 genere
236 1722 317 1761 pars
335 1711 431 1748 haud
447 1722 569 1763 parva,
596 1721 658 1748 aut
679 1711 866 1757 vanitatis,
895 1722 957 1749 aut
981 1708 1255 1762 superstitionis,
1284 1719 1346 1747 aut
1373 1709 1584 1748 subtilitatis
1604 1714 1685 1750 inu-

79 1765 155 1804 tilis
176 1776 394 1817 arguantur.

718 1931 758 1975 C
796 1932 839 1975 A
877 1928 913 1975 P
984 1929 1063 1975 111.

81 2026 264 2074 Partitio
293 2027 489 2068 naturalis
504 2027 770 2082 philosophiae
799 2029 839 2067 in
857 2027 1152 2082 speculativam
1188 2023 1235 2070 ἄρ’
1265 2027 1508 2080 operati-vain
1526 2041 1537 2064 .·
1571 2024 1683 2080 quod-

134 2096 206 2138 que
241 2083 332 2124 illae
361 2084 469 2131 duae,
510 2081 557 2126 όν
587 2085 630 2122 in
655 2085 869 2122 intentione
898 2083 1126 2130 tradimur,
1167 2080 1214 2125 ὅγ’
1239 2082 1281 2120 in
1309 2091 1458 2135 corpore
1486 2082 1683 2120 trac‘t‘atus

122 2138 324 2193 stgregari
358 2138 530 2178 debeant.

222 2280 349 2318 ISSA
388 2281 501 2329 igitur
530 2278 723 2328 theologia
749 2280 905 2316 naturali
935 2277 1010 2328 (cui
1040 2277 1320 2326 inquisitionem
1344 2277 1391 2314 de
1415 2275 1608 2326 spiritibus,
1639 2286 1679 2313 ut

241 2336 486 2386 appendicem
511 2334 771 2379 attribuimus)
805 2334 1020 2371 accedamus
1035 2334 1078 2369 ad
1097 2334 1293 2369 secundam
1310 2343 1452 2381 partem
1471 2345 1480 2371 ;
1507 2332 1682 2368 videlicet

81 2393 184 2429 illam
214 2393 261 2430 de
290 2401 432 2436 natura,
460 2387 529 2426 five
557 2389 834 2438 philosophiam
859 2389 1078 2425 naturalem.
1137 2389 1294 2436 Optime
1317 2388 1571 2431 Democritus,
1601 2384 1681 2423 Sci-

78 2446 228 2484 entiam
264 2444 311 2483 de
344 2452 487 2483 natura
524 2445 564 2482 in
594 2441 803 2495 profundis
832 2443 1002 2490 mineris,
1035 2440 1124 2493 five
1146 2442 1281 2494 puteis
1311 2440 1434 2479 latere
1460 2438 1678 2491 demersam.

82 2503 176 2540 Non
199 2503 295 2538 male
325 2498 527 2549 Chymici3
560 2497 771 2537 Vulcanum
797 2496 962 2535 alteram
983 2504 1164 2535 naturam
1184 2494 1254 2547 effe
1270 2515 1283 2539 ‚-
1316 2495 1531 2549 quinetiam
1556 2492 1602 2532 id
1627 2507 1681 2532 ce-

82 2554 216 2594 leriter
226 2553 423 2608 perficere,
448 2551 551 2606 quod
565 2560 707 2591 natura
723 2561 790 2605 per
806 2550 983 2604 ambages
1009 2549 1055 2594 ὅ)
1070 2552 1251 2603 temporis
1266 2562 1391 2588 moras
1401 2548 1516 2602 folet.
1559 2551 1681 2601 Quid-

82 2610 121 2648 ni
140 2610 252 2662 igitur
268 2608 541 2660 philosophiam
560 2610 598 2645 in
615 2609 702 2646 duas
718 2618 838 2660 partes
860 2607 1035 2654 secemus,
1064 2607 1236 2644 fodinam
1258 2608 1294 2643 ὃ(
1309 2606 1523 2645 fornaccm3
1552 2607 1588 2642 ὃ(
1604 2606 1685 2642 duo

81 2667 346 2704 constituamus
369 2664 681 2714 philosophorum
704 2675 872 2709 munera,
901 2665 1091 2712 operarios
1115 2665 1153 2698 in
1180 2663 1333 2698 mineris
1357 2663 1392 2698 ὃς
1408 2660 1553 2697 fabros?
1586 2662 1682 2696 Sane

83 2729 274 2770 utcunque
300 2721 488 2758 videamur
510 2720 598 2755 haec
617 2731 679 2767 per
700 2717 820 2755 lusum
844 2718 977 2765 loqui3
1009 2728 1133 2754 tamen
1151 2717 1259 2761 hujus
1276 2717 1423 2764 generis
1439 2714 1682 2764 partitionem

82 2773 314 2814 utilissimam
331 2775 399 2812 effe
415 2774 619 2820 censemus,
648 2786 735 2811 cum
754 2783 987 2822 proponetur
1010 2772 1199 2809 vocabulis
1214 2771 1455 2808 familiaribus
1480 2771 1516 2806 ὃ(
1542 2769 1682 2806 schola-

83 2831 196 2872 sticis3
226 2831 299 2868 hoc
327 2831 386 2869 est,
415 2840 455 2866 ut
484 2829 670 2865 dividatur
698 2825 900 2864 ‘Doc‘lrina
928 2824 974 2863 de
1002 2833 1144 2863 natura
1172 2826 1214 2862 in
1241 2822 1520 2878 inquisitionem
1553 2823 1678 2871 causit-

84 2898 167 2923 rum
203 2883 251 2928 εἴ)
280 2883 567 2937 proditei‘ionem
597 2881 811 2932 effcflmim,
835 2879 1125 2933 speculativam
1160 2877 1208 2923 (ἐν
1239 2880 1491 2932 operativam.
1549 2872 1682 2916 Altera

84 2951 236 2978 naturae
261 2940 395 2978 viscera
415 2938 671 2988 perscrutatur,
704 2939 818 2973 altera
844 2947 1013 2972 naturam
1037 2937 1153 2972 veluti
1183 2935 1288 2985 super
1302 2934 1478 2971 incudem
1494 2933 1680 2970 efformat.

85 2996 222 3043 Neque
242 3008 304 3032 me
324 2993 430 3043 fugit,
459 3004 573 3041 quam
589 2993 690 3028 arcto
705 2993 929 3043 copulentur
946 2992 1097 3027 viuculo
1113 2989 1238 3027 causae
1255 2993 1291 3027 &
1314 2989 1476 3035 effecius,
1506 3000 1546 3025 ut
1572 2990 1681 3036 expli-

85 3048 270 3087 cationem
297 3061 430 3088 eorum
451 3049 682 3097 aliquatenus
703 3047 881 3095 conjungi
908 3043 945 3082 sit
969 3045 1121 3083 necesse.
1179 3045 1359 3082 Attamen
1376 3044 1684 3094 quandoquidem

137 3106 243 3144 VOL.
275 3107 301 3144 I.
907 3102 946 3139 N
1557 3099 1683 3133 omnis

1775 206 1838 251 97
