2040 3439
63 227 213 305 siut.
433 236 760 301 Nov'UM
831 240 1312 321 ORGANUM

88 386 94 392 ,
123 351 438 401 QUINETIAM
460 359 502 387 ut
522 361 624 387 nunc
640 349 724 389 sunt
752 356 819 396 res',
848 351 1020 390 conditio
1043 351 1263 391 sermonum
1283 355 1330 392 de
1350 363 1478 392 natura
1507 355 1598 394 fasta
1614 356 1663 394 est

60 405 204 445 ‚durior
232 407 268 442 ὃ(
292 405 409 454 magis
422 416 510 442 cum
528 406 707 454 periculo,
728 415 882 456 propter
897 406 1168 457 theologorum
1186 408 1482 447 scholasticorum
1503 409 1665 449 summas

62 462 108 502 .&
131 459 359 499 method053
387 458 451 508 qui
470 471 558 497 cum
577 459 812 509 theologiam
836 460 932 506 (satis
959 474 1030 511 pro
1048 462 1238 511 potestate)
1268 466 1305 501 in
1326 463 1501 501 ordinem
1519 465 1665 508 redege-

61 515 156 562 -rint,
183 516 221 552 ὅ(
244 513 284 551 in
313 515 401 551 artis
421 514 585 551 formam
618 511 841 561 effinxerint,
872 515 945 552 hoc
973 517 1121 566 insuper
1148 517 1365 565 effecerunt,
1394 530 1434 556 ut
1454 508 1663 569 pugnas&

47 584 50 587 ¹
66 567 212 621 spinosa
231 569 445 606 Aristotelis
459 568 696 620 philosophia
719 571 871 620 corpori
890 569 1091 620 religionis,
1120 573 1203 621 plus
1217 576 1328 621 qn'ar'n
1343 586 1410 625 par
1422 559 1662 621 cratsimmis-

66 634 224 662 ceretur.

60 698 85 718 .’
116 678 295 719 EODEM
322 679 435 716 ctiam
462 678 624 728 spestant
650 679 752 726 (licet
785 679 932 719 diverso
969 681 1101 728 modo)
1136 686 1275 718 'eorum
1308 685 1664 731 commentationes,

59 734 137 782 qui
156 735 350 772 veritatem
374 733 602 771 Christianae
624 734 816 783 religionis
838 747 881 772 ex
906 735 1096 785 principiis
1120 739 1157 773 ὅ(
1184 736 1472 774 authoritatibus
1499 738 1661 787 philoso-

60 788 226 838 phorum
245 788 428 826 deducere
443 791 479 826 &
493 788 717 825 confirmare
745 789 842 827 haud
866 791 973 827 veriti
992 789 1101 830 sunt3
1130 791 1215 827 fidei
1240 793 1275 843 <St
1298 791 1420 828 sensus
1439 794 1662 842 conjugium

63 851 242 892 tanquam
263 844 480 892 legitimum
495 845 614 880 multa
625 855 765 895 pompa
779 847 813 880 ὃς
831 843 1059 881 solennitate
1086 845 1327 891 celebrantes,
1357 848 1393 882 ὅ(
1415 857 1516 894 grata
1536 859 1664 884 rerum

63 898 238 939 vasietatc
266 898 412 936 animos
443 898 648 935 hominum
670 899 972 950 permulcentes5
1004 898 1064 935 sed
1087 897 1240 936 interim
1267 898 1388 936 divina
1408 900 1578 938 humanis
1595 904 1663 938 im-

60 953 141 1004 pam
161 951 380 991 conditione
409 952 680 1002 permiscentes.
734 952 790 990 At
827 955 867 989 in
901 952 1114 997 hujusmodi
1138 952 1295 990 misturis
1323 953 1536 1003 theologiae
1571 959 1658 993 cum'

59 1002 307 1060 philosophia,
338 1021 379 1046 ea
407 1019 568 1054 tantum,
597 1019 692 1055 quae
724 1019 824 1044 nunc
849 1009 889 1044 in
921 1007 1155 1057 philosophia
1178 1018 1323 1057 recepta
1361 1009 1456 1055 sunt,
1487 1021 1657 1060 compre-⁴

57 1059 299 1104 henduntur3
328 1063 388 1100 sed
425 1073 534 1111 nova,
563 1064 650 1100 licet
675 1063 716 1099 in
747 1063 881 1100 melius
914 1072 1066 1110 mutata,
1096 1073 1242 1100 tantum
1266 1075 1348 1100 non
1370 1063 1654 1102 summoventur

57 1117 418 1172 &exterminantun

99 1171 352 1225 -DENIQUE
380 1174 546 1210 invenias
566 1185 608 1209 ex
628 1172 866 1220 quorundam
887 1172 1165 1221 theologorum
1179 1174 1365 1223 imperitia
1380 1165 1523 1210 aditum
1544 1173 1652 1211 alicui

54 1225 326 1277 philosophiae,
347 1229 516 1277 quamvis
542 1228 773 1273 emendatae,
789 1239 881 1277 pene
898 1227 1136 1264 interclusum
1154 1228 1233 1264 effe.
1281 1227 1362 1265 Alii
1377 1224 1554 1274 siquidem
1571 1227 1652 1265 sim-

54 1280 457 1331 pliciussubverentur,
488 1294 535 1319 nc
557 1283 653 1319 forte
670 1280 778 1318 altior
795 1283 833 1318 in
855 1291 1024 1318 naturam
1041 1280 1228 1330 inquisitio
1243 1284 1339 1319 ultra
1358 1283 1571 1320 concefl'um
1595 1282 1649 1320 so-

56 1336 219 1391 brietatis
241 1338 448 1375 terminum
469 1346 640 1386 penetret
657 1352 670 1378 ,-
700 1336 934 1373 traducentes
957 1338 993 1372 &
1013 1348 1203 1386 perperam
1225 1347 1444 1384 torquentes
1464 1349 1516 1382 ea,
1546 1346 1653 1385 quae,

53 1391 102 1428 de
124 1389 257 1431 divinis
282 1391 459 1442 mysteriis
485 1393 524 1428 in
557 1390 744 1442 scripturis
764 1389 880 1434 neris,
907 1390 1075 1427 adversus
1096 1389 1269 1428 rimantes
1291 1392 1424 1428 secreta
1444 1390 1565 1427 divina
1599 1392 1653 1428 di-

54 1455 202 1493 cuntur,
222 1447 268 1484 ad
288 1447 436 1484 occulta
455 1457 618 1492 naturae,
634 1457 726 1494 quac
747 1445 856 1482 nullo
870 1443 1070 1482 interdicto
1093 1445 1354 1496 prohibentur.
1385 1445 1467 1481 Alii
1484 1446 1653 1483 callidius

53 1499 262 1545 conjiciunt
278 1503 314 1539 δε
342 1503 473 1541 animo
497 1500 651 1546 versant,
680 1498 704 1536 fi
725 1498 847 1536 media
866 1497 1103 1548 ignorentur,
1131 1497 1270 1548 fingula
1287 1501 1330 1536 ad
1348 1511 1502 1536 manuni
1522 1502 1556 1536 ὃ(
1578 1502 1650 1536 vir-

54 1555 183 1604 gulam
211 1556 378 1594 divinam
409 1556 526 1604 (quod
549 1555 753 1604 religionis,
783 1564 824 1590 ut
848 1564 995 1603 putant,
1024 1554 1187 1590 maxime
1211 1552 1365 1601 intersit)
1394 1552 1534 1590 facilius
1549 1555 1652 1606 poss'e

56 1609 210 1658 referri3
240 1611 344 1660 quo'd
370 1612 466 1648 nihil
495 1611 595 1647 aliud
630 1610 690 1655 est,
717 1612 829 1659 quam
854 1610 940 1646 Deo
962 1620 1027 1657 per
1058 1608 1295 1658 mendacium
1328 1608 1524 1658 gratificari
1545 1610 1651 1647 velle.

54 1664 139 1702 Alii
158 1666 205 1702 ab
224 1664 399 1717 exemplo
428 1674 614 1712 metuunt,
644 1676 693 1704 ne
717 1673 843 1700 motus
875 1665 913 1700 ὅ(
941 1664 1170 1713 mutationes
1197 1662 1290 1700 circa
1309 1662 1582 1713 philosophiam
1613 1665 1654 1701 in

58 1721 286 1770 religionem
304 1721 497 1758 incurrant
518 1732 558 1757 ac
576 1716 755 1756 desinant.
811 1716 891 1754 Alii
919 1716 1080 1765 denique
1100 1717 1236 1754 soliciti
1261 1719 1445 1762 videntur,
1474 1729 1522 1754 nc
1538 1720 1577 1754 in
1594 1730 1655 1755 na-

52 1784 159 1812 turae
184 1773 425 1824 inquisitione
441 1775 580 1823 aliquid
596 1774 754 1811 inveniri
770 1768 894 1822 possit,
924 1773 1028 1821 quod
1058 1773 1284 1820 religionem
1306 1771 1536 1821 (praesertim
1555 1767 1654 1822 apud

52 1828 241 1878 indostos)
273 1829 466 1875 subvertat,
494 1839 556 1867 aut
590 1829 719 1865 saltem
747 1826 951 1864 labefactet.
1006 1826 1062 1864 At
1098 1826 1151 1863 isti
1179 1827 1257 1864 duo
1285 1826 1501 1876 posteriores
1534 1838 1656 1864 metus

54 1883 163 1922 nobis
185 1885 359 1922 videntur
379 1884 542 1921 omnino
564 1881 776 1934 sapientiam
803 1882 1007 1918 animalem
1031 1880 1174 1930 saperes
1204 1893 1244 1917 ac
1259 1879 1284 1917 fi
1303 1883 1478 1918 homines
1495 1883 1533 1917 in
1549 1893 1654 1918 men-

52 1940 100 1975 tis
119 1938 202 1985 suae
218 1936 413 1976 recessibus
436 1941 473 1975 &
492 1938 639 1975 secretis
655 1935 958 1986 cogitationibus,
988 1935 1035 1972 dc
1047 1936 1279 1972 firmitudine
1298 1935 1502 1984 religionis,
1519 1938 1553 1971 δε
1572 1935 1657 1972 fidei

54 1994 95 2030 in
117 1993 263 2031 sensum
285 1993 457 2045 imperio,
474 1990 686 2030 diffiderent
701 2003 743 2028 ac
757 1990 968 2027 dubitarent
985 2004 994 2031 ς
1024 1993 1059 2028 &
1075 2001 1269 2040 propterca
1284 1991 1328 2026 ab
1344 1988 1583 2038 inquisitione
1599 2002 1657 2026 ve-

53 2049 174 2086 ritatis
194 2047 232 2086 in
253 2049 485 2086 naturalibus
505 2046 712 2097 periculum
732 2043 804 2082 illis
818 2043 1035 2094 impendere
1051 2055 1276 2082 metuerent.
1332 2045 1387 2081 At
1403 2057 1487 2081 vere
1508 2057 1588 2081 rem
1602 2057 1655 2080 re-

51 2097 210 2151 putanti,
234 2103 468 2155 philosophia
483 2103 658 2140 naturalis
672 2100 752 2153 post
778 2100 933 2137 verbum
952 2099 1036 2146 Dei,
1065 2095 1263 2136 certiffima
1288 2099 1552 2148 superstitionis
1578 2111 1653 2135 me-

53 2156 175 2196 dicina
203 2157 252 2195 est
268 2175 280 2199 3
312 2158 516 2206 eademque
542 2152 845 2207 probatissimum
865 2153 950 2191 fidei
973 2156 1208 2191 alimentum.
1264 2156 1390 2202 Itaque
1418 2155 1556 2190 merito
1572 2154 1653 2189 reli-

53 2214 160 2260 gioni
181 2213 343 2250 donatur
362 2222 539 2263 tanquam
565 2207 737 2249 fidissima
760 2210 897 2246 ancilla
915 2222 922 2244 :
952 2221 1038 2246 cum
1063 2210 1177 2246 altera
1191 2209 1424 2246 voluntatem
1440 2209 1524 2253 Dei,
1539 2209 1655 2244 altera

53 2267 286 2315 potestatem,
318 2266 536 2304 manifestet.
592 2268 730 2313 Neque
759 2265 861 2300 enim
882 2266 1015 2300 erravit
1033 2264 1097 2300 ille
1118 2265 1183 2311 qui
1198 2263 1312 2303 dixit3
1343 2260 1518 2307 Erratis,
1540 2260 1656 2312 ncjfci-

16 2347 22 2351 -
53 2320 398 2374 ente.rfirtpt117·as
418 2317 466 2363 όν
484 2318 714 2373 potestatem
729 2316 818 2357 Dei
834 2331 845 2354 .·
873 2316 1184 2355 informationem
1199 2318 1245 2354 de
1257 2318 1465 2362 voluntate,
1484 2315 1522 2352 δε
1540 2316 1655 2352 medi-

50 2374 236 2414 tationem
258 2377 304 2414 de
327 2375 516 2426 potestate,
547 2388 643 2412 nexu
665 2373 862 2411 individuo
876 2372 1124 2410 commiscens
1148 2374 1184 2408 &
1199 2373 1390 2422 copulans.
1421 2372 1576 2409 Interim
1589 2372 1658 2407 mi-

53 2443 124 2468 nus
139 2433 279 2469 mirum
299 2430 358 2478 est,
389 2428 414 2467 fi
429 2429 604 2468 naturalis
632 2426 886 2479 philosophiae
903 2428 1132 2464 incrementa
1153 2427 1317 2464 cohibita
1331 2424 1400 2463 sint
1424 2439 1434 2466 3
1462 2437 1551 2463 cum
1573 2425 1655 2461 reli-

52 2487 130 2534 gio,
158 2497 252 2535 quae
276 2487 485 2536 plurimum
510 2485 607 2535 apud
624 2486 772 2521 animos
787 2481 990 2518 hominum
1005 2483 1136 2530 pollet,
1166 2493 1231 2530 per
1247 2481 1493 2528 quorundam
1508 2481 1659 2530 imperi-

52 2542 145 2578 tiam
166 2543 204 2579 &
223 2542 348 2578 zelum
370 2539 560 2578 incautum
579 2539 618 2576 in
634 2548 778 2588 partem
793 2538 1020 2573 contrariam
1038 2534 1220 2573 transierit
1235 2538 1271 2572 ἃ
1304 2536 1458 2584 abrepta
1477 2534 1602 2572 fuerit.

105 2596 192 2634 XC.
223 2597 422 2635 Runsus
454 2594 492 2632 in
522 2594 692 2632 moribus
716 2595 751 2630 &
779 2589 950 2628 institutis
977 2590 1200 2636 scholarum,
1230 2590 1522 2633 academiarum,
1543 2589 1657 2625 colle-

51 2648 219 2698 giorum,
248 2653 285 2688 δε
311 2648 489 2687 similium
503 2658 778 2693 conventuum,
808 2657 902 2694 quac
926 2645 1127 2682 doctorum
1143 2643 1344 2681 hominum
1360 2643 1504 2681 sedibus
1519 2645 1557 2680 ὅ(
1576 2655 1656 2680 eru-

54 2705 212 2746 ditionis
240 2707 409 2743 culturae
441 2703 613 2742 destinata
634 2702 731 2748 sunt,
761 2702 891 2738 onmia
914 2699 1113 2749 progress'ui
1138 2698 1373 2736 scientiarum
1389 2697 1537 2736 adversa
1554 2696 1654 2734 inve-

56 2760 222 2798 niuntur.
278 2760 477 2797 Leffiones
497 2760 601 2796 enim
625 2760 663 2795 ὃ(
686 2756 859 2794 exercitia
877 2753 926 2791 ita
948 2755 1030 2791 sunt
1053 2752 1233 2802 disposita,
1263 2763 1304 2790 ut
1319 2753 1419 2790 aliud
1439 2757 1459 2790 a'
1472 2751 1658 2790 consuetis

54 2813 151 2853 haud
171 2814 278 2852 facile
293 2816 469 2863 cuiquam
498 2815 537 2851 in
558 2822 728 2849 mentem
756 2811 880 2848 veniat
900 2811 1068 2856 cogitare
1097 2818 1158 2845 aut
1183 2807 1443 2859 contemplari.
1501 2805 1538 2844 Si
1567 2818 1658 2842 vcro

55 2880 152 2909 unus
171 2879 234 2907 aut
255 2871 348 2906 alter
368 2868 518 2906 fortasse
540 2866 666 2913 judicii
692 2866 866 2902 libertate
896 2865 951 2900 uti
969 2862 1186 2908 sustinuerit,
1218 2865 1246 2899 is
1274 2860 1340 2899 sibi
1369 2861 1437 2899 soli
1458 2861 1553 2898 hanc
1574 2873 1661 2909 ope-

59 2935 137 2960 ram
158 2925 355 2974 imponere
370 2919 507 2975 possit3
535 2922 580 2959 ab
594 2922 756 2958 aliorum
773 2929 899 2956 autem
915 2916 1109 2954 consortio
1125 2916 1221 2954 n'ihil
1239 2919 1359 2967 capiet
1379 2916 1559 2954 utilitatis.
1601 2917 1667 2952 sin

57 2979 94 3016 ὅ(
109 2978 182 3016 hoc
198 2979 430 3023 toleraverit,
459 2987 587 3015 tamen
611 2978 652 3013 in
676 2973 889 3023 capessenda
916 2972 1071 3009 fortuna
1094 2971 1308 3008 industriam
1335 2971 1430 3008 hanc
1460 2974 1496 3007 ὃ(
1520 2982 1667 3018 magna-

58 3033 272 3073 nimitatem
298 3031 364 3070 fibi
384 3045 466 3070 non
487 3033 561 3069 levi
581 3030 859 3080 impedimento
887 3026 970 3063 fore
998 3026 1214 3076 experietur.
1275 3026 1404 3062 Studia
1420 3028 1523 3062 enim
1549 3025 1668 3060 homi-

58 3099 153 3125 num
174 3088 214 3125 in
232 3088 417 3134 ejusmodi
443 3085 536 3125 locis
555 3085 594 3123 in
617 3083 856 3137 quorundam
887 3082 1097 3119 authorum
1128 3080 1269 3132 scripta,
1299 3079 1412 3118 veluti
1444 3082 1482 3115 in
1515 3088 1672 3114 carceres.

112 3141 227 3181 VOL.
257 3144 284 3180 Ι.
886 3138 911 3173 P
928 3148 949 3184 p
1492 3130 1667 3168 conclusa
