2040 3465
120 155 212 204 ωδ
325 109 331 115 ἡ
460 133 982 197 REDARGUTIO
1021 138 1782 192 PHILOSOPHIAERUM2

286 239 451 292 singulos
466 236 713 288 recognosco,
734 238 775 273 in
791 245 912 273 unum
927 242 1039 281 atque
1059 230 1162 270 idern
1177 241 1326 281 tempus
1341 230 1586 278 coincidcret,
1617 233 1733 282 idque
1746 245 1907 284 quomo-

289 298 340 334 do
357 295 537 341 evenerit,
568 293 650 330 satis
673 291 803 328 mirari
827 287 909 326 no'n
929 286 1089 338 poss'um.
1146 286 1328 335 Cumque
1343 298 1440 324 unus
1455 299 1498 330 ex
1518 298 1630 326 coetu
1652 288 1904 337 respondisti-ts.

291 364 380 389 eum
395 349 514 401 ipsum
530 349 605 386 hoe
620 348 745 384 otium
766 345 841 382 illis
856 342 991 389 feciss'e,
1020 353 1107 379 cum
1123 354 1218 393 quae
1237 341 1284 378 ab
1300 341 1382 394 ipso
1396 342 1632 394 expestarent
1647 344 1703 380 illi
1727 345 1910 383 ducerent

292 407 403 444 omni
418 406 577 454 negotio
589 400 754 453 potiora:
787 401 914 448 Atque
928 408 969 436 ut
979 395 1103 443 video,
1132 396 1270 446 inquit,
1299 398 1469 436 univeria
1486 398 1548 435 illa
1560 399 1651 441 {aestu
1658 411 1695 435 ra
1710 401 1789 443 ejus
1802 402 1914 449 quod.

293 462 355 499 hic
369 460 613 498 consumetur
628 454 823 508 temporis,
852 466 932 503 quo
955 463 1054 491 certe
1069 464 1137 491 vos
1153 452 1308 505 separati
1326 451 1454 490 multis
1474 453 1698 491 mortalibus
1712 455 1910 504 profuisti-a

293 518 341 555 tis
357 516 401 553 ad
422 526 523 552 meas
545 514 712 550 rationes
728 510 889 548 accedet.
945 507 1063 561 Quod
1086 506 1111 545 fi
1125 506 1176 546 ita
1196 507 1258 555 est,
1287 507 1497 545 videndum
1520 507 1691 558 profefm
1715 521 1763 546 ne
1778 511 1911 556 vosali-

294 573 392 609 utius
406 581 554 607 more-r:
580 566 688 609 simul
710 565 894 612 consedit,
923 564 1059 613 absque
1076 561 1244 613 suggesto
1259 574 1321 600 aut
1337 561 1523 611 cathedr-3,
1552 563 1613 601 sed
1630 577 1672 601 cx
1688 558 1917 614 aequoc'um.

294 626 459 672 caeteris,
489 635 600 672 atque
626 619 843 668 hujusmodi
866 619 1050 668 quaedam
1074 618 1173 672 apud
1202 629 1291 656 eum
1319 617 1528 656 consess‘um
1552 620 1664 657 verba
1686 619 1794 662 fecit3
1822 632 1913 663 nam

295 682 428 727 aiebat,
458 682 523 729 qui
539 679 629 716 haec
645 678 828 723 narrabat,
857 675 1071 713 scillarum
1100 672 1287 724 excepisse,
1318 684 1359 711 ut
1377 672 1515 724 pot-uit,
1543 675 1632 712 licet
1656 687 1742 713 cum
1757 669 1920 726 apud‘l'e

295 749 370 773 una
388 748 476 773 cum
501 734 569 772 illo
585 734 709 771 amieo
733 731 801 770 suo
829 731 895 781 qui
919 741 1008 768 eum
1032 729 1308 775 introduxerat,
1337 741 1379 766 ca
1408 729 1706 778 recognosceret,
1736 728 1921 770 fateretur

296 803 338 828 ea
358 791 473 840 longe
498 790 679 828 inferiora
699 788 741 825 iis
755 799 850 839 quae
872 797 955 824 turn
971 785 1069 822 dieta
1088 783 1216 831 css'ent,
1247 783 1322 821 visa
1344 784 1425 821 effe.
1483 786 1709 835 Exemplum
1731 798 1914 826 auterno-

297 845 454 884 rationis
469 857 584 896 quam
605 853 809 894 exceperat,
838 841 943 895 quod
958 842 1056 878 circa
1080 838 1115 877 se
1136 838 1308 887 habebat,
1337 838 1562 891 proferebat.
1619 841 1717 879 Illud
1732 843 1784 880 ita
1807 841 1923 896 scrip·

294 911 376 938 tum
395 897 481 939 erat.
1626 940 1630 943 ,
1789 940 1795 945 ‘-
1817 938 1823 942 .
1859 940 1862 944 ι

351 958 445 995 Vos
473 967 586 1002 certe,
614 953 690 1002 filii,
720 954 898 992 homines
913 951 993 989 estis
1009 952 1046 988 ὃς
1061 951 1258 992 mortales;
1286 962 1357 988 nec
1366 950 1602 988 conditionis
1616 949 1751 998 vestrae
1765 962 1922 995 tantum*

295 1014 501 1062 poeniteat,
530 1009 555 1047 fi
571 1021 725 1048 naturae
740 1009 875 1046 vestrae
899 1006 982 1044 satis
1001 1004 1264 1044 memineritis.
1322 1006 1426 1043 Deus
1442 1006 1576 1044 mundi
1601 1005 1780 1045 conditor
1796 1009 1833 1049 δε
1850 1021 1915 1053 ¹ve-

297 1066 426 1115 strum,
456 1068 600 1104 animas
618 1066 727 1104 vobis
742 1063 899 1102 donavit
915 1060 1050 1099 mundi
1069 1059 1178 1112 ipfius
1197 1072 1358 1112 capaces,
1388 1073 1459 1100 nec
1478 1072 1608 1099 tamen
1622 1074 1673 1098 eo
1686 1060 1768 1112 ipso
1788 1061 1918 1111 larian-

298 1122 372 1160 das.
432 1125 561 1171 Itaque
588 1121 704 1158 fidem
728 1119 882 1157 vestram
903 1115 968 1155 fibi
995 1115 1168 1169 seposuit,
1198 1117 1388 1155 mundum
1419 1115 1541 1155 sensui
1568 1117 1754 1170 attribuit:
1783 1117 1924 1168 neutra,

298 1188 426 1216 autem
453 1178 604 1215 oracula
623 1178 720 1214 clara
749 1175 820 1213 effe
839 1174 976 1219 votuit,
1005 1172 1067 1210 sed
1091 1173 1275 1220 involuta,
1305 1182 1351 1210 ut
1365 1183 1433 1210 vos
1452 1182 1652 1220 exerceret,
1682 1173 1873 1224 quandoq*
1894 1175 1918 1203 ·-

298 1235 388 1273 dem
413 1234 674 1271 excellentiam
691 1241 817 1268 rerum
834 1229 1067 1279 rependeret.
1127 1227 1257 1279 Atque
1278 1228 1326 1265 dc
1343 1228 1451 1265 rebus
1477 1226 1614 1265 divinis
1628 1228 1838 1280 optimaJde
1854 1186 1919 1273 5:³2

301 1287 354 1327 bis
371 1288 495 1339 spero:
525 1290 622 1325 circa
636 1287 802 1325 humana
816 1296 957 1332 autem,
986 1294 1121 1322 metuo
1136 1285 1256 1331 vobis,
1287 1296 1335 1322 ne
1352 1284 1554 1321 diuturnus
1568 1296 1673 1321 error
1689 1296 1756 1323 vos
1777 1283 1920 1334 usuvce-
2024 1279 2040 1376 x?

299 1343 411 1396 perit..
461 1344 643 1382 Existimo
666 1343 772 1381 enim
786 1341 862 1379 hoc
876 1340 974 1392 apud
990 1351 1057 1378 vos
1073 1338 1220 1389 penitus
1241 1340 1357 1387 credi,
1387 1351 1454 1378 vos
1478 1337 1571 1377 statu
1597 1338 1651 1376 uti
1673 1337 1917 1403 scientiariiiszi
2034 1375 2040 1387 ἶ

298 1400 460 1438 florente
494 1401 530 1438 δε
554 1399 673 1436 bono.
729 1397 814 1447 Ego
835 1394 957 1434 rursus
983 1407 1142 1442 moneo,
1171 1406 1238 1432 vos
1253 1408 1302 1433 ne
1327 1406 1462 1433 eorum
1487 1405 1582 1445 quae
1610 1394 1753 1433 habetis
1767 1406 1831 1440 aut
1851 1391 1913 1449 co}
2028 1378 2040 1460 ι

300 1459 402 1510 piam
423 1465 485 1494 aut
509 1455 716 1493 utilitatem
731 1450 836 1502 quasi?
850 1452 897 1489 ad
921 1462 1107 1501 magnum
1125 1448 1281 1499 aliquod
1313 1450 1500 1500 fastigium
1521 1451 1652 1498 eveffi,
1681 1452 1918 1496 &votorum

303 1521 516 1564 compoteS,
547 1521 609 1548 aut
629 1508 822 1547 laboribus
837 1507 1031 1557 perfunffr
1046 1504 1241 1556 accipiatis.
1298 1507 1416 1555 quue
1438 1503 1487 1543 sic
1501 1504 1741 1544 confiderate.

357 1570 409 1606 SI
435 1569 476 1604 in
500 1578 661 1604 omnem
684 1563 788 1602 illam
805 1562 1032 1615 scriptorum
1061 1563 1279 1599 varietatem
1303 1559 1379 1610 qua
1402 1560 1575 1599 scientiae
1594 1571 1746 1599 tument
1763 1565 1800 1602 ὅ(
1815 1557 1920 1603 luxu-

300 1626 457 1669 riantur,
487 1622 534 1659 de
555 1634 602 1659 eo
617 1620 721 1672 quod
736 1618 900 1656 afferunt
920 1618 1179 1666 interpelletis,
1209 1619 1244 1654 ὃ(
1260 1614 1379 1654 ίὶῑίἂε
1395 1615 1433 1652 &
1453 1616 1568 1666 press'e
1583 1615 1813 1665 examinetis
1841 1617 1923 1656 ub}-

301 1691 374 1727 que
404 1675 593 1729 reperietis
622 1674 786 1721 ejusdcm
816 1673 870 1711 rei
890 1674 1137 1724 repetitiones
1168 1672 1353 1712 infinitas;
1382 1672 1517 1719 verbis,
1545 1672 1696 1718 ordine,
1725 1671 1921 1723 exemplis,

302 1744 413 1782 atque
434 1729 689 1776 illustratione,
717 1727 892 1769 diversass
922 1740 1052 1765 rerum
1068 1726 1214 1764 summa
1230 1729 1266 1764 ἃ
1285 1727 1454 1777 pondere
1468 1739 1511 1763 ac
1528 1739 1613 1764 vera
1627 1727 1807 1777 potestate
1821 1740 1924 1779 prae-

302 1786 432 1826 libatas
448 1799 489 1824 ac
509 1787 620 1836 plane
635 1785 798 1823 iteratas;
826 1793 867 1821 ut
889 1785 928 1819 in
945 1794 1087 1832 pompa
1106 1792 1299 1833 paupertas
1318 1781 1372 1828 sit,
1402 1784 1440 1819 ὃ(
1456 1783 1495 1818 in
1516 1782 1625 1820 rebus
1640 1781 1777 1828 jejunis
1791 1783 1924 1822 fastidis

303 1855 382 1881 um.
438 1841 570 1890 Atque
589 1838 616 1877 fi
630 1838 826 1877 vobiscum
841 1836 1077 1875 familiariter
1093 1838 1200 1885 loqui
1222 1840 1258 1875 ὃ(
1278 1838 1393 1881 jocari
1410 1836 1478 1874 hac
1498 1838 1545 1874 de
1568 1849 1607 1875 rc
1622 1838 1745 1886 liceat,
1773 1835 1926 1888 videtur

304 1899 478 1936 dolfirina
492 1895 607 1934 vestra
622 1907 764 1932 coenae
788 1892 842 1930 illi
870 1892 1025 1945 hospitis
1050 1891 1307 1930 Chalcidensis
1330 1891 1532 1939 fimillima,
1564 1894 1632 1942 qui
1653 1904 1742 1931 cum
1765 1891 1926 1932 inter-100

303 1964 453 2004 garctur
469 1951 570 1990 unde
593 1961 672 1988 tam
696 1951 795 1987 varia
818 1950 991 1987 venatio?
1021 1947 1226 1998 respondit,
1257 1949 1322 1986 illa
1336 1949 1469 1985 omnia
1488 1960 1531 1985 ex
1556 1947 1756 1987 mansueto
1776 1942 1838 1994 sue
1852 1940 1926 1995 effe,

303 2009 407 2047 fasta.
465 2009 604 2055 Neque
619 2008 724 2043 enim
743 2005 932 2055 negabitis
955 2003 1167 2043 universam
1193 2003 1297 2041 istam
1322 2004 1487 2053 copiam,
1515 2002 1570 2041 nil
1591 2002 1691 2042 aliud
1715 2000 1787 2042 effi:
1807 2003 1924 2057 quain

304 2065 526 2115 portionem
541 2061 730 2112 quandam
746 2059 1008 2111 philosophiae
1025 2059 1273 2106 Graecorum,
1302 2070 1460 2108 eamque
1474 2068 1575 2096 certe
1590 2058 1750 2098 minime
1773 2061 1814 2097 in
1829 2059 1926 2113 saltu

304 2129 367 2158 aut
382 2118 478 2156 filvis
502 2127 656 2155 naturae
671 2118 869 2163 nutritam,
899 2115 960 2152 sed
985 2117 1026 2152 in
1046 2113 1182 2153 scholis
1203 2117 1239 2152 ὃ(
1254 2116 1369 2162 cellis,
1397 2125 1580 2163 tanquam
1593 2116 1735 2153 animal
1749 2115 1926 2164 domeffiss

305 2186 394 2213 eum
411 2174 631 2224 saginatum.
688 2171 806 2223 Quod
829 2168 855 2208 fi
870 2183 890 2208 a
906 2171 1057 2208 Graecis
1069 2169 1186 2218 iisque
1201 2171 1326 2222 paucis
1341 2170 1554 2216 abfccdatis,
1583 2170 1674 2219 quid
1690 2169 1848 2209 tandem
1862 2162 1930 2220 ha·-

308 2230 399 2268 bent
421 2230 480 2268 vel
500 2229 684 2276 Romani,
714 2228 772 2265 vel
788 2226 945 2275 Arabes,
975 2227 1035 2263 vel
1050 2225 1178 2273 nostri,
1207 2226 1313 2275 quod
1327 2238 1409 2263 non
1423 2226 1470 2263 ab
1486 2225 1712 2273 Aristotelis,
1740 2223 1930 2277 Platonis,

308 2285 558 2336 Hippocratis,
589 2283 738 2330 Galeni,
771 2281 949 2329 Euclidis,
977 2282 1186 2319 Ptolemaei
1216 2283 1382 2319 inventis
1406 2281 1609 2328 derivetur,
1638 2291 1701 2319 aut
1728 2280 1768 2319 in
1791 2281 1926 2330 eadem

308 2341 467 2378 recidat?
495 2341 623 2390 Itaque
645 2339 778 2376 videtis
793 2339 835 2374 in
850 2337 909 2375 sex
925 2337 1071 2375 fortasse
1092 2336 1297 2377 hominum
1313 2337 1509 2374 cerebellis
1524 2338 1559 2374 ὅ(
1575 2336 1761 2384 animulis,
1791 2336 1870 2389 spes
1884 2338 1924 2377 δε

307 2396 476 2434 fortunas
500 2395 630 2433 vestras
654 2392 733 2431 fitas
756 2393 837 2431 esse.
897 2395 1035 2445 Neque
1050 2405 1142 2431 vero
1165 2391 1308 2430 idcirco
1324 2394 1428 2430 Deus
1441 2390 1548 2429 vobis
1571 2390 1711 2430 animas
1725 2390 1924 2435 rationales

308 2451 461 2497 indidit,
490 2461 530 2488 ut
552 2449 630 2488 suas
644 2459 776 2500 parteS,
808 2448 940 2498 (fidem
957 2449 1096 2486 scilicet
1112 2446 1263 2485 vestram
1291 2460 1385 2500 quae
1408 2447 1546 2485 divinis
1561 2448 1731 2495 debetur)
1761 2444 1924 2485 homini-

310 2507 378 2544 bus
391 2506 601 2544 deferretis:
630 2517 753 2554 neque
778 2503 905 2542 sensus
920 2502 1238 2542 informationem
1252 2502 1402 2541 firmam
1430 2505 1466 2540 ὅ(
1486 2501 1646 2540 validam
1670 2501 1854 2549 attribuit,
1881 2513 1924 2540 ut

311 2573 518 2610 paucorum
534 2561 738 2598 hominum
755 2572 881 2612 opera,
911 2559 973 2598 scd
989 2570 1029 2597 ut
1040 2559 1101 2597 sua
1115 2559 1273 2596 demum
1283 2570 1409 2609 opera,
1438 2560 1591 2595 coelum
1607 2560 1805 2604 &terram,
1833 2569 1926 2595 con-

310 2617 610 2667 templaremini3
642 2616 771 2666 laudes
790 2615 869 2653 suas
884 2615 1128 2662 celebrantes,
1157 2617 1193 2652 ὃ(
1217 2614 1406 2663 hymnum
1430 2615 1579 2651 authori
1603 2614 1722 2651 vestro
1736 2624 1925 2660 canentes,

311 2672 357 2708 iis
371 2672 483 2707 ctiam
500 2673 599 2718 viris,
629 2668 655 2708 si
676 2672 808 2720 placet,
841 2669 949 2718 (nihil
970 2669 1073 2708 enim
1095 2668 1232 2718 obstat)
1262 2671 1303 2706 in
1319 2670 1479 2706 chorum
1494 2670 1663 2721 acceptis.
1925 2668 1932 2676 “

367 2727 504 2778 QUIN
543 2728 657 2764 etiam
691 2725 752 2763 issa
772 2725 846 2776 ipsa
873 2726 1059 2772 doctrina,
1088 2725 1157 2763 usu
1185 2725 1310 2772 vestra,
1339 2723 1487 2775 origine
1519 2725 1672 2769 Graeca,
1702 2735 1797 2775 quae
1820 2733 1925 2762 tanta

312 2792 453 2833 pompa
469 2780 620 2828 incedit,
647 2791 764 2832 quota
776 2793 858 2831 pars
873 2780 942 2819 fuit
958 2782 1021 2818 illa
1037 2780 1238 2833 sapientiae
1259 2781 1512 2818 Graecorum?
1542 2781 1593 2816 Ea
1607 2779 1709 2816 enim
1724 2777 1820 2817 varia
1834 2779 1926 2819 fui13

313 2837 468 2874 varietas
488 2846 613 2872 autem
630 2847 671 2872 ut
695 2837 840 2874 veritati
858 2849 939 2874 non
967 2834 1177 2888 acquiescit,
1207 2837 1258 2873 ita
1290 2847 1359 2872 nec
1388 2847 1558 2873 errorem
1574 2833 1667 2884 figit,
1699 2834 1758 2871 sed
1774 2835 1818 2871 ad
1835 2834 1936 2871 veti->

313 2900 430 2929 tatem
455 2889 503 2929 est
526 2890 634 2927 instar
663 2890 762 2928 iridis
782 2892 827 2929 ad
851 2891 984 2938 solem,
1013 2904 1109 2940 quae
1134 2890 1310 2928 omnium
1335 2890 1546 2940 imaginum
1567 2891 1615 2927 cst
1639 2891 1801 2926 maxime
1825 2888 1925 2926 infir-

313 2959 388 2993 ma,
416 2948 454 2984 &
473 2943 570 2997 quass
594 2945 798 2995 deperdita,
828 2946 890 2984 sed
921 2958 1049 2984 tamen
1078 2945 1218 2996 imago.
1276 2946 1424 2984 Verum
1451 2948 1487 2983 δε
1511 2946 1608 2983 hanc
1633 2957 1786 2993 quoque
1811 2945 1924 2982 varic-

312 3013 429 3039 tatem
441 2999 550 3039 nobis
559 2999 714 3038 extinxit
745 2999 925 3048 (Graecus
936 3004 972 3039 δ(
983 3001 1070 3054 ipse)
1101 3002 1338 3040 Aristoteles:
1368 3001 1495 3046 eredo,
1511 3010 1551 3037 nt
1564 2999 1733 3050 discipuli
1745 3012 1801 3037 res
1811 2997 1924 3049 gestas

311 3067 495 3107 aequaret.
553 3056 683 3106 Atque
703 3053 872 3106 discipuli
888 3056 1131 3107 praeconium
1163 3055 1205 3106 (st
1229 3057 1324 3096 recle
1346 3057 1517 3097 meminiss
1552 3057 1624 3092 tale
1643 3056 1870 3093 celebratur:

1091 3123 1106 3149 1
1807 3105 1923 3149 Felix
