2040 3439
66 259 177 321 Cap.
205 258 237 303 Ι.
347 257 437 305 DE
475 256 921 308 AUGMENTIS
958 260 1492 309 SCIENTIARUM.

68 366 197 392 autem
227 351 336 404 (ficut
364 353 406 391 fit
433 353 470 392 in
487 356 700 392 comoediis
725 353 919 405 aliquibus,
947 358 1014 394 ubi
1043 358 1129 394 hera
1157 369 1243 395 cum
1266 358 1405 396 famula
1434 357 1567 396 vestem
1597 371 1676 397 mu-

63 413 128 457 tet)
161 410 268 461 plane
297 410 475 446 ancillam
504 410 728 448 statuerunt:
759 422 890 463 utpote
922 410 995 448 sine
1030 425 1101 460 qua
1126 413 1306 461 voluptati
1327 417 1531 450 commode
1562 416 1673 451 mini-

65 461 162 503 strati
183 475 264 500 non
279 463 417 512 poss'ct:
448 477 518 501 nec
534 467 658 502 minus
678 466 782 502 illam
804 467 956 503 alteram
983 466 1133 516 Epicuri
1158 467 1335 515 scholam,
1365 466 1462 520 quasi
1496 468 1673 506 reforma-

65 530 164 566 tam5
196 531 290 567 quae
310 516 526 556 felicitatem
538 519 744 558 nihilaliud
755 520 823 557 css'e
837 521 1080 570 praedicabat,
1110 534 1220 572 quam
1233 521 1347 559 animi
1364 522 1672 571 tranquillitatem

66 577 98 613 ὅ(
116 571 367 620 serenitatem,
397 586 417 610 a
431 573 772 623 perturbationibus
796 573 911 621 liberi,
941 578 975 612 &
992 575 1116 616 vacuis
1146 589 1186 612 ac
1215 575 1239 613 fi
1262 577 1399 630 jovem
1425 579 1471 615 de
1488 577 1582 614 solio
1610 579 1671 615 de-

63 629 209 669 turbare
228 628 382 674 vellent,
404 630 441 665 ὃ(
458 629 662 666 Saturnum
683 642 768 667 cum
783 642 895 667 aureo
910 629 1056 667 saeculo
1077 630 1263 677 reducere,
1292 633 1443 682 quando
1467 644 1588 680 neque
1616 646 1670 669 ae-

62 681 210 733 stasnec
225 683 357 720 bruma
376 682 539 730 fuissent,
569 696 650 721 non
679 694 754 731 ver,
783 697 853 721 nec
876 695 1089 732 autumnuS,
1120 685 1180 722 sed
1211 698 1282 722 una
1303 689 1339 723 ὅ(
1368 688 1566 735 aequabilis
1583 687 1670 723 aeris

60 738 278 788 temperies:
318 736 480 786 denique
510 741 546 776 ὅ(
575 740 679 775 illam
713 739 900 791 explosam
930 740 1133 787 Pyrrhonis
1162 742 1197 777 &
1226 742 1360 777 Herilli
1392 741 1566 787 scholam,
1606 743 1669 792 qui

61 790 165 830 fitam
190 801 481 829 autumaverunt
507 793 727 830 felicitatem
757 796 795 830 in
817 793 992 844 scrupulis
1012 794 1214 844 quibusque
1237 795 1353 831 animi
1381 796 1526 846 prorsus
1551 795 1669 832 elimi—

60 846 204 896 nandis,
233 847 380 883 nullam
400 847 595 885 statuentes
621 848 730 884 fixam
760 851 796 884 ὅ(
824 847 1056 885 constantem
1082 849 1174 885 boni
1194 859 1256 885 aut
1284 849 1371 886 mali
1393 860 1574 896 naturam,
1605 851 1666 887 sed

61 902 222 939 actiones
244 913 314 952 pro
330 900 437 938 bonis
453 912 514 939 aut
538 901 643 939 malis
658 903 846 949 habentes,
875 914 988 951 prout
1013 915 1054 938 ex
1081 903 1224 947 animo,
1262 914 1371 941 motu
1395 915 1490 955 puro
1515 907 1549 941 ὅ(
1578 903 1666 941 irre-

60 956 189 1002 fraRO,
219 965 282 994 aut
302 967 444 1003 contra,
475 969 560 994 cum
582 956 813 995 aversatione
828 956 867 993 &2
882 957 1138 1004 reluttatione,
1168 957 1365 1007 prodirent
1382 976 1395 1000 ‚-
1426 970 1520 1005 quae
1535 969 1663 996 tamen

60 1011 192 1063 opinio
207 1011 247 1047 in
263 1009 397 1048 haeresi
413 1012 720 1061 anabaptistarum
745 1010 882 1057 revixit,
915 1010 977 1063 qui
995 1012 1126 1049 cuneta
1142 1011 1392 1051 metiebantur
1411 1014 1508 1058 juxta
1534 1024 1662 1050 motus

60 1063 313 1115 ‹Se-instinctus
338 1065 494 1115 spiritus,
524 1069 560 1107 ὅ(
588 1065 832 1105 constantiam
858 1068 916 1104 vel
939 1067 1216 1105 vacillationem
1230 1067 1328 1104 fidei.
1384 1068 1520 1116 Liquet
1535 1078 1662 1105 autem

61 1119 133 1170 ista,
159 1132 253 1169 quae
281 1120 544 1168 recensuimus,
581 1123 713 1158 omnia
736 1123 781 1160 ad
807 1123 987 1174 privatam
1015 1123 1234 1160 animorum
1263 1123 1586 1171 tranquillitatem,
1623 1125 1661 1161 δε

59 1174 384 1227 complacentiam,
413 1177 522 1214 nullo
536 1177 657 1216 modo
672 1187 795 1218 autern
813 1176 858 1214 ad
875 1176 1022 1213 bonum
1039 1171 1334 1224 communionis,
1364 1177 1533 1227 spectare.

113 1231 280 1267 Pomm
305 1231 492 1280 redarguit
521 1232 635 1269 etiam
663 1231 937 1283 philosophiam
966 1229 1134 1279 Episteti,
1162 1234 1226 1283 qui
1259 1232 1334 1269 hoe
1357 1234 1473 1270 utitur
1495 1231 1660 1283 praesup—

59 1283 213 1336 pofitio:
242 1285 459 1322 felicitatem
474 1285 512 1323 in
536 1285 577 1322 iis
592 1284 683 1336 poni
710 1287 853 1332 debere,
881 1298 976 1334 quae
1000 1288 1039 1322 in
1055 1286 1231 1335 potestate
1245 1286 1367 1324 nostra
1391 1286 1487 1334 sunt,
1516 1299 1564 1323 ne
1599 1287 1660 1324 sci—

58 1342 148 1379 licet
163 1340 337 1380 fortunae
353 1342 388 1377 ὃς
403 1338 538 1379 casibus
563 1339 674 1378 simus
702 1339 875 1379 obnoxii:
904 1337 1002 1391 quasi
1027 1353 1117 1378 vero
1137 1353 1217 1378 non
1232 1343 1358 1378 multo
1372 1341 1484 1378 fuerit
1505 1341 1658 1388 felicius,

59 1396 102 1435 in
116 1395 224 1438 tcc'tis
239 1397 275 1434 ὅ(
289 1393 473 1444 generosis
488 1394 775 1442 intentionibus,
804 1397 841 1432 &
856 1395 1003 1442 finibus,
1031 1394 1095 1446 qui
1113 1394 1305 1444 publicum
1334 1397 1479 1433 bonum
1503 1398 1660 1445 amplec-

59 1460 200 1497 tantur,
236 1448 393 1486 success'u
422 1448 566 1488 destitui
600 1452 637 1486 &
665 1445 836 1497 frustrari,
873 1461 985 1499 quam
1018 1451 1058 1486 in
1073 1451 1263 1496 omnibus,
1292 1462 1386 1501 quae
1411 1451 1455 1487 ad
1484 1449 1663 1501 privatam

57 1514 208 1548 tantum
234 1504 429 1546 fortunam
457 1503 620 1545 nostram
649 1505 871 1551 referuntur,
899 1505 980 1542 voti
1009 1513 1191 1556 perpetuo
1210 1515 1406 1556 compotes
1428 1504 1527 1542 fieri!
1559 1504 1660 1542 Sicut

63 1558 284 1606 ConialvuS‚
321 1560 528 1609 Neapolim
556 1557 675 1608 digito
706 1556 887 1597 militibus
911 1558 1091 1605 indicans,
1119 1559 1297 1609 generosa
1311 1571 1403 1596 voce
1427 1557 1572 1596 testatus
1600 1561 1662 1607 cst,

62 1615 188 1661 multo
206 1609 271 1654 fibi
285 1615 447 1663 optatius
471 1613 566 1661 fore,
595 1626 716 1653 unum
743 1615 878 1664 pedem
907 1615 1183 1666 promovendo,
1219 1614 1265 1652 ad
1293 1613 1488 1651 interitum
1517 1625 1663 1651 certum

61 1681 177 1716 ruere,
205 1680 320 1718 quam
340 1667 446 1707 unius
460 1668 561 1720 pedis
580 1669 715 1708 receffu
731 1668 846 1708 vitam
870 1670 912 1706 in
939 1670 1082 1707 multos
1110 1681 1230 1707 annos
1248 1669 1467 1721 producere.
1527 1670 1602 1706 Cui
1627 1682 1662 1706 e-

60 1726 153 1766 tiam
171 1724 342 1762 concinit
357 1721 520 1763 coelestis
545 1725 617 1764 dux
637 1726 673 1762 &
697 1726 911 1777 imperator,
939 1725 1004 1774 qui
1019 1725 1295 1776 pronunciavit,
1325 1722 1594 1775 conscientiam
1605 1721 1663 1761 bo-

61 1791 152 1822 nam
152 1775 255 1831 juge
269 1775 340 1830 effe
354 1779 581 1817 convivium
591 1795 605 1822 ς,
635 1778 766 1829 quibus
790 1780 912 1818 verbis
932 1790 1058 1830 aperte
1073 1775 1260 1829 fignificat,
1290 1790 1459 1816 mentem
1475 1779 1663 1816 bonarum

61 1835 323 1878 intentionum
345 1830 411 1872 fibi
439 1833 638 1882 consciam,
674 1845 866 1883 utcunque
890 1834 1047 1872 succeffu
1079 1845 1210 1881 careat,
1247 1835 1367 1871 verius
1395 1836 1432 1871 ὃ(
1462 1835 1589 1884 purius
1626 1836 1664 1871 δε

63 1899 217 1930 naturae
231 1888 349 1938 magis
363 1887 658 1927 consentaneum
673 1890 847 1942 praebere
874 1890 1064 1939 gaudium,
1092 1901 1206 1940 quam
1224 1887 1438 1926 universum
1465 1887 1574 1924 illum
1602 1900 1661 1937 ap-

63 1954 247 1997 paratum,
277 1955 355 1994 quo
369 1941 493 1982 instrui
512 1940 626 1996 poffit
640 1943 775 1992 homo,
802 1945 861 1983 vel
876 1954 917 1981 ut
931 1941 1112 1982 desideriis
1127 1942 1196 1981 suis
1210 1943 1366 1990 fruatur,
1394 1943 1451 1980 vel
1473 1953 1515 1979 ut
1530 1942 1659 1980 animo

64 1998 316 2049 conquiescat.

118 2056 423 2098 REDARGUIT
444 2053 576 2092 itidem
604 2052 860 2107 philosophiae
883 2051 1038 2091 abusum
1054 2053 1174 2100 illum,
1203 2051 1298 2089 cirea
1312 2050 1464 2103 Epicteti
1492 2061 1665 2103 tempora

65 2108 209 2160 graffari
223 2118 422 2158 coeptum:
450 2121 586 2160 nempe
602 2110 705 2160 quod
720 2108 955 2162 philosophia
970 2108 1070 2146 versa
1081 2109 1193 2147 fuerit
1214 2106 1252 2144 in
1267 2119 1383 2157 genus
1405 2106 1594 2155 quoddam
1615 2106 1665 2144 vi—

65 2176 126 2207 tae
140 2163 414 2218 professoriam,
444 2166 668 2213 &tanquam
682 2163 721 2201 in
736 2174 854 2202 artem
866 2180 880 2206 3
910 2161 1008 2213 quasi
1029 2163 1161 2201 scilieet
1185 2163 1392 2199 institutum
1408 2160 1664 2213 philosophiae

65 2219 165 2266 esset,
194 2230 275 2256 non
291 2228 331 2255 ut
347 2219 643 2268 perturbationes
657 2219 980 2269 compescerentur
996 2220 1032 2254 ὃ(
1056 2218 1354 2268 extinguerentur
1369 2228 1379 2257 ς
1409 2215 1469 2252 sed
1486 2226 1525 2253 ut
1541 2215 1666 2253 causae

67 2276 107 2319 ὅ(
134 2271 344 2314 occasiones
366 2271 526 2324 ipsarum
555 2273 779 2312 evitarentur
806 2276 843 2310 ὅ(
867 2273 1210 2311 summoverentur:
1250 2272 1412 2319 ideoque
1438 2269 1666 2322 particularis

67 2329 251 2381 quaedam
268 2329 365 2364 vitae
379 2329 477 2364 ratio
503 2329 549 2365 ad
576 2329 650 2366 hoc
673 2327 921 2366 obtinendum
949 2326 1111 2364 ineunda
1129 2326 1234 2364 esset:
1263 2325 1538 2363 introducendo
1567 2324 1663 2372 sane,

68 2385 142 2423 tale
163 2394 282 2434 genus
302 2380 459 2420 sanitatis
472 2382 511 2420 in
529 2383 711 2430 animum,
739 2383 847 2432 quale
878 2381 946 2420 fuit
984 2381 1162 2420 Herodici
1182 2383 1223 2418 in
1251 2392 1426 2432 corpore:
1456 2380 1558 2425 cujus
1587 2392 1664 2418 me-

70 2438 180 2483 minit
195 2437 436 2478 Aristotcles;
464 2436 572 2474 illum
589 2437 723 2475 scilieet
749 2438 846 2475 nihil
860 2437 959 2474 aliud
988 2449 1052 2486 per
1080 2447 1200 2474 totam
1215 2437 1329 2472 vitam
1351 2433 1468 2484 egiss'e,
1498 2446 1608 2482 quam
1625 2445 1666 2472 ut

70 2493 326 2534 valetudinem
340 2503 506 2533 curaret3
535 2495 571 2530 ὃ(
592 2493 750 2545 proinde
764 2491 971 2530 abinfinitis
981 2492 1087 2528 rebus
1097 2490 1300 2537 abstineret,
1330 2490 1498 2538 corporis
1512 2491 1668 2527 interim

73 2540 140 2591 ¹usu
153 2545 251 2601 quast
266 2548 453 2585 multatus.
508 2546 592 2588 Ubi
613 2546 637 2585 fi
664 2548 882 2585 hominibus
905 2542 1028 2583 officia
1057 2545 1239 2583 societatis
1262 2542 1461 2582 consectari
1487 2544 1594 2581 cordi
1613 2542 1668 2591 sit,

72 2605 136 2647 illa
145 2603 302 2644 demum
319 2602 495 2640 valetudo
509 2601 668 2640 maxime
685 2602 733 2640 cst
747 2601 961 2654 expetenda,
990 2613 1083 2649 quae
1097 2600 1274 2649 quassibet
1290 2600 1518 2636 mutationes
1541 2601 1577 2636 ὃ(
1600 2598 1668 2636 im-

74 2669 180 2711 petus
193 2656 437 2710 quoscunque
465 2657 560 2695 ferre
588 2660 625 2695 &
653 2656 800 2695 vincere
825 2667 946 2706 queat.
1004 2656 1151 2693 Eodem
1167 2655 1286 2692 modo
1309 2656 1344 2690 ὅ(
1368 2652 1512 2691 animus
1531 2655 1594 2691 ille
1608 2654 1669 2690 de-

75 2725 183 2758 mum
191 2725 276 2752 vete
291 2715 328 2750 ὅ(
341 2711 490 2763 proprie
504 2711 609 2750 sanus
629 2714 666 2749 ὅ(
682 2712 823 2751 validus
837 2711 1040 2749 censendus
1060 2709 1119 2756 est,
1149 2712 1213 2758 qui
1234 2720 1297 2759 per
1317 2709 1494 2759 plurimas
1512 2710 1548 2744 ὅ(
1571 2721 1669 2745 max-

78 2767 168 2812 imas
181 2766 406 2806 tentationes
416 2769 452 2804 &
462 2765 757 2819 perturbationes
771 2778 1005 2816 perrumpere
1017 2763 1144 2815 potest.
1200 2766 1253 2801 Ita
1269 2774 1308 2801 ut
1319 2765 1464 2813 optime
1479 2764 1672 2812 Diogenes

64 2822 202 2864 ·dixiffe
215 2821 312 2862 visus
326 2818 367 2858 fit
381 2835 392 2863 3
421 2823 485 2873 qui
500 2834 556 2859 eas
570 2820 662 2860 vires
675 2820 791 2858 animi
807 2819 971 2867 laudarit,
1000 2831 1096 2872 quae
1115 2830 1190 2856 non
1205 2815 1259 2855 ad
1269 2826 1381 2856 caute
1399 2814 1670 2868 abstinendum,

73 2874 150 2930 fid
167 2874 223 2916 ad
237 2874 408 2930 fortiter
424 2873 686 2929 sustinendum
711 2873 890 2915 valerent
900 2892 914 2918 ‚-
944 2886 1109 2926 quaeque
1131 2873 1247 2911 animi
1270 2876 1466 2923 impetum,
1495 2874 1609 2909 etiam
1631 2875 1672 2909 in

78 2931 249 2973 maximis
263 2930 493 2984 praecipitiiS,
521 2931 697 2969 cohibere
712 2926 880 2982 poss'1nt3
907 2941 1074 2978 quaeque
1100 2927 1156 2979 (id
1171 2928 1273 2979 quod
1298 2927 1336 2965 in
1364 2929 1467 2979 equis
1487 2927 1580 2964 bene
1596 2926 1673 2963 sub-

82 2987 176 3080 asti}
196 2985 383 3036 laudatur)
426 2985 617 3038 praestent,
654 2996 695 3023 ut
739 2980 955 3023 breviffimo
993 2982 1120 3035 spatio,
1163 2985 1199 3021 ὃ(
1239 2981 1353 3021 fistcre
1388 2982 1423 3019 se
1463 2985 1498 3019 δ(
1533 2992 1674 3018 vertere

81 3053 136 3093 ,po
167 3051 235 3081 int.

1405 3147 1677 3192 POSTREMO,

1764 281 1857 325 199
