2040 3439
44 175 256 244 Cap.111.
285 179 382 224 DE
407 177 839 224 AUGMENTIS
874 179 1399 225 SCIENTIARUM.

40 269 216 324 potestate
236 267 300 307 fita
323 267 390 308 ests
418 267 592 306 fortunae
617 281 709 306 vero
736 270 908 306 minime.
963 271 1089 321 Itaque
1118 270 1401 317 Demosthenes,
1430 282 1510 308 non
1532 271 1645 311 semel

40 326 135 364 cives
162 325 247 362 suos
271 321 486 368 hujusmodi
510 324 629 361 verbis
650 323 781 361 affatus
806 325 874 365 cst;
913 323 1036 377 Qtod
1057 321 1113 362 ad
1125 326 1347 376 praeterita
1365 323 1573 377 pessimum,
1603 326 1649 366 id

44 377 246 432 adfutura
265 378 450 429 optimum
474 374 534 427 est.
592 376 711 430 ‘Qua'
731 377 802 416 hoe
816 377 972 416 tandem
988 377 1076 429 stt?
1104 377 1194 421 Hoc
1217 378 1518 432 ipfttmfiilicet,
1548 381 1652 434 quod

45 432 174 486 vestra
201 431 352 472 incuria
379 428 428 473 όν
450 430 561 484 calpa
577 445 638 469 res
667 431 817 483 vestrae
839 432 938 471 male
954 433 1002 486 fi
1028 431 1219 472 habeant:
1247 427 1360 472 Nam
1365 432 1409 486 st
1433 447 1505 473 vos
1525 434 1646 485 offi'cio

46 487 171 541 vestro
189 497 262 540 per
292 487 419 524 omnia
433 484 635 538 perfanc'i'i
654 485 795 538 effetis,
826 484 874 530 ὠ
900 486 1150 526 nihilominus
1154 486 1288 539 status
1308 488 1432 540 vester
1459 498 1504 529 ut
1532 481 1644 539 nanc,

48 541 262 595 laborasset,
291 554 337 580 ne
350 540 444 593 spes
475 538 628 594 quidem
656 541 804 596 reliqua
829 541 933 595 effet,
961 555 1044 581 eum
1063 542 1251 596 faturum
1282 543 1492 598 aliquando
1523 546 1647 585 melio-

50 612 140 638 rem.
196 598 292 636 Cum
312 608 404 633 vero
418 608 563 633 errores
582 594 702 647 vestri
721 600 762 636 in
785 598 898 651 causa
914 596 1148 651 potiſjlmum
1170 596 1330 651 fuerint
1342 617 1355 643 ,-
1386 598 1648 650 confidendum

41 653 172 709 plane,
189 664 273 700 vos,
289 650 371 689 illis
387 648 613 699 emendatis,
633 651 995 705 prssinztmstatztm
1010 651 1177 705 vestrum
1190 662 1481 706 recuperaturos.
1540 658 1649 694 Simi-

47 709 132 759 liter
159 708 347 760 Epictetus
375 706 421 743 dc
445 707 619 756 gradibus
647 707 923 760 tranquillitatis
952 708 1068 745 animi
1082 709 1191 746 verba
1214 708 1373 750 facicm
1402 709 1575 748 infimum
1596 714 1650 749 lo-

48 762 135 803 cum
163 763 236 800 inis
264 760 446 808 attribuit,
474 761 539 810 qui
566 763 660 800 alios
690 763 879 801 accusant:
910 763 1141 813 superiorem
1168 763 1222 809 iis,
1252 765 1316 812 qui
1348 763 1499 815 seipsos;
1529 764 1650 816 ssipi-e-

50 830 156 857 mum
186 829 276 855 vero
291 815 371 863 illis,
401 818 551 867 quince
577 819 669 854 alios
686 830 755 854 nec
779 818 921 868 seipsos.
978 819 1086 855 Fallit
1117 817 1292 864 secundo,
1321 829 1476 870 propter
1504 819 1648 858 inlitam

48 872 179 913 animis
195 872 369 910 humanis
384 870 606 923 superbiam3
635 885 706 921 qua
730 885 838 922 aegre
866 873 1099 910 adducuntur
1120 873 1306 919 homines,
1336 884 1377 910 ut
1401 885 1544 911 errores
1567 888 1649 925 pro-

48 930 148 981 prios
170 927 387 979 agnoscant.
442 927 528 963 Hoc
552 939 645 965 vero
673 939 713 965 ut
742 929 899 973 evitent,
927 926 1151 979 patientiam
1180 927 1359 964 adhibent
1391 929 1506 978 longe
1535 932 1652 975 majo-

51 996 133 1022 rem
147 983 189 1034 in
211 981 253 1020 iis
277 983 394 1028 marn,
423 993 517 1030 quae
536 983 644 1032 culpa
662 981 723 1019 sua
748 992 1024 1019 contraxerunt.
1081 981 1244 1028 Etenim,
1273 983 1599 1031 quemadmodum
1614 986 1653 1023 fi-

50 1037 104 1077 eri
127 1037 308 1084 videmus,
338 1046 378 1074 ut
399 1048 486 1073 cum
511 1038 619 1088 culpa
643 1037 791 1074 aclmiss'a
818 1035 871 1084 lit,
901 1050 1023 1085 neque
1052 1037 1098 1074 de
1127 1038 1277 1074 auetore
1299 1037 1518 1085 constiterit,
1549 1039 1655 1089 supra

52 1093 217 1133 modum
234 1090 496 1130 excandescant
518 1091 691 1129 homines
723 1095 759 1130 &
787 1094 1084 1130 tumultuentur:
1114 1092 1218 1143 quod
1234 1090 1258 1128 fi
1279 1092 1401 1142 postea
1416 1094 1456 1131 in
1480 1093 1656 1132 notitiam

52 1145 274 1199 pervenerit,
302 1148 451 1198 culpam
476 1145 579 1184 illam
603 1147 649 1184 ad
664 1146 796 1194 filium,
825 1157 887 1184 aut
916 1159 1070 1184 uxorem
1100 1157 1162 1185 aut
1177 1147 1382 1196 gratiosum
1397 1149 1561 1197 aliquem
1578 1161 1657 1199 per-

53 1204 186 1249 tinere,
211 1200 330 1239 statim
362 1201 533 1239 sedantur
562 1203 692 1239 turbae
722 1206 759 1239 ὃ(
787 1200 1048 1239 consilescunt:
1078 1203 1225 1239 Eodem
1252 1203 1372 1240 modo
1399 1203 1452 1249 fit,
1483 1215 1571 1240 cum
1600 1217 1657 1242 res

54 1258 175 1310 aliqua
198 1256 341 1303 accidit,
369 1266 522 1309 propter
546 1269 659 1305 quam
683 1254 873 1294 necessitas
894 1258 1091 1304 incumbit,
1120 1258 1268 1308 eulpam
1297 1259 1336 1295 in
1358 1270 1429 1294 nos
1452 1255 1547 1306 ipsos
1569 1262 1657 1296 reci-

55 1311 200 1365 piendis
249 1312 290 1349 Id
319 1312 421 1360 quod
438 1314 477 1349 in
497 1313 716 1349 mulieribus
734 1309 958 1361 saepissimae
974 1311 1212 1361 conspicitur,
1241 1324 1334 1360 quae
1351 1311 1373 1349 si
1395 1312 1486 1361 quid
1503 1313 1658 1351 infeliciL

55 1380 115 1407 ter
129 1377 298 1418 egerunt,
327 1377 459 1404 contra
475 1366 698 1403 consensum
715 1376 912 1418 parentum
928 1377 990 1404 ant
1011 1369 1233 1414 amicorum,
1264 1369 1524 1415 qualecunque
1545 1369 1660 1406 infor-

55 1424 209 1462 tunium
227 1421 407 1472 sequatur,
436 1421 527 1459 illud
544 1421 673 1458 sedulo
692 1419 986 1458 dissimnlabunt.

58 1502 82 1515 2
114 1474 312 1530 Sophffma
325 1488 364 1525 9.
421 1478 635 1514 GRADUS
673 1475 890 1526 privationis
919 1477 1042 1521 major
1071 1476 1229 1520 videtur,
1260 1489 1374 1525 quam
1394 1476 1529 1527 gradus
1554 1478 1663 1515 dimi-

56 1534 257 1572 'nutionisz⁴
277 1534 315 1569 ὃ(
343 1532 483 1572 rursus3
513 1531 645 1581 gradus
675 1531 900 1582 inceptionis
927 1532 1048 1577 major
1074 1531 1221 1568 videtur
1242 1543 1356 1581 quam
1385 1532 1518 1582 gradus
1548 1534 1665 1570 inerc-

56 1589 194 1626 menti.

117 1643 308 1680 CANON
335 1641 439 1679 estin
459 1639 752 1682 mathematIcis3
783 1642 902 1679 nullas
918 1640 988 1678 'effe
1011 1640 1173 1678 rationes
1192 1640 1299 1678 nihili
1322 1640 1366 1678 ad
1391 1640 1542 1690 aliquid.
1599 1643 1665 1679 Ita-

61 1703 137 1749 que
157 1697 290 1748 gradus
322 1696 500 1734 nullitatis
528 1699 564 1734 ὅ(
590 1697 820 1747 quidditatis,
850 1697 1008 1744 majores
1039 1696 1214 1733 videntur
1242 1697 1413 1745 gradibus
1442 1698 1669 1734 inerementi

61 1753 104 1793 ’δεῖ
118 1754 358 1790 decrementi.
418 1751 520 1790 Sicut
553 1753 764 1789 monoeulo
791 1751 917 1789 durius
944 1752 1003 1798 est,
1033 1763 1154 1788 unum
1177 1751 1332 1801 perdere
1360 1752 1528 1798 oculum·⁷
1556 1764 1672 1802 quam

58 1812 272 1856 'utrumque
292 1808 447 1844 oculum
462 1806 622 1844 habenti.
682 1806 861 1845 Similiter
875 1808 1088 1856 complures
1107 1805 1242 1843 liberos
1269 1806 1424 1844 habenti
1443 1807 1589 1856 gravius
1610 1807 1672 1852 est,

67 1865 262 1909 ultimum,-
283 1862 353 1911 qui
382 1862 553 1914 superstes
572 1862 695 1908 fuerit,
723 1862 843 1899 filium
865 1860 1045 1908 amittere,
1075 1873 1187 1909 quam
1216 1862 1381 1909 reliquos
1395 1863 1548 1910 priores.
1604 1863 1673 1898 Ita-

64 1931 144 1969 que
159 1921 196 1956 &
212 1918 365 1967 Sibylla,
392 1929 479 1954 eum
503 1917 597 1955 duos
618 1915 759 1966 priores
785 1917 899 1953 libros
919 1913 1184 1962 combufliss'et,
1212 1918 1376 1965 pretium
1391 1914 1490 1953 tertii
1509 1916 1672 1967 duplica·

69 1977 145 2012 vit:
176 1973 371 2022 Siquidem
390 1971 487 2009 illius
515 1969 663 2009 amiffio
686 1972 817 2021 gradus
832 1969 949 2008 fuisset
969 1970 1195 2021 privationis,
1224 1982 1306 2007 non
1331 1970 1608 2007 diminutionis.

126 2025 339 2067 Elenchas.
394 2029 590 2065 FAL-Lm
621 2027 805 2077 sophisma
833 2026 968 2076 primo,
999 2035 1152 2075 propter
1181 2037 1239 2062 eas
1256 2037 1323 2071 res,
1351 2036 1509 2076 quarum
1531 2024 1613 2062 usus
1635 2023 1676 2061 in

74 2081 292 2133 sufficientia
306 2083 479 2134 quadam,
507 2081 575 2120 five
595 2080 864 2132 competentia}
893 2081 966 2119 hoe
981 2081 1042 2127 est,
1075 2082 1283 2129 quantitate
1299 2080 1558 2126 determinata,
1586 2091 1677 2117 con-

67 2137 168 2177 ·fistit.
226 2137 264 2176 Si
285 2140 367 2189 quis
382 2137 483 2175 enim
499 2139 686 2187 obligetur
702 2138 910 2189 poenaliter
925 2137 968 2173 ad
986 2135 1215 2173 solutionem
1240 2146 1359 2172 certae
1386 2136 1563 2186 pecuniae
1581 2134 1678 2171 sum-

75 2206 171 2240 mae,
201 2194 246 2231 ad
272 2193 372 2230 diem
387 2203 553 2232 certunm
581 2194 725 2242 gravius
746 2193 778 2228 ei
800 2191 924 2238 fucrit,
954 2203 1118 2228 nummo
1139 2192 1255 2227 unico
1269 2202 1382 2227 aureo
1402 2202 1536 2236 carere,
1565 2201 1680 2238 quam

76 2247 101 2286 fi
124 2247 244 2298 posito
269 2248 373 2296 quod
399 2249 462 2284 illc
485 2249 617 2285 unicus
641 2248 757 2297 parari
788 2259 869 2283 non
897 2247 1078 2297 potuerit,
1107 2245 1270 2282 deess'ent
1297 2246 1410 2282 etiam
1443 2245 1576 2280 dccem
1603 2245 1677 2281 alii.

80 2303 257 2342 Similiter
286 2305 325 2339 in
345 2300 624 2339 decoffionibus
651 2302 875 2347 futurarum,
903 2297 1121 2337 damnosior
1150 2298 1294 2336 videtur
1319 2299 1452 2348 gradus
1473 2298 1679 2336 obaeratio-

78 2358 145 2406 nis,
174 2359 239 2407 qui
268 2359 410 2407 primus
438 2356 577 2394 sortem
599 2355 758 2393 minuitss
786 2367 899 2405 quam
929 2366 1126 2400 extremuS,
1156 2353 1218 2402 qui
1243 2355 1286 2390 ad
1316 2353 1512 2403 egestatem
1533 2353 1682 2403 redigit:

81 2415 164 2452 Huc
180 2413 342 2466 spectant
364 2411 549 2449 formulae
574 2412 658 2448 illae
687 2409 852 2448 usitatae:
884 2410 958 2447 sera
988 2410 1028 2446 in
1051 2409 1173 2446 fundo
1201 2407 1440 2460 parsimonia:
1469 2419 1601 2456 parum
1630 2407 1683 2445 in-

81 2467 198 2516 terest,
228 2478 354 2505 utrum
370 2467 464 2504 nihil
489 2467 632 2512 habeas,
661 2478 708 2503 an
729 2466 831 2514 quod
856 2464 948 2502 nihil
968 2465 1084 2510 juvet,
1114 2466 1181 2500 διο.
1239 2464 1346 2500 Fallit
1370 2463 1545 2509 secundo,
1575 2474 1685 2512 prop<

83 2533 140 2561 ter
154 2522 246 2561 illud
267 2520 489 2572 principium
519 2521 557 2558 in
579 2530 721 2566 natura,
750 2520 852 2569 quod
873 2521 1066 2568 corruptio
1093 2520 1214 2565 unius,
1241 2515 1283 2554 sit
1309 2516 1502 2567 generatio
1523 2516 1682 2555 alterius.

85 2578 199 2626 Adeo
215 2588 256 2615 ut
271 2577 401 2627 gradus
417 2576 490 2626 ipse
506 2575 723 2626 privationis
743 2577 910 2620 ultimae,
939 2576 1064 2611 minus
1081 2573 1267 2610 interdum
1287 2572 1562 2620 incommodet,
1591 2585 1689 2621 quo-

87 2635 189 2670 niam
206 2632 330 2669 ansam
346 2634 382 2669 &
397 2632 586 2668 stimulum
602 2631 752 2680 praebet
768 2642 887 2668 novae
902 2630 1011 2667 alicui
1028 2630 1165 2666 rationi
1190 2627 1386 2665 ineundae.r
1442 2627 1562 2667 Unde
1575 2629 1689 2664 etiam

87 2688 358 2725 Demosthenes
375 2686 511 2738 saepius
532 2687 775 2737 conqueritur
791 2685 886 2735 apud
905 2686 1000 2721 cives
1017 2683 1116 2721 suos:
1151 2679 1400 2720 conditiones
1415 2682 1541 2719 minus
1557 2680 1688 2727 utiles,

92 2739 395 2793 &honorzficaig
426 2753 560 2794 quasa
585 2738 771 2793 ‘Philippo
786 2737 977 2792 imposttas
989 2735 1187 2790 subibant,
1217 2735 1324 2775 nihil
1343 2735 1454 2774 aliud
1466 2735 1548 2788 effe,
1604 2748 1691 2774 nam

92 2795 281 2835 alimenta
308 2795 494 2849 quaedam
524 2793 686 2848 ipsarum
713 2794 899 2848 ignaviae
923 2791 968 2833 <1³2-
988 2790 1211 2845 fhcordiae3
1249 2799 1294 2830 ut
1323 2790 1447 2830 multo'
1474 2792 1531 2829 z'is'
1548 2749 1691 2843 sitisset

83 2851 217 2904 satius
245 2850 329 2889 illis
357 2851 505 2889 omnino
538 2862 678 2895 carere,
716 2855 922 2902 propterea
955 2845 1058 2901 qnod
1087 2846 1157 2885 hoc
1176 2846 1294 2899 paHo
1326 2844 1514 2898 industria
1543 2845 1697 2884 illorum

93 2905 229 2944 melius
260 2905 347 2944 acui
370 2903 485 2959 poffit
512 2903 567 2942 ad
601 2904 682 2942 alia
702 2902 884 2956 paranda
910 2901 1087 2941 remedia.
1147 2904 1338 2940 Novimus
1371 2913 1472 2939 certe
1506 2903 1697 2939 medicum

94 2959 296 3010 quendam,
324 2962 399 3012 qui,
428 2961 647 2998 mulieribus
662 2959 839 3005 delicatis,
870 2959 1113 3007 quer-entibus
1139 2957 1174 2995 se
1199 2959 1295 2995 male
1312 2958 1458 3004 habere,
1490 2956 1550 2994 scd
1571 2967 1698 2992 tamen

96 3028 116 3053 a
138 3016 419 3054 medicamentis
434 3015 611 3054 omnibus
629 3015 842 3061 abhorrere,
873 3014 1012 3051 solebat
1028 3012 1159 3060 dicere,
1191 3025 1271 3050 non
1287 3015 1412 3050 minus
1428 3013 1556 3056 facete,
1585 3020 1698 3058 quam

1525 3069 1696 3102 morolez

1725 194 1816 247 1'75
