2040 3439
52 177 175 239 Cap
201 173 281 220 111.
320 172 420 223 DE
467 168 1000 222 AUGMENTIS
1051 174 1688 230 SCIENTl-ARUM.

64 280 186 318 lium:
214 277 322 323 hujus
346 277 454 314 enim
484 275 630 325 generis
646 275 758 314 etiam
793 276 1002 324 inferiores,
1033 279 1158 327 quoad
1170 279 1390 332 peditatum,
1421 284 1592 333 agricolis
1609 287 1690 336 ipsis

63 332 225 373 minime
238 332 394 372 cedunt.
456 333 585 383 Quare
599 327 846 369 certissimnm
863 330 923 379 est,
951 334 1055 380 quod
1083 335 1414 384 magnificentia&
1431 339 1606 391 splendor
1623 345 1687 381 illc

64 387 266 438 hospitalis,
295 397 405 438 arque
419 385 618 432 famulitia,
648 389 685 424 δε
700 385 814 424 veluti
832 386 1000 424 satellitia
1016 391 1152 439 ampla,
1180 402 1274 438 quae
1303 394 1343 428 in
1364 404 1473 431 more
1490 394 1573 434 sunt
1589 400 1685 449 apud

65 444 212 481 nobiles
246 445 282 479 &
311 441 515 491 generosos
538 439 576 478 in
604 440 760 491 Anglia,
790 443 835 479 acl
863 441 1077 491 potentiam
1114 446 1318 483 militarem
1347 448 1512 497 apprime
1543 453 1684 490 condu-

59 503 176 536 scantz'
201 495 266 534 ubi
285 507 430 542 eontra,
459 495 647 533 nobilium
678 496 833 534 obscura
857 501 894 534 δε
919 499 1036 547 magis
1063 501 1202 547 privata
1227 503 1263 538 ἀ
1291 503 1332 538 in
1350 501 1386 539 se
1415 504 1562 543 reduCta
1585 508 1683 545 vitae

63 555 162 591 ratio
192 553 318 601 copias
339 550 515 588 militares
530 550 680 588 minuit.

56 632 61 636 -
104 614 154 658 ⁵4.
184 609 262 645 DA
278 617 387 643 NDA
421 605 470 642 est
490 607 656 643 omnino
677 618 798 655 opera,
829 617 869 645 ut
885 609 994 645 arbor
1011 608 1072 646 ista
1096 610 1349 658 monarchiae,
1381 615 1499 661 qualis
1513 615 1586 653 fuit
1603 618 1681 656 Ne-

36 663 396 710 ‚2huchadnezzaris‚
434 672 613 698 truncum
638 663 768 698 habeat
795 662 877 700 satis
897 665 1067 712 amplum
1097 666 1129 700 ὅ(
1155 665 1360 713 robustum,
1385 668 1430 705 ad
1456 681 1580 708 ramos
1596 671 1681 710 suos

65 716 572 756 &frondesfiistcnta11dosz
602 717 687 753 Hoc
703 716 762 762 est,
788 729 829 754 ut
864 729 1043 755 numerus
1067 718 1340 768 indigenarum,
1374 724 1419 759 ad
1437 723 1601 763 subditos
1623 740 1680 765 cx-

64 784 213 811 traneos
224 770 469 818 cohibendos,
499 770 579 808 latis
598 770 776 822 superque
793 769 958 809 sufficiat.
1016 774 1074 809 llli
1092 773 1201 822 igitur
1223 775 1331 812 status
1352 777 1396 813 ad
1409 779 1555 830 imperii
1576 794 1676 832 mag-

64 829 278 866 nitudinem
305 827 401 864 bene
415 825 620 875 comparati
637 825 732 872 sunt,
763 826 826 874 qui
842 828 898 871 jus
911 826 1068 864 civitatis
1094 828 1200 865 facile
1226 831 1263 865 ὅ(
1279 829 1439 868 libenter
1456 834 1673 878 largiuntur.

64 884 171 920 Vana
190 880 370 929 siquidem
389 881 502 918 fuerit
522 879 667 932 opimo,
696 880 796 930 poffe
825 882 1061 931 manipulum
1083 882 1296 930 hominum,
1327 876 1526 938 utcunque*
1538 890 1672 929 animis

64 935 283 976 &ieonfilio
311 936 504 983 excellant,
528 937 700 985 regiones
728 934 849 973 nimio
875 938 957 985 plus
985 938 1125 988 amplas
1151 940 1187 974 δε
1216 938 1387 990 spatiosas
1416 942 1562 991 imperii
1579 947 1671 989 jugo

54 991 238 1031 cohibete
258 993 294 1028 ὅ(
323 991 499 1028 fraenare.
555 991 595 1027 Id
624 990 669 1028 ad
693 1000 840 1040 tempus
868 991 1014 1028 fortafl'e
1045 992 1165 1029 facere
1193 990 1346 1043 poflint,
1373 994 1434 1033 sed
1454 989 1674 1038 diuturnita-

63 1054 144 1086 tem
160 1046 249 1084 haec
264 1058 318 1083 res
344 1057 426 1082 non
446 1045 654 1094 assequitur.
713 1047 882 1095 Spartani
916 1048 1015 1098 parci
1044 1047 1208 1094 fuerunt,
1239 1052 1276 1086 δε
1299 1046 1467 1088 difficiles
1492 1052 1530 1090 in
1559 1067 1675 1105 coop—

62 1101 184 1140 ta'n'dis
205 1099 313 1139 novis
341 1099 490 1138 civibus.
549 1101 679 1146 Unde,
712 1101 835 1138 donec
861 1102 956 1138 intra
971 1113 1103 1150 parvos
1124 1102 1261 1140 limites
1280 1103 1462 1143 dominati
1489 1107 1584 1152 sunt,
1616 1123 1671 1148 res

63 1167 199 1196 eorum
225 1156 355 1193 firmae
386 1155 537 1194 fuerunt
567 1158 603 1192 ὃς
625 1153 784 1193 stabiles:
814 1156 869 1193 At
884 1156 1079 1207 postquam
1095 1159 1233 1195 limites
1263 1157 1347 1196 suos
1363 1163 1563 1212 eoepissent
1585 1177 1670 1214 pro·
1718 1170 1721 1173 “

63 1212 173 1259 ferre,
198 1213 234 1248 &
256 1212 364 1248 latius
389 1209 588 1257 dominari,
630 1221 744 1260 quam
768 1220 809 1247 ut
843 1209 942 1260 stirps
977 1213 1254 1263 Spartanorum,
1282 1215 1429 1251 turbam
1453 1227 1669 1257 exterorum

61 1265 224 1319 imperio
239 1265 443 1303 commode
459 1267 630 1302 coercere
642 1265 770 1316 posset,
804 1268 973 1314 potentia
989 1278 1122 1303 corum
1139 1267 1263 1305 subito
1277 1271 1429 1306 corruit.
1463 1273 1579 1310 Nulla
1600 1288 1666 1312 un·

63 1333 179 1371 quam
199 1320 402 1370 respublica
426 1317 522 1357 sinus
538 1319 620 1357 suos
652 1320 697 1357 ad
725 1332 846 1359 novos
869 1319 964 1358 cives
992 1321 1224 1372 recipiendos
1253 1333 1330 1359 tam
1345 1325 1494 1372 profuse
1519 1328 1665 1375 laxavit,

62 1388 178 1427 quarn
201 1375 402 1427 respublica
422 1376 608 1412 Romana.
665 1377 794 1423 Itaque
822 1386 976 1424 parerat
996 1376 1163 1413 instituto
1191 1387 1268 1413 tam
1296 1380 1469 1427 prudenti
1503 1381 1667 1431 fortuna,

62 1443 151 1470 cum
172 1433 212 1468 in
227 1431 430 1481 imperium
445 1439 532 1466 toto
551 1430 644 1467 orbe
658 1426 927 1481 amplissimum
944 1429 1199 1468 succreverint.
1257 1431 1375 1469 Moris
1396 1435 1491 1482 apud
1505 1448 1569 1473 eos
1589 1450 1665 1476 erat

62 1487 119 1532 jus
134 1483 288 1524 civitatis
302 1494 478 1535 prompte
493 1483 638 1534 elargiri
655 1498 665 1525 ς
690 1485 851 1535 idquein
869 1484 1043 1534 supremo
1061 1485 1177 1533 gradu
1195 1499 1203 1521 ι
1240 1487 1324 1523 Hoc
1339 1488 1398 1534 est,
1429 1501 1510 1526 non
1541 1491 1664 1530 solum

62 1542 119 1588 jus
136 1539 368 1585 commercii,
403 1539 457 1583 jus
484 1539 677 1586 connubii,
705 1541 762 1585 jus
777 1539 1037 1581 haereditatis3
1067 1552 1195 1577 verum
1211 1540 1322 1578 etiam
1348 1543 1402 1586 jus
1428 1543 1602 1594 suffragii,
1630 1551 1667 1585 ὃς

63 1596 120 1643 jus
143 1593 345 1645 petitionis,
374 1592 446 1630 five
461 1594 674 1632 honorum:
705 1596 861 1644 Hocque
877 1594 1011 1641 rursus,
1035 1607 1116 1632 non
1144 1592 1293 1644 singulis
1325 1607 1472 1635 tantum
1489 1601 1666 1649 personis,

62 1650 125 1688 sed
140 1651 230 1688 toris
251 1649 416 1694 familiiS,
446 1649 528 1685 imo
549 1647 766 1695 civitatibus,
791 1651 827 1686 ὃς
847 1661 1124 1698 nonnunquam
1139 1649 1292 1700 integris
1306 1653 1534 1700 nationibus,
1565 1668 1669 1693 com-

21 1739 25 1743 ,
62 1705 313 1744 municarunt.
369 1705 453 1741 Huc
468 1704 560 1740 adde
575 1702 885 1741 consuetudinem
902 1704 1110 1741 deducendi
1126 1704 1305 1752 colonias,
1321 1707 1456 1754 quibus
1471 1710 1666 1749 Romanae

62 1759 186 1810 stirpes
217 1762 257 1796 in
283 1758 407 1795 solum
435 1769 602 1796 exterum
624 1758 998 1808 transplantabantur.
1054 1761 1159 1811 Quae
1191 1761 1268 1797 duo
1302 1762 1464 1799 instituta
1491 1762 1517 1800 fi
1555 1763 1664 1804 simul

63 1826 283 1865 componas,
307 1812 405 1850 dices
429 1813 611 1864 profesto,
642 1826 722 1850 non
758 1815 953 1851 Romanos
973 1813 1008 1850 se
1037 1814 1218 1852 diffudifl‘e
1240 1814 1345 1864 super
1374 1818 1587 1856 universum
1609 1832 1666 1857 or-

64 1872 149 1908 bem
171 1887 180 1907 a
208 1869 270 1907 sed
293 1880 435 1914 contra,
466 1869 600 1905 orbem
629 1867 841 1905 universum
865 1867 900 1904 se
920 1867 1101 1905 diffudiss'e
1122 1868 1227 1917 super
1252 1872 1464 1908 Romanos:
1493 1874 1599 1924 Quae
1616 1875 1664 1912 se-

63 1921 249 1963 curiffima
277 1922 491 1973 proferendi
519 1921 662 1973 imperii
689 1923 738 1959 est
769 1924 874 1959 ratio.
933 1922 1037 1960 Subit
1060 1922 1182 1960 mirari
1210 1923 1347 1975 saepius
1374 1925 1572 1977 imperium
1602 1931 1666 1966 Hi-

65 1980 291 2030 spanorum3
319 1978 422 2026 quod
456 1988 533 2015 tam
550 1976 671 2029 paucis
686 1976 870 2026 indigenis
898 1988 956 2014 tot
983 1990 1094 2027 regna
1118 1980 1154 2016 ὅ(
1179 1978 1386 2028 provincias
1401 1982 1597 2032 amplexari
1627 1988 1666 2022 δε

63 2036 233 2073 fraenare
248 2030 376 2085 possit.
434 2033 495 2069 Ac
509 2043 612 2070 certe
635 2032 831 2084 Hispaniae
852 2033 947 2081 iprae
977 2044 1046 2083 pro
1066 2033 1208 2070 arboris
1224 2030 1415 2071 stemmate
1436 2035 1517 2072 satis
1532 2039 1662 2085 grandi

64 2091 191 2128 haberi
211 2089 360 2135 debent,
390 2100 477 2125 cum
498 2089 612 2137 longe
630 2089 854 2136 ampliorem
884 2089 1105 2126 contineant
1129 2090 1328 2137 regionum
1352 2090 1520 2136 tracium,
1550 2104 1664 2140 quam

63 2146 213 2183 Romae
234 2153 298 2180 aut
316 2145 476 2192 Spartae,
507 2141 571 2179 sub
592 2144 708 2179 initiis
724 2142 806 2188 suis,
837 2142 1055 2192 contigerat.
1113 2145 1246 2189 Porro,
1275 2156 1487 2192 quanquam
1504 2147 1558 2190 jus
1578 2146 1664 2185 eivi-

65 2198 149 2237 tatis
177 2200 260 2237 satis
288 2208 394 2247 parce
412 2197 553 2234 soleant
568 2197 719 2248 Hispani
747 2196 950 2246 impertire,
979 2197 1083 2247 quod
1110 2197 1326 2250 proximum
1349 2209 1474 2236 tamen
1495 2200 1553 2246 cst,
1577 2201 1662 2239 faci-

66 2265 135 2292 unt
155 2260 174 2295 ς’
194 2252 328 2304 quippe
346 2252 410 2301 qui
429 2251 679 2299 cujuscunque
696 2250 856 2288 nationis
871 2251 1043 2288 homines
1063 2252 1107 2288 ad
1131 2251 1301 2289 militi-am
1318 2253 1418 2290 suam
1435 2255 1664 2294 ordinariam

65 2307 276 2359 promiscue
290 2308 509 2344 admittant:
538 2307 756 2358 Quinetiam
772 2306 961 2343 summum
974 2307 1061 2342 belli
1078 2308 1276 2358 imperium
1292 2308 1388 2345 haud
1400 2321 1485 2346 raro
1499 2310 1543 2346 ad
1554 2311 1666 2348 duces

65 2365 222 2402 natione
237 2375 317 2400 non
347 2362 530 2413 Hispanos
549 2360 733 2398 deferunt.
790 2361 974 2397 Attamen
1000 2359 1036 2396 &
1063 2361 1165 2398 illam
1189 2361 1302 2413 ipsam
1318 2362 1490 2403 videntur
1517 2377 1596 2402 non
1612 2368 1664 2403 ita

68 2417 225 2471 pridem,
252 2416 514 2466 indigenarum
543 2417 768 2465 paucitatem
798 2415 947 2461 scnlisse,
971 2416 1079 2464 eique
1109 2417 1316 2453 succurrere
1340 2417 1512 2467 cupiiss'c3
1543 2430 1584 2457 ut
1618 2433 1662 2458 ex

66 2474 291 2526 pragmatica
308 2471 496 2508 sanffione
511 2471 583 2508 hoe
599 2483 701 2507 anno
716 2471 966 2520 promulgata,
984 2482 1135 2507 cernere
1150 2471 1209 2507 est.

48 2565 49 2569 ,
127 2539 160 2577 5.
193 2528 551 2565 CssnrlsSIMUM
565 2526 625 2571 est,
651 2536 745 2563 artes
760 2525 991 2562 mechanicas
1020 2525 1250 2571 sedentarias,
1279 2538 1372 2576 quae
1392 2539 1471 2564 non
1500 2528 1564 2566 snb
1582 2528 1658 2575 dio,

45 2623 48 2627 ,
67 2583 127 2622 fed
145 2583 210 2620 sub
226 2583 327 2619 πρᾶο
342 2591 571 2627 exercentur,
593 2590 703 2628 atque
723 2580 992 2622 manufaclfiras
1019 2581 1201 2626 delicatam
1232 2583 1342 2629 (quae
1358 2580 1514 2631 digitum
1533 2585 1659 2634 potiu5

66 2650 179 2687 quam
196 2636 389 2674 brachium
409 2633 621 2687 requirunt)
647 2634 708 2672 sua
722 2645 852 2672 natura
868 2633 1086 2672 milit-aribus
1111 2637 1244 2671 animis
1263 2635 1331 2672 ess'e
1346 2639 1558 2675 contrarias.
1614 2641 1658 2677 In

66 2692 293 2738 universum,
327 2692 456 2741 populi
477 2688 640 2727 bellicosi
659 2689 779 2727 feriari
794 2690 969 2738 gandent,
1004 2693 1038 2726 ὃ(
1056 2689 1214 2739 pericula
1234 2702 1346 2737 quam
1370 2692 1515 2729 labores
1535 2695 1660 2730 minus

68 2747 277 2785 exhorrent.
334 2746 463 2793 Atque
486 2748 526 2782 in
554 2745 628 2782 hoc
653 2744 806 2793 ingenio
833 2745 898 2781 suo
921 2756 1003 2781 non
1028 2745 1109 2782 linit
1138 2745 1343 2781 admodum
1366 2745 1603 2794 reprimendi,
1634 2747 1659 2784 si

67 2803 215 2840 animos
242 2801 405 2852 ipsorum
432 2801 471 2836 in
488 2802 616 2850 vigore
633 2799 851 2836 conservare
871 2798 974 2836 cordi
1003 2798 1111 2836 nobis
1133 2797 1185 2836 lit.
1240 2800 1387 2849 Magno
1410 2801 1531 2848 itaque
1559 2804 1658 2845 adju-

68 2868 201 2894 mento
225 2858 384 2906 Spart-ae,
418 2854 592 2901 Athenis,
621 2856 779 2899 Romae,
809 2853 958 2901 aliisque
984 2853 1141 2904 antiquis
1175 2854 1435 2906 rebulpublicis
1455 2857 1537 2901 fuit,
1554 2859 1654 2904 quod

68 2910 263 2948 habuerint
306 2923 386 2948 non
434 2911 619 2959 ingenuos
634 2940 643 2954 ‚
704 2908 766 2946 scd
804 2908 943 2954 servos,
981 2910 1187 2958 plerunque
1204 2941 1212 2955 ,
1268 2922 1431 2958 quorum
1471 2912 1657 2949 laboribus

69 2962 276 3003 istiusmodi
307 2965 452 3016 opificia
480 2964 779 3015 expediebantur.
838 2965 979 3001 Verum
1003 2963 1277 3012 mancipiorum
1302 2965 1395 3010 usus,
1425 2964 1506 3015 post
1534 2968 1653 3014 legem

72 3019 318 3058 Christianam
360 3030 559 3070 receptam,
590 3018 752 3057 maxima
791 3030 834 3055 cx
877 3029 979 3069 parte
1015 3017 1103 3056 abiit
1141 3020 1180 3056 in
1208 3018 1502 3061 delitetudincm.
1558 3023 1656 3057 Huic·

1567 3086 1658 3109 mss&

1764 204 1860 254 245
