2040 3439
95 183 273 234 urhun.
488 180 822 229 ‘No-VUM
893 152 1376 230 ORGANUM.

103 285 195 321 dant
213 289 255 319 ex
279 279 597 333 pa1³i²etibtis‚22aera
626 275 817 326 disliliant‘,
844 278 983 331 vitrum
1015 280 1128 317 etiam
1160 277 1376 317 calefactum
1408 280 1445 318 δε
1466 277 1589 317 subito
1607 279 1698 332 posi-

91 347 182 376 ‘tum
202 339 241 374 in
261 336 401 386 frigido
420 331 570 372 diffil'iat
595 337 631 371 ὅ(
658 334 859 383 frangatur.
917 332 1179 372 Similitera'er
1203 347 1268 386 per
1296 336 1418 371 levem
1449 335 1696 384 infrigidatio-

96 405 185 431 nem
201 390 328 443 recipit
354 390 389 427 se
418 391 457 426 in
481 390 688 438 angustius:
719 399 760 426 ut
785 401 851 440 per
870 385 1033 438 Instant.
1053 388 1117 439 38.
1143 384 1235 428 Tab.
1255 400 1291 440 3.
1339 390 1485 429 Verum
1505 389 1621 428 dehis
1640 391 1695 429 fu-

95 446 162 486 fius
189 448 334 484 dicetur
355 447 395 482 in
420 442 660 493 inquisitione
679 444 726 480 de
749 443 900 493 frigido.

148 504 188 541 N
197 512 321 553 EQUE
347 501 487 537 mirum
515 499 575 546 est,
614 497 639 535 fi
667 497 829 535 calidum
862 501 898 536 &
930 498 1111 548 frigidum
1145 498 1257 536 edant
1291 500 1502 549 complures
1530 500 1694 537 actiones

95 567 329 602 eommuneS,
361 555 420 598 (de
449 566 527 603 quo
559 554 643 591 vide
677 550 842 603 Instant.
875 563 938 604 32.
969 549 1061 591 Tab.
1081 555 1130 601 2.)
1162 565 1250 591 cum
1275 555 1515 592 inveniantur
1535 554 1628 592 duae
1649 569 1692 598 ex

92 611 334 660 ,sequentibus
357 607 576 646 differentiis
599 607 661 657 (de
689 608 823 657 quibus
851 620 941 645 mox
968 609 1147 656 dicemus)
1179 620 1272 656 quae
1299 620 1522 663 competunt
1544 611 1693 659 utrique

88 671 267 709 naturam
288 666 374 702 licet
394 666 434 701 in
454 665 521 701 hac
535 662 746 700 differentia
768 662 827 710 (de
847 676 918 712 qua
935 675 1035 701 nunc
1051 664 1258 712 loquimur)
1287 663 1447 700 afflones
1462 662 1531 700 sint
1552 676 1593 701 ex
1621 664 1695 703 dia-

92 718 424 771 metro-oppositae
442 733 450 756 :
481 718 661 756 Calidum
688 719 792 755 enim
815 719 877 754 dat
897 728 1046 755 motum
1064 716 1298 769 expansivum
1314 721 1349 756 ὃ(
1365 719 1597 769 dilatantem,
1631 720 1693 757 fri-

91 775 220 826 gidum
249 784 375 812 autem
403 774 465 811 dat
485 783 638 810 motum
659 772 935 810 conti-astivum
965 774 1001 809 ὅ(
1025 774 1240 809 coeuntem.
1453 821 1455 824 Α

108 832 377 869 =··*SE(:UN1)A
405 827 616 866 differentia
644 827 693 864 est
716 826 949 865 modificatio
985 826 1118 879 prioris
1139 844 1153 869 ,-
1184 826 1274 864 haec
1300 824 1485 874 videlicet,
1514 829 1618 877 quod
1639 842 1693 867 ca-

90 886 152 924 lor·
175 883 216 922 fit
235 894 361 922 motus
389 881 598 933 expansivus
626 881 696 921 five
724 880 1239 919 versus·circumferentiamz
1268 881 1336 918 hae
1375 883 1455 931 lege
1483 893 1623 930 tamen,
1652 896 1693 922 ut

90 944 165 977 una
192 939 331 977 feratur
355 937 671 990 corpus-[iirliim.
729 935 899 974 Dubium
924 937 1028 973 enim
1043 948 1125 972 non
1148 937 1208 984 cst,
1239 934 1329 988 quin
1352 933 1422 973 fint
1442 945 1570 974 motus
1589 949 1693 975 com-

88 995 211 1047 plures
225 993 341 1031 mixti.
398 991 567 1042 Exempli
586 994 723 1042 gratia:
752 991 881 1041 sagitta
906 1001 969 1028 aut
998 990 1179 1042 spiculum
1211 989 1319 1028 simul
1349 993 1384 1027 &
1412 993 1695 1042 progrediendo

89 1058 201 1096 rotat,
231 1048 268 1085 &
290 1049 453 1086 rotando
480 1048 729 1100 progreditur.
789 1046 969 1085 Similiter
993 1048 1029 1083 ὃς
1053 1056 1181 1083 motus
1209 1044 1339 1095 caloris
1365 1043 1471 1084 simul
1499 1047 1547 1084 est
1576 1050 1613 1085 ὅ(
1635 1061 1693 1085 ex·

85 1102 263 1155 parisinis,
294 1106 330 1141 &
351 1105 444 1141 latio
473 1105 511 1140 in
536 1102 689 1140 sursum.

110 1160 125 1181 Ὗ
139 1160 275 1197 HAEC
298 1171 387 1197 vero
405 1157 612 1195 differentia
627 1155 828 1194 ostenditur
844 1157 883 1193 in
903 1156 1059 1205 forcipe,
1089 1165 1152 1193 aut
1168 1156 1305 1193 bacillo
1320 1155 1444 1193 ferreo
1461 1157 1626 1195 immisso
1650 1160 1691 1196 in

88 1215 216 1264 ignem
235 1228 243 1250 ι
271 1213 356 1263 quia
376 1211 401 1250 si
423 1215 650 1250 immittatur
664 1211 1032 1264 perpendiculariter,
1060 1211 1230 1248 tenendo
1245 1223 1400 1248 manum
1423 1211 1596 1261 lupetius,
1612 1215 1693 1251 cito

89 1280 246 1306 manum
266 1270 413 1310 adurit3
442 1266 494 1305 fin
514 1280 556 1304 ex
580 1269 693 1304 latere
720 1276 783 1304 aut
803 1265 968 1312 inferius,
998 1267 1162 1302 omnino
1189 1266 1339 1303 tardius.

143 1324 438 1361 CONSPICUA
465 1324 577 1360 etiam
594 1321 696 1359 estin
711 1320 1010 1358 distillationibus
1034 1333 1099 1372 per
1110 1320 1387 1358 descensorium
1399 1339 1412 1363 ‚-
1431 1322 1564 1369 quibus
1579 1332 1690 1360 utun-

85 1389 146 1417 tur
173 1377 347 1416 homines
366 1379 411 1415 ad
430 1378 539 1415 flores
559 1376 803 1423 delicatiores,
831 1387 995 1427 quorum
1017 1375 1153 1412 odores
1175 1374 1280 1412 facile
1310 1375 1542 1413 evaneseunt.
1588 1379 1690 1415 Nam

85 1433 161 1472 hoc
181 1432 316 1485 reperit
337 1431 521 1479 industria,
551 1442 592 1469 ut
612 1433 803 1480 collocent
828 1432 958 1480 ignem
987 1442 1068 1467 non
1098 1429 1221 1467 subter
1250 1429 1310 1467 sed
1347 1429 1464 1479 supra,
1492 1440 1533 1467 ut
1564 1432 1693 1470 adurat

88 1489 224 1526 minus.
281 1489 416 1537 Neque
432 1489 535 1524 enim
560 1486 711 1524 flamma
741 1496 889 1523 tantum
916 1483 1035 1535 vergit
1069 1483 1223 1532 sursum,
1254 1484 1314 1522 sed
1350 1485 1463 1522 etiam
1487 1497 1604 1523 omne
1633 1499 1688 1523 ca-

89 1543 221 1581 lidum.

46 1598 49 1599 ⁷
112 1599 261 1635 *FIAT
288 1607 413 1636 autem
434 1598 736 1648 experimentum
766 1595 873 1641 hujus
903 1595 957 1631 rei
990 1593 1028 1630 in
1057 1593 1242 1632 contraria
1277 1604 1406 1632 natura
1439 1594 1588 1647 frigidi:
1619 1595 1690 1634 viz.

85 1663 213 1690 utrum
235 1652 352 1703 frigus
384 1664 464 1690 non
484 1651 679 1689 contrahat
702 1662 836 1700 corpus
859 1648 1122 1686 descendendo
1137 1649 1340 1693 deorsum3
1370 1646 1693 1700 quemadmodum

84 1707 248 1745 calidum
277 1707 404 1745 dilatat
431 1718 565 1756 corpus
585 1705 819 1743 ascendendo
847 1702 999 1742 sursum.
1056 1705 1183 1753 Itaque
1203 1704 1448 1742 adhibeantur
1470 1705 1549 1743 duo
1564 1704 1694 1744 bacilla

85 1762 217 1809 ferrea,
245 1764 304 1800 vel
331 1764 409 1800 duo
439 1763 520 1799 tubi
548 1760 666 1807 vitrei,
696 1760 820 1808 quoad
843 1769 985 1797 caetera
1012 1771 1117 1808 pares
1133 1776 1143 1803 3
1173 1761 1209 1796 &
1237 1759 1405 1796 calefiant
1427 1760 1624 1802 nonnihil3
1654 1760 1694 1797 δε

85 1827 247 1869 ponatur
265 1816 419 1867 spongia
447 1828 535 1853 cum
553 1827 647 1864 aqua
674 1815 817 1865 frigida,
845 1816 904 1852 vel
927 1815 991 1851 nix
1021 1813 1146 1851 subter
1175 1826 1304 1861 unam,
1333 1817 1370 1851 δε
1396 1812 1565 1852 similiter
1588 1815 1695 1865 super

86 1873 255 1910 alteram.
311 1873 569 1909 Existimamus
589 1872 693 1908 enim
721 1871 944 1906 celeriorem
973 1868 1056 1905 fore
1092 1868 1417 1918 refrigerationem
1447 1870 1491 1906 ad
1526 1870 1698 1907 extremi-

85 1937 179 1964 tates
194 1928 234 1964 in
257 1939 305 1965 eo
328 1927 479 1972 bacillo,
507 1923 571 1963 ubi
591 1927 655 1962 nix
679 1926 835 1975 ponitur
859 1923 974 1975 supra,
1005 1934 1117 1972 quarn
1140 1925 1180 1960 in
1198 1936 1256 1970 eo,
1287 1923 1349 1961 ubi
1364 1925 1427 1961 nix
1447 1923 1600 1974 ponitur
1618 1924 1697 1963 sub-

92 1992 150 2019 ter
165 1992 186 2018 :³
205 1992 336 2019 contra
364 1994 405 2019 ac
425 1981 465 2018 fit
485 1979 524 2017 in
545 1981 681 2017 calido.

142 2038 350 2074 TERTIA
374 2035 582 2074 differentia
612 2047 653 2072 ea
676 2033 749 2076 est3
777 2044 818 2072 ut
847 2034 949 2071 calor
976 2032 1018 2071 fit
1042 2042 1181 2079 motuS,
1212 2045 1292 2070 non
1320 2031 1530 2085 expanfivus
1553 2034 1696 2072 unifor-

86 2092 201 2129 miter
219 2091 425 2129 ‘secundum
450 2101 589 2137 totum,
620 2089 680 2127 sed
703 2087 914 2139 expansivus
940 2100 1006 2140 per
1033 2089 1228 2140 particulas
1246 2089 1424 2128 minores.
1439 2088 1626 2139 corporis;
1658 2092 1695 2127 δε

86 2144 193 2183 ίῑἸηυΙ
214 2146 402 2184 cohibitus
430 2148 467 2182 ὅ(
490 2145 655 2195 repulsus
682 2146 718 2181 ὃ(
752 2145 1027 2183 reverberatum
1055 2144 1150 2180 adeo
1177 2154 1219 2181 ut
1249 2144 1379 2180 induat
1405 2146 1557 2181 motum
1586 2145 1694 2181 alter-

91 2203 273 2248 nativum,
302 2204 339 2238 &
361 2211 544 2252 perpetuo
570 2200 821 2249 trepidantem
849 2201 886 2235 &
916 2208 1125 2235 tentantem
1155 2200 1192 2236 <St
1226 2200 1425 2244 nitentem,
1457 2201 1492 2235 ὃ(
1515 2212 1557 2236 cx
1573 2210 1693 2248 reper-

86 2252 260 2293 cuffione
279 2255 488 2308 irritatum3
518 2255 624 2292 undo
640 2255 745 2292 furor
766 2254 827 2291 ille
845 2255 941 2303 ignis
958 2256 992 2290 ὅ(
1013 2254 1146 2290 caloris
1175 2263 1304 2290 ortum
1330 2253 1452 2290 habet.

111 2341 115 2344 .
136 2311 246 2348 ISTA
275 2323 366 2349 vero
390 2310 601 2347 differentia
622 2307 824 2346 ostenditur
840 2309 1000 2345 maxime
1020 2309 1058 2344 in
1077 2308 1227 2344 flamma
1247 2308 1509 2356 &liquoribus
1533 2308 1690 2347 bullien-

85 2365 204 2403 tibus:
242 2378 336 2415 quae
364 2375 546 2417 perpetuo
570 2365 769 2416 trepidant,
799 2366 835 2401 ὅ(
855 2365 894 2401 in
915 2363 1034 2413 parvis
1061 2363 1300 2412 portionibus
1323 2370 1484 2411 tument,
1515 2365 1551 2400 δε
1570 2364 1692 2403 rursus

85 2418 285 2459 subsidunt.

138 2476 479 2513 OSTENDITUR
510 2476 624 2511 etiam
647 2475 684 2511 in
705 2474 746 2510 iis
775 2472 1009 2523 corporibus,
1039 2483 1130 2520 quae
1146 2471 1229 2509 sunt
1244 2482 1321 2509 tam
1350 2472 1463 2509 durae
1486 2475 1690 2524 compagis,

87 2540 130 2567 ut
152 2530 323 2568 ealefasta
343 2540 404 2567 aut
430 2527 545 2578 ignita
565 2541 645 2567 non
675 2528 895 2574 tumescant,
924 2538 987 2565 aut
1015 2527 1218 2565 dilatentur
1243 2527 1374 2569 mole;
1403 2537 1446 2565 ut
1467 2528 1609 2566 ferrum
1637 2531 1691 2579 ig-

87 2587 223 2631 nitum,
253 2585 292 2623 in
308 2597 386 2633 quo
405 2586 506 2621 calor
522 2583 571 2621 est
595 2585 808 2621 acerrimus.
1262 2594 1265 2596 ·

123 2640 475 2678 ·OSTEND1TUR
505 2641 618 2676 etiam
639 2640 678 2675 iu
704 2638 791 2683 hoc,
819 2637 922 2689 quod
947 2649 1012 2688 per
1041 2633 1290 2688 frigidiffimas
1323 2637 1553 2687 tempestates
1580 2638 1687 2686 focus

87 2694 211 2732 ardeat
232 2697 422 2732 acerrime.
1641 2699 1643 2701 ’

140 2750 478 2787 OSTENDITUR
503 2750 615 2786 ctiam
636 2747 675 2784 in
694 2748 780 2794 hoc,
810 2749 912 2795 quod
935 2759 1024 2785 cum
1052 2746 1267 2785 extenditur
1289 2747 1349 2795 aer
1374 2748 1412 2783 in
1442 2747 1543 2784 vitro
1570 2750 1689 2786 caleu-

87 2804 165 2841 dari
194 2805 327 2856 absque
344 2804 619 2853 impedimento
638 2814 700 2840 aut
722 2800 941 2854 repulsione,
971 2801 1214 2840 uniformiter
1243 2799 1378 2839 scilicet
1405 2803 1440 2839 &
1466 2800 1689 2852 aequalitem

90 2868 170 2896 non
195 2859 412 2912 percipiatur
446 2860 559 2894 calor.
617 2859 740 2895 Etiam
769 2859 808 2894 in
835 2856 954 2896 ventis
974 2853 1167 2902 conclusis,
1197 2858 1283 2894 licet
1303 2866 1500 2908 erumpant
1521 2859 1556 2895 vi
1580 2860 1689 2895 maxi-

88 2924 162 2959 ma,
196 2926 322 2952 tamen
339 2926 418 2951 non
439 2915 639 2965 percipitur
668 2915 770 2949 calor
798 2910 974 2961 insignis3
1004 2913 1090 2960 quia
1104 2910 1242 2948 scilicet
1269 2921 1396 2949 motus
1420 2911 1462 2948 fit
1488 2912 1690 2950 secundum

90 2977 229 3014 totum,
258 2969 393 3018 absque
409 2979 518 3005 motu
534 2969 739 3004 alternante
755 2969 795 3004 in
811 2964 1013 3018 pariiculis.
1070 2967 1198 3018 Atque
1216 2966 1260 3003 ad
1274 2965 1360 3004 'hoc
1380 2966 1441 3003 fiat
1465 2967 1689 3017 experimen—

90 3032 184 3070 tum,
205 3033 330 3062 utrum
346 3024 587 3062 flammanon
602 3034 684 3061 urat
700 3025 818 3061 acrius
839 3021 960 3063 versus
976 3023 1100 3068 latera,
1116 3032 1230 3071 quam
1250 3022 1288 3059 in
1303 3022 1435 3059 medio
1451 3021 1633 3059 flammae.

1507 3078 1690 3116 OSTEN-

1783 203 1807 248 (a)

1819 192 1851 250 ω),
