2040 3465
85 195 182 241 με·
354 178 942 235 RED-ARGUTIO
991 144 1800 228 PHrLosoPr—irAnu-M.

262 279 506 331 phantasticae
532 288 659 315 rerum
687 273 914 312 naturalium
943 273 1131 325 phalangi,
1161 274 1326 322 peritum
1349 281 1504 309 naturae
1532 275 1882 323 contemplatorem

262 332 320 374 ³vii(
340 339 438 373 inter
454 334 603 372 somnia
622 331 683 368 sua
700 332 827 367 locum
843 329 1032 366 daturum.
1050 342 1054 347 ⁷
1758 342 1761 346 ι

318 393 503 428 VERUM
533 387 626 425 illud
644 397 725 422 non
742 383 992 421 incommode
1008 384 1143 421 accidit
1166 382 1210 419 ad
1227 381 1539 438 praecavendum,
1567 384 1670 433 quod
1695 383 1785 422 hacc
1805 385 1888 438 phi-

268 446 438 496 losophia
468 445 521 490 (ut
537 443 734 493 coepimus
753 441 891 487 dicere)
923 440 1061 476 erroris
1084 449 1236 487 genere,
1264 437 1382 474 veluti
1396 437 1624 489 antistropha
1639 440 1782 490 vulgari
1799 440 1887 490 phi-¹

268 500 458 550 lolbphiae
474 497 534 536 sit:
565 497 725 545 vulgaris
754 494 854 531 enim
878 492 1116 546 philosophia
1143 493 1189 530 ad
1210 493 1410 529 materiam
1433 493 1668 530 inventionis
1689 506 1820 543 partim
1846 509 1890 534 ex

271 558 414 601 multis,
445 555 534 590 haee
551 553 716 589 multum
734 547 753 585 e
778 551 903 602 paucis
917 550 1111 600 decerpit„
1154 549 1241 586 Nos
1256 557 1398 593 tamen,
1427 546 1508 591 filii,
1537 548 1700 586 libenter
1720 551 1890 588 Pal-acel-

274 612 355 649 l'um
372 610 586 654 hominem,
616 617 656 643 ut
674 606 861 649 conjicere
879 603 976 650 licet,
1007 603 1091 641 satis
1105 603 1276 641 vocalem
1295 601 1403 639 nobis
1417 614 1645 654 praeconem
1660 616 1898 654 exoptemus,

274 677 315 703 ut
337 660 430 702 illud
448 665 577 700 lumen
600 671 752 698 naturae
781 660 884 708 quod
901 659 1013 697 toties
1032 659 1210 704 inculcat,
1239 657 1416 703 celebret,
1446 659 1480 694 &
1499 659 1716 706 proclamet.
1870 706 1874 710 ὁ

326 722 506 770 ATQJE
535 719 686 754 mentio
717 714 987 752 Chimistarum
1009 726 1080 751 nos
1103 713 1298 758 admonet,
1326 722 1369 749 ut
1393 713 1535 760 aliquid
1557 715 1670 750 etiam
1698 716 1746 752 de
1774 715 1896 766 magia

277 775 437 813 naturali
458 785 498 810 ea
520 783 614 821 quae
636 782 739 808 nunc
761 770 836 807 hoc
850 771 1077 808 vocabulum
1095 768 1252 806 solenne
1273 767 1311 804 δε
1329 767 1410 805 fere
1429 767 1572 805 sacrum
1593 767 1896 818 inquinavit,-‘di-

275 841 419 868 camus:
449 841 491 865 ea
507 826 607 865 enim
626 829 724 863 inter
741 825 991 875 philosophos
1006 823 1190 862 chimicos
1207 825 1247 860 in
1268 823 1418 860 honore
1443 823 1512 860 ess'e
1529 824 1732 862 consucvit.
1789 828 1898 879 Qae

278 887 388 923 nobis
405 886 442 921 in
467 882 683 923 huiusmodi
700 881 875 918 sermone
892 880 1050 917 inferior
1065 880 1226 925 videtur,
1256 890 1370 927 quam
1385 887 1427 916 ut
1445 879 1741 917 condemnetur:
1771 881 1899 920 sedule,

278 943 391 978 vitate
404 939 474 989 ipl'a
497 938 662 987 effugiat.
717 935 819 987 Quid
840 937 944 973 enim
961 937 1023 973 illa
1038 936 1082 973 ad
1099 947 1182 982 nos,
1212 935 1316 980 cujus
1331 934 1509 983 dogmata
1529 935 1640 985 plane
1655 935 1842 985 phantasia
1861 939 1900 985 ὅτ
1930 965 1939 974 ,

282 995 503 1046 stiperstitio:
535 1004 649 1044 opera
665 992 877 1041 praestigiae
898 993 934 1028 ὅ(
957 991 1177 1040 impostura?
1205 1001 1294 1027 nam
1311 988 1408 1026 inter
1423 987 1622 1026 innumera
1639 990 1738 1039 falla,
1765 990 1793 1029 fi
1807 995 1900 1042 quid

283 1053 328 1088 ad
345 1050 522 1087 effe-stum
538 1048 770 1100 perducitur,
798 1045 1014 1091 hujusmodi
1036 1046 1181 1098 semper
1196 1045 1256 1091 est,
1287 1055 1327 1081 ut
1343 1042 1385 1081 fit
1407 1044 1453 1081 ad
1468 1045 1676 1082 novitatem
1693 1049 1728 1084 ὃ(
1744 1040 1902 1087 admira-

280 1109 432 1143 tionem
459 1103 630 1149 conlista,
661 1113 742 1139 non
766 1101 811 1138 ad
841 1101 948 1139 usum
980 1112 1042 1138 aut
1066 1100 1354 1138 accommodata
1370 1110 1433 1136 aut
1452 1097 1640 1137 destinata.
1697 1102 1852 1140 Etenim
1867 1116 1903 1142 e—

282 1163 387 1198 venit
403 1160 481 1197 fere
505 1159 650 1207 semper
665 1158 712 1194 de
737 1156 889 1206 magieis
905 1155 1182 1206 experimentis,
1211 1155 1315 1204 quod
1337 1157 1450 1204 poeta
1476 1155 1630 1192 lascivus
1649 1156 1760 1204 ludit⁷
1778 1150 1904 1198 *Pane

283 1215 445 1254 minima
460 1211 510 1264 est
526 1212 609 1265 ipsc'c
620 1209 755 1265 puella
763 1211 852 1264 suis
881 1213 1209 1261 quemadmodum
1225 1221 1352 1249 autem
1369 1209 1628 1262 philosophiae
1642 1215 1839 1262 proprium
1849 1203 1905 1252 gest

284 1267 446 1317 efficere,
477 1279 519 1306 ut
536 1270 669 1305 omnia
691 1267 818 1306 minus
833 1280 948 1316 quam
968 1265 1039 1304 fint
1054 1267 1274 1304 admiranda
1293 1264 1489 1303 videantur
1509 1276 1663 1316 propter
1678 1267 1906 1320 demonstra-

286 1329 428 1366 tiones3
459 1325 508 1362 ita
529 1326 565 1360 δε
593 1323 816 1375 imposturae
840 1336 920 1360 non
936 1324 1062 1360 minus
1078 1324 1276 1372 proprium
1292 1322 1340 1358 est
1357 1331 1397 1358 ut
1413 1320 1544 1358 onmia
1559 1323 1678 1371 magis
1691 1335 1807 1374 quam
1818 1325 1907 1363 sunt

289 1381 507 1419 admiranda
521 1377 716 1417 videantur
732 1389 887 1428 propter
901 1377 1192 1416 ostentationem
1209 1380 1245 1415 &
1261 1376 1396 1414 falsum
1415 1387 1641 1428 apparatum.
1698 1378 1831 1430 Atque
1847 1379 1909 1418 ista

289 1448 418 1474 tamen
434 1436 574 1473 vanitas
585 1433 714 1471 nescio
729 1446 809 1483 quo
825 1434 946 1471 modo
962 1435 1224 1471 contemnitur
1241 1435 1276 1470 &
1292 1431 1485 1481 recipitur;
1513 1432 1615 1469 unde
1629 1433 1910 1485 enimiatyrion

292 1493 337 1529 ad
358 1502 547 1536 venerem,
577 1491 779 1539 pulmones
801 1488 919 1542 vulpis
935 1489 978 1526 ad
995 1487 1183 1539 phthisim,
1214 1486 1280 1525 nisi
1301 1501 1344 1524 ex
1359 1488 1428 1524 hac
1443 1483 1616 1524 officina?
1642 1500 1785 1526 verum·
1795 1492 1912 1542 nimis

291 1549 412 1585 multa
432 1547 478 1583 de
495 1547 622 1595 nugis3
652 1547 766 1582 nimis
784 1544 880 1591 sane,
909 1543 946 1592 fi,
977 1555 1017 1582 ut
1037 1546 1198 1596 ineptae,
1228 1543 1469 1581 itavinnoxiae
1484 1542 1610 1580 efl'ent.
1692 1575 1699 1580 .
1835 1577 1837 1579 .

345 1605 658 1641 RESUMAMUS
689 1599 872 1637 orationis
897 1599 1018 1646 filum,
1048 1602 1084 1637 ὃ(
1110 1598 1388 1651 philosophiam
1416 1609 1530 1646 quam
1552 1596 1591 1635 in
1612 1598 1784 1638 manibus
1803 1600 1912 1640 habe-

292 1670 375 1695 mus
394 1669 437 1693 ex
458 1654 567 1706 lignis
587 1657 835 1695 excutiamuffi
865 1655 925 1692 ista
941 1657 1059 1701 enim,
1088 1654 1168 1702 filii,
1198 1655 1310 1692 inseri
1327 1655 1498 1707 oportuit
1513 1654 1557 1690 ad
1575 1654 1785 1694 intellectus
1807 1656 1914 1695 vestri

291 1713 629 1764 praeparationem,
659 1722 753 1760 quae
771 1722 826 1746 res
840 1710 917 1747 sola
930 1722 1032 1747 nunc
1043 1711 1178 1759 agitur.
1234 1711 1383 1761 Duplex
1394 1710 1498 1746 enim
1515 1709 1562 1746 est
1581 1710 1798 1749 animorum
1811 1725 1914 1764 prae-

286 1768 496 1816 occupatio
512 1765 573 1802 seu
594 1766 692 1802 mala
715 1764 912 1802 inclinatio
934 1765 980 1802 ad
1011 1776 1123 1812 nova,
1153 1765 1307 1813 quando
1330 1777 1371 1802 ea
1386 1765 1553 1816 proponi
1583 1767 1805 1816 contigerit:
1837 1776 1912 1807 u'na

293 1824 339 1859 ab
355 1820 460 1858 inlita
475 1819 659 1870 opinione
685 1819 733 1857 de
753 1821 898 1870 placitis
918 1819 1087 1871 receptis,
1116 1821 1231 1857 altera
1249 1820 1296 1857 ab
1317 1817 1586 1870 anticipatione
1605 1817 1676 1859 five
1695 1822 1914 1874 praefigura-

293 1880 401 1914 tione
421 1887 580 1913 erronea
600 1876 647 1912 de
662 1887 701 1912 re
715 1874 789 1927 ipsa
803 1887 897 1926 quae
912 1874 1079 1923 affertur,
1108 1887 1150 1912 ac
1165 1873 1191 1912 fi
1206 1878 1413 1927 pertineret
1428 1875 1472 1911 ad
1490 1876 1612 1923 aliqua
1633 1887 1675 1913 ex
1691 1877 1919 1928 jampridem.

295 1933 481 1970 damnatis
502 1934 538 1968 ὃς
563 1930 715 1978 scien-is,
746 1940 808 1968 aut
829 1930 961 1968 saltem
985 1931 1030 1968 ad
1058 1943 1098 1968 ea
1115 1942 1210 1980 quae
1235 1930 1382 1969 animus
1411 1931 1463 1968 ob
1490 1931 1683 1968 levitatem
1704 1943 1768 1970 aut
1791 1934 1915 1973 absur-

292 1989 456 2025 ditatem
475 1985 621 2023 fastidit.

350 2045 433 2080 ITA
447 2054 506 2093 qu
522 2053 544 2078 E
561 2042 635 2086 jam
658 2038 789 2079 reversi
809 2041 855 2078 de
876 2038 986 2091 signis
1013 2041 1264 2091 dispiciamus.
1321 2041 1465 2090 Atque,
1494 2039 1572 2087 filii,
1603 2042 1700 2079 inter
1721 2040 1820 2094 signa
1836 2046 1918 2084 nul-

296 2101 378 2136 lum
398 2098 446 2136 est
462 2098 580 2146 magis
595 2107 742 2134 certum
757 2106 820 2134 aut
842 2098 974 2134 nobile
1002 2109 1117 2146 quam
1138 2109 1181 2135 ex
1205 2097 1396 2134 fructibus.
1454 2097 1794 2148 Quemadmodum
1811 2102 1917 2138 enim

297 2156 338 2191 in
355 2152 537 2202 religione
553 2162 715 2198 cavetur,
746 2162 788 2189 ut
802 2151 892 2189 fides
907 2164 950 2189 ex
971 2153 1148 2202 operibus
1168 2151 1406 2199 monstretur,
1437 2153 1539 2189 idem
1560 2151 1675 2189 etiam
1694 2154 1739 2191 ad
1754 2154 1920 2204 philoso-

297 2208 424 2259 phiam
440 2209 586 2259 optime
602 2207 822 2255 traducitur,
852 2217 894 2245 ut
917 2219 1011 2246 vana
1034 2205 1077 2244 fit
1094 2219 1190 2256 quae
1214 2206 1353 2258 sterilis.
1411 2207 1541 2256 Atque
1569 2218 1619 2248 eo
1634 2210 1762 2259 magis,
1791 2207 1921 2249 filloco

300 2264 490 2302 frue¹tuum
505 2274 596 2299 urae
611 2264 668 2300 vel
695 2263 829 2310 olivae,
859 2263 1044 2315 producat
1059 2262 1358 2316 disputationum
1383 2265 1420 2300 δε
1448 2250 1747 2302 contentionum
1764 2266 1922 2305 carduos

301 2322 337 2357 δε
360 2318 496 2368 spinas;
524 2318 571 2354 de
585 2316 699 2356 vestra
714 2329 841 2356 autem
864 2317 1102 2369 philosophia
1130 2331 1264 2357 vercor
1285 2330 1334 2356 ne
1358 2319 1473 2358 nimis
1501 2329 1588 2356 vere
1614 2321 1795 2358 cecinerit
1809 2323 1922 2371 poeta

301 2387 381 2412 nou
398 2374 521 2411 solum
544 2374 614 2410 illo
634 2374 821 2414 carmine3

463 2453 618 2508 Infelix
631 2454 765 2495 lolium
786 2453 997 2509 &steriles
1011 2455 1265 2496 dominantur
1278 2469 1429 2496 avenae
1443 2472 1453 2494 .-

306 2534 376 2570 Sed
394 2535 430 2571 &
446 2535 515 2572 illo
527 2549 541 2576 ς

475 2616 902 2673 ζἀηᾶἱᾶιιβισείηέῗανη
917 2617 1160 2660 latrantibus
1175 2620 1337 2673 inguina
1367 2616 1554 2669 monstris.

362 2697 605 2736 VrDETUR
637 2702 742 2737 enim
764 2702 828 2738 illa
843 2714 885 2738 ex
916 2704 1133 2753 longinquo
1156 2701 1230 2738 visa
1259 2702 1380 2750 virgo,
1413 2700 1530 2752 specie
1547 2714 1627 2739 non
1644 2701 1833 2750 indecora,
1860 2701 1925 2740 scd

309 2752 475 2800 partibus
503 2752 772 2801 superioribus:
804 2756 915 2794 habet
944 2759 1050 2796 enim
1073 2757 1262 2806 generalia
1291 2757 1477 2805 quaedam
1503 2769 1585 2794 non
1606 2756 1764 2806 ingrata,
1795 2759 1925 2796 &tan-

310 2818 424 2854 quam
453 2805 673 2850 invitantias
704 2823 792 2848 cum
819 2824 910 2849 vero
936 2813 981 2850 ad
1011 2813 1246 2862 particularia
1269 2823 1427 2850 ventum
1446 2809 1501 2858 fit,
1531 2813 1646 2849 veluti
1662 2813 1708 2849 ad
1723 2815 1927 2850 uterum&

311 2873 432 2910 partes
454 2862 716 2912 generationis,
746 2876 855 2917 atque
875 2867 919 2904 ad
935 2867 972 2905 id
988 2879 1029 2906 ut
1052 2867 1194 2916 aliquid
1220 2879 1263 2903 ex
1280 2865 1316 2904 se
1332 2867 1428 2912 edat,
1458 2877 1540 2904 tum
1563 2867 1720 2905 demum
1737 2869 1826 2905 loco
1841 2879 1927 2919 ope-

313 2928 398 2954 rum
413 2919 450 2954 &
465 2916 660 2955 afflonum
676 2932 768 2968 quae
794 2924 1132 2973 contemplationis
1157 2923 1283 2972 proles
1302 2922 1350 2959 est
1370 2923 1484 2971 digna
1500 2924 1536 2959 ὅ(
1553 2924 1732 2973 legitima,
1763 2921 1930 2960 monstra

313 2971 374 3014 illa
392 2972 562 3009 invenias
578 2972 801 3021 resonantia,
831 2978 1103 3015 &oblatrantia
1123 2975 1411 3027 &ingeniorum
1428 2976 1630 3026 naufragiis
1645 2977 1797 3015 famosa.

363 3026 546 3078 ATQUE
577 3028 685 3075 hujus
715 3032 805 3068 mali
829 3032 967 3071 author
996 3032 1182 3083 imprimis
1199 3030 1434 3080 Aristoteles,
1464 3034 1571 3070 altrix
1593 3032 1654 3069 ista
1674 3033 1786 3071 vestra
1809 3032 1927 3082 philo-

1788 3088 1929 3137 sophia.
