2040 3439
108 239 212 287 uo

625 209 955 263 NovuM
1024 208 1504 257 ORGANUM.
1717 199 1939 259 usmss

283 327 422 358 nuetur
440 325 559 365 aqua3
588 322 623 350 at
646 310 671 349 fi
691 321 771 349 non
792 309 902 347 detur
921 306 1003 346 talis
1027 308 1136 358 copia
1157 311 1284 359 aquae,
1307 315 1407 357 ‘quae
1436 307 1629 346 succedere
1656 306 1893 359 possit,cadit

290 385 386 424 aqua
414 374 454 410 in
477 370 592 420 guttis
616 365 802 412 rotundis,
832 375 926 413 quae
941 361 990 400 est
1008 362 1138 413 figura,
1167 375 1261 412 quae
1276 364 1424 413 optime
1445 375 1582 412 aquam
1607 363 1754 402 sustinet
1769 377 1899 405 contra

287 423 687 466 discontinuationem.
742 421 800 457 At
821 421 862 457 in
882 417 963 469 ipso
983 419 1166 468 temporis
1186 419 1358 465 articulo,
1387 429 1473 455 cum
1491 416 1622 455 definit
1644 419 1751 456 filum
1768 432 1898 470 aquae,
1916 425 1931 438 ⁹

291 487 331 522 ὅ(
355 483 487 530 incipit
507 476 699 515 descensus
717 474 757 512 in
777 476 904 524 guttis,
935 471 1046 510 resilit
1074 472 1149 524 ipsa
1167 483 1262 521 aqua
1290 472 1432 511 sursum
1462 474 1507 510 ad
1528 474 1740 511 evitandam
1752 475 1917 514 discon—<2

285 536 548 576 tinuationcm.
605 532 712 584 Qin
744 533 785 567 in
812 529 984 575 metallis,
1014 540 1109 577 quae
1132 539 1252 576 quum
1283 528 1509 575 funduntur,
1539 527 1623 566 sunt
1650 530 1804 578 liquida,
1835 530 1899 569 sed
1932 550 1936 555 ·

285 592 405 641 magis
427 590 584 634 tenacia,
612 587 797 637 recipiunt
827 583 862 621 se
883 582 986 634 saepe
1005 593 1132 632 guttae
1165 581 1383 631 liquefactae
1412 582 1567 630 sursum,
1598 594 1710 632 atque
1738 586 1788 622 ita
1814 585 1931 623 hae-r»

285 656 383 685 rent.
442 642 571 682 Simile
583 641 776 694 quoddam
792 639 841 676 est
867 637 907 675 in
927 638 1098 675 instantia
1117 637 1354 687 speculorum
1373 637 1586 687 puerilium,
1603 651 1697 688 quac
1712 638 1834 677 solent
1849 630 1902 686 fa-

285 714 371 740 cere
390 699 536 750 pueruli
561 699 601 734 in
627 696 753 746 scirpis
774 707 817 731 cx
850 693 971 740 saliva,
1001 693 1066 730 ubi
1099 694 1264 730 cernitur
1291 694 1406 730 etiam
1427 694 1599 744 pellicula
1629 692 1826 732 confistens
1855 705 1902 733 aa

283 768 390 809 quae.
446 754 501 791 At
522 753 647 790 multo
662 751 796 788 melius
816 748 851 786 se
866 747 1026 786 ostendit
1054 748 1129 785 hoc
1144 747 1266 797 ipsum
1287 748 1327 784 in
1349 748 1468 784 altero
1488 749 1557 785 illo
1573 747 1718 786 ludicro
1737 751 1873 800 puerili
1886 764 1900 792 3

284 810 440 863 quando
462 806 611 860 capiunt
631 817 778 855 aquam,
807 816 872 854 pet
897 802 1076 854 saponem
1107 803 1243 840 factam
1275 803 1388 852 paulo
1416 805 1670 844 tenaciorem3
1713 814 1824 853 atque
1843 807 1900 843 jn-

285 867 379 904 fiant
407 877 490 903 eam
518 875 584 913 per
616 862 803 899 calamum
841 870 985 905 cavum,
1015 868 1126 906 atque
1153 857 1242 895 inde
1269 858 1442 895 formant
1472 870 1618 909 aquam>
1647 869 1829 910 tanquam
1856 861 1900 899 in

285 920 474 958 castellum
503 918 689 956 bullarum
705 933 718 958 ,-
748 927 842 963 quac
870 926 934 966 per
961 910 1288 962 interpositionem
1320 915 1412 950 aeris
1440 912 1583 950 inducit
1607 911 1900 962 consistentiam,

286 989 336 1014 eo
363 975 478 1024 usque
510 983 552 1011 ut
578 972 613 1010 se
639 972 774 1023 projici
794 967 971 1006 nonnihil
990 969 1149 1020 patiatur
1174 967 1310 1016 absque
1337 967 1694 1005 discontiiiuatione.
1738 970 1901 1019 Optime

286 1041 414 1068 autem
444 1027 606 1067 cernitur
634 1027 706 1063 hoc
726 1024 764 1061 in
794 1024 922 1074 spuma
950 1025 987 1060 ὃ(
1001 1025 1100 1069 nive,
1120 1035 1215 1071 quac
1234 1024 1350 1060 talem
1370 1024 1534 1060 induunt
1550 1021 1835 1072 consistentiam,
1856 1035 1899 1063 ut

285 1086 365 1123 fere
390 1083 499 1122 secari
527 1078 691 1132 poss'1nt3
721 1091 808 1117 cum
836 1089 965 1115 tamen
994 1075 1063 1115 fint
1087 1090 1246 1129 corpora
1265 1077 1427 1114 formata
1457 1091 1498 1115 ex
1518 1081 1599 1115 aere
1619 1080 1656 1116 &
1671 1091 1776 1127 aqua,
1803 1091 1900 1129 quae

285 1151 441 1192 utraque
471 1139 554 1176 sunt
573 1134 722 1185 liquida.
779 1135 887 1185 Qae
914 1134 1045 1169 omnia
1063 1145 1144 1169 non
1164 1131 1320 1169 obscure
1343 1135 1522 1179 innuunt,
1552 1134 1740 1180 liquidum
1760 1137 1897 1173 &con-

286 1193 407 1232 sistens
427 1194 496 1231 esse
517 1194 695 1229 notiones
713 1199 862 1226 tantum
877 1188 1051 1240 plebeias,
1072 1189 1108 1224 &
1128 1187 1173 1224 ad
1197 1187 1342 1224 sensum
1360 1205 1369 1230 ;
1399 1188 1508 1225 inesse
1523 1198 1649 1225 autem
1672 1201 1799 1227 revera
1813 1202 1897 1228 om-

284 1250 397 1287 nibus
411 1248 631 1298 corporibus
645 1245 773 1294 fugam
789 1245 826 1280 ὅ(
841 1244 1087 1281 evitationem
1104 1241 1139 1279 se
1155 1241 1460 1280 discontinuandi
1477 1260 1489 1283 ,-
1509 1255 1589 1280 cam
1603 1243 1746 1281 veroin
1763 1256 1897 1295 corpo-

285 1306 388 1343 ribus
408 1300 656 1352 homogeneis
678 1300 817 1351 (qualia
836 1298 921 1335 sunt
941 1295 1099 1347 liquida)
1121 1297 1190 1334 ess'e
1208 1297 1372 1334 debilem
1394 1300 1430 1335 ὃ(
1445 1299 1634 1335 infirmam
1651 1312 1661 1339 5
1677 1300 1718 1336 in
1733 1299 1897 1350 corpori.

286 1360 355 1397 bus
377 1371 468 1397 vero
492 1357 690 1407 quaesunt
709 1352 914 1404 composita
942 1365 984 1390 ex
1016 1353 1289 1401 lieterogeneis‚
1318 1355 1437 1402 magis
1465 1353 1534 1390 ess'e
1560 1353 1722 1391 vividam
1752 1357 1789 1392 ὃ(
1821 1355 1899 1394 for-

286 1425 388 1452 tem:
418 1424 614 1465 propterea
629 1409 732 1460 quod
752 1407 923 1446 admotio
938 1407 1180 1457 heterogenei
1203 1406 1419 1457 constringit
1440 1420 1600 1458 corpora
1619 1422 1629 1449 3
1650 1419 1686 1446 at
1715 1408 1896 1449 subintra-

285 1472 344 1507 tio
369 1469 601 1518 homogenci
627 1466 735 1503 solvit
765 1467 802 1501 ὅ(
824 1465 971 1500 relaxat.

343 1526 366 1562 S
376 1536 390 1562 1
400 1536 435 1561 M
445 1535 458 1561 1
472 1536 497 1560 L
508 1535 521 1560 1
532 1535 555 1560 T
564 1534 635 1568 ER,
651 1521 811 1570 exempli
824 1521 937 1568 gratia
953 1532 963 1559 ς
993 1515 1034 1555 fit
1050 1527 1183 1555 natura
1197 1515 1382 1566 inquifita,
1408 1519 1578 1556 attrafflo
1589 1516 1658 1557 five
1670 1520 1791 1558 coitio
1809 1532 1897 1558 cor·
1950 1564 1952 1568 ,

285 1591 436 1631 porum.
493 1577 665 1615 instantia
685 1577 780 1612 circa
808 1576 971 1611 sormam
992 1574 1068 1617 ejus
1089 1570 1262 1610 ostensiva
1276 1574 1437 1611 maxime
1458 1572 1607 1622 insignis
1630 1573 1690 1621 est,
1724 1587 1891 1624 magnes.

289 1633 490 1671 Contraria
504 1644 629 1670 autem
650 1640 780 1667 natura
794 1628 992 1666 attrahenti
1008 1627 1068 1674 est,
1088 1640 1169 1664 non
1184 1627 1370 1665 attrahens
1385 1642 1395 1669 3
1410 1630 1496 1666 licet
1512 1630 1552 1665 in
1566 1627 1760 1667 substantia
1770 1627 1898 1670 fimili.'

285 1690 417 1727 Veluti
433 1689 587 1734 ferrum,
604 1686 706 1735 quod
716 1697 796 1721 non
805 1683 953 1721 attrahit
966 1683 1123 1728 ferrum,
1140 1683 1463 1731 quemadmodum
1474 1696 1543 1720 nec
1557 1685 1757 1734 plumbum
1772 1685 1894 1734 plum—

288 1744 393 1790 bum,
415 1756 485 1780 nec
509 1745 655 1791 lignum
672 1740 829 1790 lignum,
859 1751 929 1775 nec
947 1750 1082 1786 aquam
1110 1750 1214 1785 aqua.
1269 1737 1441 1775 Instantia
1456 1749 1581 1775 autem
1603 1738 1827 1778 clandestina
1846 1740 1896 1779 est

285 1811 440 1840 magnes
454 1799 557 1835 ferro
573 1806 744 1840 armatus,
765 1795 823 1830 vel
839 1795 963 1842 potius
978 1793 1120 1829 ferrum
1136 1794 1176 1829 in
1192 1802 1367 1841 magnete
1383 1795 1538 1830 armato.
1561 1794 1663 1830 Nam
1674 1792 1724 1832 ita
1743 1793 1817 1832 fert
1831 1807 1895 1832 na-

286 1841 381 1897 tura,
412 1864 454 1890 ut
471 1864 621 1901 magnes
639 1859 800 1887 armatus
822 1850 861 1884 in
881 1848 1049 1884 distantia
1077 1846 1198 1896 aliqua
1213 1859 1294 1884 non
1309 1847 1428 1884 trahat
1449 1847 1590 1885 ferrum
1611 1848 1758 1896 fortius,
1781 1859 1896 1901 quam

286 1920 442 1957 magnes
464 1920 542 1944 non
563 1916 735 1943 armatus.
794 1905 939 1940 Verum
963 1900 988 1938 fi
1011 1902 1254 1939 admoveatur
1282 1901 1436 1949 fetrum,
1465 1904 1516 1940 ita
1536 1913 1576 1940 ut
1603 1913 1730 1954 tangat
1748 1903 1895 1942 fetrum

286 1964 328 1999 in
358 1973 533 2012 magnete
553 1971 709 2006 armato,
738 1970 830 1996 tunc
843 1969 998 2006 magnes
1019 1967 1181 1993 armatus
1196 1958 1310 2006 longe
1325 1958 1444 2003 majus
1465 1957 1614 2008 pondus
1629 1958 1717 1996 ferri
1732 1958 1894 2007 sustinet,

286 2030 399 2065 quam
424 2030 577 2066 magnes
605 2014 756 2064 fimplex
790 2016 826 2050 ἃ
859 2014 1040 2052 inermis3
1067 2022 1219 2063 propter
1249 2009 1532 2050 fimilitudinem
1567 2011 1781 2051 substantiae
1807 2013 1896 2052 ferri

285 2073 410 2109 versus
439 2073 602 2112 ferrum3
631 2083 724 2119 quae
754 2066 923 2119 operatio
964 2078 1041 2104 erat
1070 2068 1235 2103 omnino
1255 2066 1476 2104 clandestina
1504 2070 1678 2105 &latens
1706 2070 1747 2106 in
1776 2069 1892 2117 ferro,

285 2138 487 2175 antequam
509 2138 662 2175 magnes
682 2121 888 2162 access'iss'ct.
944 2124 1071 2170 Itaque
1094 2120 1327 2158 manifestum
1353 2122 1401 2159 est
1425 2123 1590 2160 formam
1621 2125 1800 2162 coitionis
1823 2125 1894 2162 effe

286 2181 487 2232 quippiam,
518 2182 621 2232 quod
654 2179 693 2216 in
723 2188 896 2228 magnete
916 2175 957 2215 fit
979 2178 1148 2214 vividum
1168 2179 1205 2214 ὅ(
1232 2175 1435 2223 robustum,
1465 2179 1505 2214 in
1527 2178 1630 2216 ferto
1649 2179 1773 2216 debile
1787 2181 1824 2217 ὅ(
1838 2180 1893 2218 la-

287 2248 378 2275 tens.
438 2238 585 2282 Itidem,
616 2245 791 2272 notatum
827 2233 875 2270 cst
915 2232 1060 2282 sagittas
1092 2243 1216 2281 parvas
1250 2233 1390 2281 ligneas
1418 2233 1553 2281 absque
1591 2232 1738 2283 cuspide
1767 2235 1896 2282 ferrea,

288 2292 427 2329 emissas
451 2305 492 2329 ex
518 2292 690 2342 sclopetis
716 2288 927 2339 grandibus,
957 2289 1066 2324 altius
1099 2297 1294 2338 penetrare
1314 2286 1353 2323 in
1373 2287 1566 2325 materiam
1594 2290 1772 2339 ligneam,
1802 2291 1891 2342 (pu-

287 2357 324 2383 ta
351 2349 464 2384 latera
485 2349 654 2391 navium,
684 2355 746 2382 aut
772 2342 910 2391 similia)
935 2354 1046 2393 quam
1063 2342 1209 2379 easdem
1239 2341 1385 2391 sagittas
1404 2343 1505 2380 ferro
1529 2345 1767 2389 acuminatas,
1783 2356 1893 2396 prop-

287 2411 344 2437 tcr
372 2400 652 2439 similitudinem
678 2397 891 2437 substantiae
920 2397 1013 2447 ligni
1040 2398 1084 2434 ad
1112 2398 1272 2447 lignum,
1301 2396 1386 2434 licet
1418 2398 1491 2435 hoc
1511 2409 1596 2435 ante
1619 2400 1660 2435 in
1675 2399 1782 2448 ligno
1795 2400 1892 2438 latu-

289 2458 370 2492 crit.
427 2456 572 2503 Itidem,
601 2458 689 2493 licet
708 2457 767 2491 a'e't
796 2457 932 2499 aerem,
960 2463 1022 2489 aut
1046 2464 1138 2500 aqua
1152 2464 1298 2501 aquam,
1314 2452 1510 2489 manifesto
1525 2465 1605 2490 non
1620 2453 1738 2490 trahat
1761 2455 1800 2490 in
1813 2466 1892 2491 cor-

288 2511 441 2558 poribus
462 2510 636 2561 integi-iffi
664 2521 792 2547 tamen
816 2510 916 2545 bulla
945 2509 1199 2557 approximata
1222 2507 1356 2552 bullae,
1389 2507 1532 2544 facilius
1547 2507 1709 2546 dissolvit
1737 2508 1891 2556 bullam,

290 2576 402 2610 quam
424 2563 448 2600 sl
474 2567 574 2604 bulla
596 2567 659 2602 illa
681 2567 793 2602 altera
821 2563 965 2609 abdier,
993 2563 1046 2599 ob
1073 2564 1278 2611 appetitum
1298 2561 1474 2599 coitionis
1489 2575 1604 2611 aquae
1619 2575 1706 2600 cum
1721 2575 1826 2612 aqua,
1854 2566 1893 2602 &

288 2619 378 2655 aeris
407 2632 491 2657 cum
526 2624 616 2658 ae‘re.
674 2620 805 2668 Atque
829 2617 1042 2663 hujusmodi
1072 2617 1261 2654 instantiae
1283 2616 1526 2654 clandestinae
1554 2623 1665 2666 (quae
1693 2617 1777 2656 sunt
1809 2618 1893 2657 usus

288 2672 522 2721 nobiliffimi‚
544 2686 584 2713 ut
611 2676 752 2712 dicium
769 2672 831 2721 est)
848 2676 887 2710 in
904 2672 1141 2724 portionibus
1160 2684 1362 2724 corporum
1378 2674 1498 2721 parvis
1514 2674 1550 2709 ὃ(
1567 2673 1761 2710 subtilibus
1776 2673 1892 2711 maxi-

288 2739 351 2764 me
378 2730 410 2764 ις
445 2732 532 2766 dant
565 2729 857 2779 conspiciendas:
887 2727 984 2779 Qiia
1016 2727 1147 2764 maffae
1177 2739 1301 2764 rerum
1329 2728 1490 2773 majores
1516 2728 1718 2779 sequuntur
1750 2727 1892 2766 formas

284 2784 401 2831 magis
423 2785 619 2820 catholicas
647 2788 683 2821 δε
708 2785 924 2833 generalcs;
955 2793 995 2819 ut
1017 2781 1084 2819 suo
1106 2784 1194 2819 loco
1215 2782 1372 2819 dicetur.

338 2840 473 2875 XXVI.
504 2841 660 2875 INTER
682 2840 950 2887 praerogativas
986 2835 1239 2874 instantiarum
1265 2849 1451 2886 ponemus
1483 2836 1618 2887 quinto
1644 2837 1734 2874 loco
1758 2837 1890 2875 instan-

283 2893 352 2928 rias
371 2893 634 2939 constitutian
663 2906 751 2940 quas
775 2895 887 2930 etiam
918 2891 1162 2941 manipulares
1189 2893 1369 2942 appellare
1389 2891 1659 2929 consuevimus.
1698 2892 1771 2929 Eae
1791 2891 1888 2940 sunt,

284 2958 378 2994 quae
406 2947 636 2984 constituunt
658 2959 771 2983 unam
802 2948 960 2997 speciem
983 2957 1135 2984 naturae
1164 2945 1354 2995 inquisitae
1378 2957 1557 2994 tanquam
1577 2946 1741 2983 formam
1765 2949 1889 2985 mino·

285 3014 375 3038 rem.
435 3004 538 3039 Cum
554 3003 656 3038 enim
672 3007 816 3038 formae
837 3003 1026 3050 legitimae
1049 3000 1160 3051 (quae
1175 3001 1259 3039 sunt
1280 3001 1421 3049 semper
1433 3001 1697 3038 convertibiles
1715 3014 1802 3039 cum
1817 3013 1888 3039 na·-

284 3059 375 3094 turis
403 3055 599 3106 inquilitis)
626 3057 760 3093 lat-„ant
783 3058 820 3092 iu
849 3055 1055 3107 profundo,
1084 3069 1154 3095 nec
1170 3056 1278 3094 facile
1306 3056 1571 3098 invenianturs
1597 3056 1757 3108 postulat
1774 3058 1881 3095 res&

1725 3111 1884 3150 infirmi-
