2040 3439
903 130 906 133 .
914 109 959 142 aas·

865 133 938 157 'zv-*¹

48 260 242 325 oap.V.
279 259 378 305 DE
428 241 920 304 AUGMENTis
974 238 1574 304 sciENTIARUM.

47 354 212 402 thodica‚
233 354 326 393 dum
341 353 535 392 scientiam
552 355 740 405 integram
754 354 926 402 ostentat,
946 354 1092 392 securos
1107 353 1212 391 illico
1227 351 1404 390 homines
1420 352 1543 391 reddit
1562 351 1661 402 quast

48 411 125 457 jam
139 410 285 448 summa
298 409 464 460 adeptos.

105 465 368 517 SEQUITUR
392 464 492 503 aliud
508 464 682 502 methodi
705 464 923 512 discrimen,
953 465 1082 515 magni
1099 466 1135 502 &
1155 457 1250 502 illud
1270 475 1425 512 quoque
1445 467 1637 502 momenti
1655 479 1663 502 z

49 530 138 559 cum
157 518 295 558 scilicet
319 518 492 557 scientiae
518 520 730 567 traduntur,
768 530 830 558 aut
858 532 923 570 per
948 520 1163 557 assertiones
1187 518 1335 565 adicem
1361 518 1663 568 probationibus,

49 583 112 612 aut
136 585 203 623 per
227 574 462 623 quaestiones
483 586 557 612 una
579 587 667 612 cum
686 573 1075 613 determinationibus
1132 576 1239 614 Hanc
1262 580 1387 611 antem
1412 573 1663 625 posteriorem

50 629 280 667 methodum
301 627 328 666 fi
343 630 630 668 immoderatius
644 631 728 679 quis
742 626 1004 680 persequatur{
1038 629 1272 667 scientiarum
1287 628 1472 681 profertur
1496 641 1578 666 non
1595 631 1663 666 mi-

51 695 122 723 nus
147 685 210 721 illa
238 679 370 731 officit,
403 697 517 735 quam
542 684 707 723 fortunis
731 688 769 723 ὃ(
791 681 1043 735 progressibus
1067 681 1248 722 exercitus
1272 682 1477 732 cujuspiam
1506 685 1661 734 impedi-

50 748 186 776 mento
208 741 244 777 ὅ(
259 740 403 776 damno
427 740 538 787 foret,
568 739 595 777 si
617 742 658 777 in
678 739 834 778 minutis
856 740 1065 789 quibusque
1090 740 1243 777 castellis
1266 749 1329 776 aut
1353 738 1502 790 oppidis
1527 751 1662 789 expug-

48 793 183 833 nandis
203 793 360 831 subinde
375 794 533 832 haereat.
589 796 743 832 Etenim
759 794 785 833 fi
804 797 887 844 quis
907 796 948 832 in
964 794 1039 832 acie
1059 791 1100 832 fit
1118 794 1299 844 superior,
1329 795 1365 830 &
1382 792 1551 830 summae
1575 795 1662 831 belli

49 847 180 887 sedulo
199 850 406 897 incumbat,
435 852 587 888 minora
606 849 669 887 illa
692 852 776 888 loca
798 852 901 888 ultro
922 849 957 886 se
974 849 1219 887 submittent:
1247 848 1343 885 Illud
1366 856 1496 885 tamen
1520 848 1662 887 inficias

51 915 134 943 non
157 905 270 941 ierim
294 905 428 942 urbem
459 907 624 954 aliquam
645 917 823 955 magnam
843 907 880 942 &
899 905 1089 941 munitam
1109 914 1257 955 altergo
1282 901 1505 950 relinquere,
1545 902 1659 940 haud-

52 970 240 1008 quaquam
260 958 405 1009 semper
425 971 550 1009 tutum
571 960 659 998 effe:
688 960 836 998 Eodem
857 960 990 1005 modo,
1017 956 1340 996 confutationibus
1360 956 1399 994 in
1420 955 1659 994 scientiarum

50 1013 256 1052 traditione
279 1016 583 1064 temperandum,
611 1014 729 1064 iisque
751 1027 860 1067 parce
881 1015 1090 1052 utendum:
1119 1016 1155 1051 &
1173 1013 1219 1050 ad
1238 1013 1313 1051 hoc
1327 1022 1490 1058 tantum,
1519 1022 1561 1049 ut
1585 1024 1660 1050 ma-

49 1069 148 1116 jores
161 1072 514 1119 praeoccupationes
526 1071 743 1107 animorum
760 1072 797 1108 &
811 1070 1036 1123 praejudicia
1049 1069 1281 1119 frangantur,
1301 1064 1460 1105 minime
1478 1076 1606 1104 autem
1623 1077 1665 1105 ut

50 1125 210 1163 leviores
223 1123 477 1163 dubitationes
491 1124 699 1163 excitentur
715 1127 752 1163 ὅ(
766 1129 1035 1175 provocentur.

105 1180 367 1231 SEQUITUR
389 1180 488 1218 aliud
512 1180 687 1218 methodi
711 1180 927 1227 discrimen,
969 1191 1009 1218 ut
1031 1179 1169 1216 scilicet
1190 1178 1392 1216 methodus
1417 1174 1458 1214 stt
1483 1176 1665 1221 subjectae

51 1236 242 1281 materiae,
271 1247 365 1283 quae
377 1236 561 1282 trastatur,
581 1236 841 1273 accommoda.
890 1234 984 1273 Alio
996 1236 1100 1272 enim
1116 1234 1237 1271 modo
1248 1234 1447 1271 traduntur
1461 1231 1665 1269 mathema-

52 1291 138 1338 tica,
169 1290 282 1340 (quae
305 1289 390 1328 sunt
405 1290 502 1328 inter
526 1289 692 1327 scientias
716 1292 878 1328 maxime
901 1289 1072 1328 abstracta
1096 1292 1133 1326 ὅ(
1157 1287 1367 1340 fimplicia:)
1397 1288 1474 1339 alio
1496 1287 1664 1336 politica,

53 1357 150 1394 quae
174 1346 336 1382 maxime
351 1345 436 1383 sunt
459 1345 635 1384 immersa
650 1348 687 1383 &
709 1344 926 1395 composita.
983 1347 1121 1393 Neque
1147 1344 1202 1390 (ut
1218 1345 1292 1389 jam
1315 1339 1492 1390 diximus)
1515 1341 1665 1378 metho-

54 1402 123 1438 dus
146 1399 348 1436 uniformis
367 1402 409 1438 in
432 1402 588 1437 materia
602 1399 832 1438 multiformi
856 1401 1062 1437 commode
1077 1399 1113 1436 se
1138 1398 1271 1436 habere
1290 1397 1420 1450 potest.
1478 1396 1667 1444 Equidem

55 1455 382 1504 quemadmodum
401 1457 544 1505 topicas
559 1455 798 1504 particulares
820 1455 865 1492 ad
881 1454 1153 1492 inveniendum
1176 1454 1429 1504 probavimus,
1460 1451 1512 1487 ita
1529 1453 1564 1487 ὅ(
1588 1463 1664 1488 me-

56 1511 196 1548 thodos
209 1508 446 1558 particulares
461 1509 507 1547 ad
523 1510 752 1547 tradendum
767 1508 935 1547 similiter
951 1511 1182 1558 aliquatenus
1197 1507 1361 1545 adhiberi
1377 1507 1564 1545 volumus

110 1566 370 1616 SEQUITUR
395 1565 497 1602 aliud
521 1563 696 1602 methodi
719 1564 920 1602 discrimen
946 1567 987 1602 in
1009 1564 1199 1602 tradendis
1227 1560 1389 1600 scientiis
1413 1573 1501 1599 eum
1523 1560 1667 1606 judicio

56 1619 326 1658 adhibendum.
380 1619 477 1658 lllud
503 1629 629 1657 autem
656 1621 799 1669 regitur
823 1632 888 1672 per
918 1620 1209 1657 informationes
1237 1621 1274 1656 &
1303 1615 1587 1666 anticipationes
1617 1616 1665 1652 de

56 1674 208 1713 scientia
231 1675 338 1723 (quae
362 1674 544 1712 tradenda
568 1675 629 1722 est)
656 1675 696 1711 in
721 1674 855 1712 animis
878 1673 1100 1712 discentium
1124 1675 1224 1726 prius
1247 1671 1384 1711 infusas
1408 1674 1445 1709 ὅ(
1466 1670 1663 1722 impress'as.

54 1730 183 1768 Aliter
197 1731 301 1768 enim
317 1729 412 1766 tradi
426 1730 538 1767 debet
555 1728 717 1777 scientia,
753 1741 848 1779 quae
862 1730 908 1767 ad
921 1732 1069 1768 animos
1084 1729 1289 1767 hominum
1303 1739 1401 1765 nova
1420 1729 1457 1763 &
1472 1727 1667 1776 peregrina

56 1785 207 1835 prorsus
231 1785 384 1831 accedit,
413 1784 518 1837 aliter
539 1796 592 1832 ea,
626 1797 720 1834 quae
735 1786 982 1837 opinionibus
1005 1786 1079 1832 jam
1096 1784 1240 1835 pridem
1259 1781 1441 1820 imbibitis
1457 1783 1492 1818 <Sc
1514 1783 1668 1830 receptis

56 1840 108 1879 est
125 1837 248 1877 affinis
269 1842 305 1877 δε
327 1840 531 1877 familiaris.
586 1839 750 1888 Ideoque
773 1839 994 1878 Aristoteles
1016 1841 1284 1878 Democritum
1310 1838 1478 1887 sugillare
1503 1837 1667 1886 cupiens,

58 1909 186 1934 revera
209 1906 297 1932 eum
323 1895 469 1932 laudat:
507 1893 545 1932 Si
572 1893 720 1943 (inquit)
748 1895 845 1932 serio
870 1896 1057 1948 disputare
1082 1896 1253 1940 velimus,
1293 1905 1375 1930 non
1397 1891 1520 1928 sectari
1546 1889 1666 1927 simili-

58 1953 220 1999 tudines,
251 1952 320 1987 &e
345 1950 383 1986 id
399 1951 495 1988 vitio
517 1960 663 1987 vertens
682 1951 922 1998 Democrito,
954 1951 1057 1999 quod
1082 1952 1121 1987 in
1137 1947 1483 1999 comparationibus
1503 1945 1588 1982 effet
1614 1945 1669 1982 ni·

60 2010 168 2046 mius.
226 2007 280 2042 At
296 2006 365 2051 iili,
386 2016 551 2053 quorum
567 2005 797 2043 documenta
813 2007 852 2042 in
868 2006 1112 2058 opinionibus
1127 2004 1368 2055 popularibus
1383 2004 1456 2047 jam
1472 2000 1572 2037 sedes
1588 1999 1667 2037 suas

59 2065 309 2107 collocarunt,
346 2072 428 2097 non
451 2060 551 2097 aliud
576 2060 728 2106 habent,
764 2061 867 2110 quod
894 2071 1016 2111 agant,
1054 2058 1121 2098 nisi
1150 2070 1190 2097 ut
1214 2058 1401 2109 disputent
1427 2059 1463 2093 ὅ(
1487 2056 1661 2107 probent.

60 2119 136 2156 Illis
155 2127 300 2162 contra,
329 2127 496 2164 quorum
510 2115 689 2165 dogmata
705 2118 906 2165 opiniones
927 2118 1122 2166 populares
1137 2114 1417 2159 transcendunt,
1446 2112 1603 2161 gemino
1619 2112 1667 2148 la-

60 2173 153 2212 bore
170 2183 267 2222 opus
289 2170 359 2207 est:
389 2172 517 2220 primo
539 2180 580 2208 ut
596 2172 856 2220 intelligantur
880 2185 974 2220 quae
997 2171 1182 2211 afferunt3
1211 2170 1348 2207 deinde
1371 2177 1411 2204 ut
1435 2166 1664 2216 probentur:

59 2231 115 2267 lta
129 2239 170 2267 ut
186 2225 373 2264 necessum
387 2226 549 2262 habeant
569 2225 775 2274 confugere
796 2227 839 2262 ad
857 2229 989 2264 auxilia
1004 2225 1291 2263 similitudinum
1315 2227 1350 2260 δι
1365 2220 1666 2267 transsationum,

60 2296 141 2333 quo
156 2283 190 2320 se
209 2279 331 2331 captui
345 2280 548 2317 hominum
565 2277 765 2317 insinuent.
824 2281 1006 2318 Videmus
1027 2283 1139 2330 igitur
1156 2279 1221 2316 sub
1238 2279 1394 2315 infantia
1408 2277 1666 2313 dostrinarum

62 2339 212 2377 saeculis
241 2335 466 2381 rudioribus,
502 2346 590 2371 cum
619 2334 789 2384 syllepses
816 2337 913 2382 illae,
953 2348 1047 2384 quae
1078 2337 1151 2380 jam
1180 2334 1295 2371 factae
1325 2333 1408 2369 sunt
1436 2332 1602 2379 vulgares
1629 2332 1667 2367 δε

61 2397 185 2441 tritae,
214 2403 334 2430 novae
357 2390 505 2426 fuerant
529 2392 567 2427 ὅ(
586 2389 786 2437 inauditae,
816 2390 943 2428 onmia
967 2389 1147 2443 parabolis
1169 2391 1205 2426 ὃς
1231 2386 1535 2426 similitudinibus
1559 2386 1670 2434 plena

61 2449 175 2488 fuiffe.
231 2448 337 2485 Alias
358 2444 545 2495 evcniss'et,
578 2455 620 2481 ut
641 2456 735 2492 quae
754 2447 1077 2498 proponebantur,
1111 2455 1173 2481 aut
1194 2443 1329 2491 absque
1353 2451 1443 2478 nota
1466 2440 1526 2477 seu
1551 2450 1667 2477 atten-

61 2507 169 2543 tione
190 2503 315 2542 debita
339 2499 554 2546 transmissa,
584 2509 647 2536 aut
672 2512 741 2549 pro
764 2501 954 2552 paradoxis
978 2501 1121 2547 rejcCta,
1151 2498 1311 2537 fuissent.
1366 2497 1519 2534 Etenim
1544 2496 1670 2544 regula

62 2561 244 2610 quaedam
266 2555 316 2595 est
329 2557 535 2601 traditivae,
564 2555 667 2604 quod
685 2555 835 2593 scientia
856 2558 995 2602 omnis,
1024 2568 1117 2603 quae
1140 2552 1468 2602 anticipationibus
1483 2548 1553 2587 ssve
1568 2562 1668 2601 prae-

64 2612 376 2667 suppositionibus
398 2622 479 2647 non
505 2610 554 2647 est
578 2608 757 2658 consona,
796 2624 816 2648 a
839 2609 1145 2649 limilitudinibus
1171 2613 1207 2646 δε
1228 2606 1569 2659 comparationibus
1591 2604 1669 2655 sup-

63 2675 177 2726 petias
190 2680 314 2723 petere
329 2666 472 2704 debeat.

116 2728 291 2777 ATQUE
319 2722 365 2759 de
392 2720 664 2759 methodorum
696 2719 843 2759 diversis
870 2721 1069 2772 generibus
1096 2720 1184 2756 haec
1210 2718 1306 2755 dista
1332 2714 1426 2756 iint3
1467 2716 1511 2752 iis
1536 2715 1664 2753 videli-

65 2793 136 2829 cet,
164 2792 257 2831 quae
271 2777 426 2815 antehae
441 2777 486 2812 ab
498 2777 578 2812 aliis
594 2786 723 2814 notata
736 2789 817 2813 non
832 2778 1004 2815 fuerunt:
1036 2778 1137 2813 Nam
1153 2783 1337 2822 quantum
1353 2771 1397 2808 ad
1413 2781 1572 2807 caeteras
1589 2772 1669 2807 illas

65 2837 277 2880 methodos,
293 2831 527 2880 analyticam,
548 2829 764 2879 systaticam,
779 2832 1028 2876 diaetcticam,
1050 2831 1163 2867 etiam
1179 2829 1395 2878 crypticam,
1414 2827 1668 2870 Homericam,

65 2895 103 2930 ὃ(
117 2891 262 2937 similes,
285 2889 381 2925 recte
398 2887 483 2924 sunt
500 2898 562 2923 cae
577 2887 752 2924 inventae
768 2888 804 2923 &
819 2888 1051 2925 distributae3
1080 2896 1202 2933 neque
1217 2881 1321 2921 eausa
1335 2882 1494 2928 videtur,
1516 2893 1580 2917 cur
1597 2881 1669 2917 illis

64 2949 327 2984 immoremur.

119 3003 191 3038 Ar
218 2997 388 3038 methodi
411 3008 546 3047 genera
568 2994 783 3043 hujusmodi
808 2996 910 3033 fiint:
949 2996 1071 3031 Partes
1097 3004 1221 3030 autem
1247 2993 1362 3032 duacs
1400 2992 1513 3028 altera
1535 2990 1581 3026 de
1604 2987 1670 3024 dis<

65 3055 250 3108 positione
265 3056 382 3092 totius
397 3050 530 3104 operis,
557 3053 615 3089 vel
632 3053 844 3100 argumenti
862 3050 944 3087 libri
962 3049 1137 3093 auctuum
1158 3050 1271 3085 altera
1287 3048 1332 3083 dc
1349 3045 1571 3103 limitatione
1587 3056 1667 3094 pro-

67 3110 308 3161 positionum.>
365 3109 519 3145 Etenim
539 3107 584 3143 ad
605 3106 887 3144 architecturam
910 3105 1054 3156 specf‘uit,
1085 3113 1165 3141 non
1189 3103 1308 3140 ibium
1330 3099 1463 3137 fabrica
1485 3110 1668 3157 totiusne<

1546 3154 1671 3188 ‹iilic-ix-

1704 252 1807 320 '165
