2040 3439
104 158 311 224 eap.111.
372 138 464 205 DE
511 157 936 206 AUGMENTis
971 143 1493 210 SCIENTIARUM.

102 252 264 289 maxime
293 249 397 287 servi.
454 250 538 286 Nec
567 250 664 286 male
693 248 879 287 cavillatus
907 250 967 297 cst,
1010 250 1073 300 qui
1101 251 1257 289 inferius
1284 251 1515 291 famulitium
1544 255 1584 292 in
1613 256 1706 293 aulis

104 307 328 356 principum,
357 303 535 340 festorum
560 302 686 351 vigiliis
713 304 960 355 compat-avim
995 319 1089 357 quae
1117 306 1202 344 festa
1225 304 1286 344 sua
1319 309 1360 345 in
1392 311 1567 358 proximo
1596 312 1707 348 attin-

100 371 208 411 gunt,
237 360 332 410 ipsae
356 368 482 395 autem
497 357 643 403 jejuniis
668 358 899 397 addicuntur.
956 362 1112 411 Propter
1135 361 1462 405 obscurationem
1492 364 1631 402 etenim
1662 368 1699 404 &-

100 417 173 453 hoe
197 416 334 452 habent
366 424 547 463 quaeque,
577 411 614 450 in
646 413 714 450 suo
731 426 880 463 genere,
910 413 1222 466 praestantiffima‚
1253 427 1294 455 ut
1314 417 1398 456 lieet
1425 419 1594 469 proxima
1617 433 1699 459 non

100 480 302 508 extenuent
327 478 390 505 aut
415 468 624 514 destituant,
652 478 781 505 tamen
804 469 1003 508 obscurent
1027 473 1063 509 ὃ(
1087 473 1330 511 obumbrent.
1385 470 1502 526 Q'uod
1527 475 1637 512 etiam
1650 477 1697 513 de

100 525 178 563 sole
201 533 336 561 notant
364 521 579 569 astronomi,
608 524 711 571 quod
741 521 782 560 fit
805 523 940 562 scilieet
969 525 1113 575 aspectu
1132 527 1265 574 bonus,
1294 529 1563 574 conjunctione
1587 533 1622 569 δε
1638 544 1697 581 ap-

98 578 306 630 proximatu
336 579 466 614 malus.
521 579 678 626 Propter
702 580 994 628 protestioncnu
1033 593 1121 618 nam
1150 594 1231 619 non
1260 582 1384 621 solum
1412 597 1466 622 res
1490 588 1630 624 co'e‘unt
1659 590 1696 624 δε

97 643 373 684 congregantur
402 643 554 681 propter
582 633 815 670 consortium
849 636 884 671 δε
905 646 1056 672 naturae
1080 634 1374 686 similitudinem,
1404 639 1464 677 sed
1485 642 1597 678 etiam
1623 654 1698 680 ma-

99 691 181 727 lum
211 687 442 740 (pracsertim
477 689 515 723 in
535 686 719 737 civilibus)
749 689 920 738 confugit
949 690 993 727 ad
1018 691 1175 738 bonum,
1206 703 1247 729 ut
1281 694 1392 731 lateat
1412 697 1449 732 &
1471 707 1697 746 protegatur.

96 746 226 792 Itaque
255 742 416 780 scelerati
437 741 607 780 homines
634 753 767 794 petunt
796 743 892 792 asyla
911 744 1101 793 divorum,
1130 748 1167 784 ὅ(
1195 745 1335 786 vitium
1363 748 1482 799 ipsum
1499 750 1534 788 sc
1561 754 1602 789 in
1625 752 1698 791 vir-

96 801 187 837 tutis
201 798 372 835 umbram
387 795 537 849 recipit:

497 876 615 932 Saepe
635 878 738 918 latet
757 878 904 919 vitium
920 881 1179 934 proximitate
1197 880 1296 922 boni.

98 956 247 993 Contra
271 956 308 991 &
332 954 476 991 bonum
502 953 536 990 se
564 964 736 1003 aggregat
764 953 809 991 ad
835 955 991 1002 malum,
1019 968 1101 993 non
1121 968 1273 1008 propter
1293 956 1542 1009 consortium,
1572 963 1632 1002 sed
1657 975 1698 1003 ut

92 1009 191 1052 illud,
209 1019 400 1046 convertat
417 1012 452 1046 ὅ(
471 1009 654 1046 reformet
677 1010 716 1046 in
739 1009 897 1047 bonum.
952 1011 1080 1062 Itaque
1100 1014 1136 1049 ὅς
1151 1013 1289 1051 medici
1311 1017 1428 1065 magis
1454 1018 1635 1057 accedunt
1651 1021 1697 1058 ad

94 1074 279 1114 aegrotos,
308 1076 422 1113 quam
446 1064 489 1101 ad
512 1063 636 1104 sanos3
665 1066 702 1101 &
733 1065 916 1101 servatori
944 1066 1073 1104 nostro
1101 1067 1291 1113 objectum
1317 1069 1377 1118 est,
1409 1072 1513 1121 quod
1542 1086 1696 1114 eonver-

93 1119 232 1157 sarctur
246 1131 332 1156 cum
348 1120 554 1169 publicanis
569 1121 605 1155 ὅ(
621 1117 885 1170 peccatoribus.

147 1171 344 1226 Sophifma
377 1185 410 1223 5.
444 1175 543 1211 (301
576 1184 739 1211 caeterae
762 1184 882 1225 partes
901 1176 960 1212 vel
987 1175 1113 1224 seciae,
1142 1176 1318 1216 secundas
1341 1182 1571 1220 unanimiter
1596 1185 1696 1223 defc-

91 1241 194 1277 mnr,
224 1228 330 1279 (cum
363 1228 524 1279 singulae
558 1230 809 1280 principatum
838 1227 902 1266 fibi
929 1232 1142 1278 vendicent)
1179 1235 1316 1271 melior
1348 1237 1501 1286 reliquis
1528 1239 1694 1278 videtur:

92 1286 198 1322 Nam
225 1285 363 1334 primas
381 1296 548 1333 quaeque
568 1295 611 1320 ex
644 1285 730 1320 zelo
750 1283 894 1322 videtur
922 1285 1079 1334 sumere,
1108 1286 1284 1326 secundas
1310 1300 1438 1329 autem
1470 1304 1513 1330 cx
1534 1305 1624 1332 veto
1657 1297 1694 1333 <Sc

90 1341 230 1377 merito
243 1340 419 1377 tribucre.

145 1395 228 1432 ITA
260 1394 398 1432 Cicero
426 1403 717 1443 argumentatur,
747 1393 880 1430 sectam
906 1395 1220 1444 academicorum,
1250 1411 1344 1449 quae
1372 1400 1622 1452 acatalepsiam
1643 1414 1695 1442 tc-

91 1447 187 1497 nuit,
214 1449 536 1498 philosophiarum
547 1448 649 1485 fuisse
665 1445 1017 1498 praestantiffimam.
1077 1448 1282 1505 Interroga
1292 1454 1394 1492 enim
1415 1455 1570 1507 (inquit)
1593 1455 1693 1497 Stoi-

81 1515 188 1551 cum,
218 1515 316 1556 qnae
333 1502 446 1555 ficta
466 1500 524 1554 stt
545 1502 676 1555 potior
683 1521 698 1546 ‚-
737 1501 805 1541 ille
828 1504 944 1555 suam
973 1505 1141 1543 caeteris
1167 1515 1401 1561 anteponet:
1427 1508 1566 1548 deinde
1592 1524 1691 1565 quae

81 1557 276 1611 secundas
304 1565 448 1606 teneat,
488 1555 746 1595 academicam
764 1555 980 1609 fatebitur.
1038 1558 1127 1612 Age
1146 1559 1333 1610 stmiliter
1361 1576 1446 1602 cum
1473 1563 1664 1618 Epicureo
1675 1586 1692 1612 3

94 1613 182 1667 (qui
207 1612 331 1652 Stoici
359 1614 436 1651 vix
460 1611 651 1665 aspec‘i‘am
676 1611 926 1663 toleraverit)
946 1612 1151 1667 postquam
1174 1616 1291 1668 fitam
1307 1617 1460 1670 sectam
1492 1619 1693 1661 collocarit·

91 1668 308 1720 inflammo,
338 1667 537 1706 collocabit
562 1665 821 1705 academicam
840 1669 881 1706 in
897 1670 1089 1720 proximo.
1146 1672 1340 1720 Similiter,
1370 1685 1521 1713 vacante
1537 1677 1694 1726 dignita-

89 1734 129 1761 te
141 1723 274 1773 aliqua,
301 1725 471 1775 princeps
491 1722 516 1760 si
543 1725 812 1775 competitores
837 1722 1002 1773 singulos
1036 1726 1295 1776 interrogaret,
1324 1742 1438 1778 quem
1460 1730 1542 1783 post
1564 1732 1600 1770 se
1627 1745 1693 1783 po-

89 1775 274 1816 tiffimum
290 1779 556 1816 commendare
573 1779 724 1825 vellent,
754 1777 948 1816 verisimile
971 1780 1031 1826 est,
1062 1780 1219 1819 secunda
1234 1784 1389 1822 illorum
1417 1797 1517 1833 vota,
1548 1787 1588 1824 in
1604 1796 1693 1826 eum

89 1833 156 1882 qui
169 1835 361 1883 praecipue
376 1835 512 1883 dignus
536 1836 572 1869 ὃ(
600 1835 745 1882 optime
766 1833 919 1871 meritus
942 1834 1064 1879 fuerit,
1094 1837 1329 1875 concursura.

146 1886 356 1926 Elenchus.
388 1891 413 1926 F
427 1901 486 1926 AL
498 1898 584 1926 ΜΤ
613 1888 797 1940 sophisma
825 1897 976 1940 propter
996 1888 1186 1928 invidiam.
1245 1894 1377 1931 Solent
1392 1896 1497 1931 enlm
1516 1895 1693 1935 homines

90 1942 259 1994 proxime
273 1944 353 1993 post
377 1943 424 1990 se,
453 1946 489 1981 &
511 1943 712 1980 factionem
731 1943 845 1990 suam,
874 1943 911 1980 in
928 1956 993 1981 eos
1009 1946 1188 1983 inclinare
1205 1948 1241 1983 ὅ(
1255 1950 1500 1998 propendere,
1530 1952 1595 1998 qui
1611 1954 1693 1990 reli-

91 2011 255 2048 quorum
275 2000 436 2036 maxime
452 1997 521 2035 sint
541 2011 690 2036 enerves
706 2001 741 2036 &.
757 2000 939 2045 imbelles,
968 1999 1105 2048 quique
1127 2000 1176 2038 cis
1197 2004 1403 2040 minimum
1427 2003 1612 2043 molestiae
1633 2019 1691 2045 ex-

89 2053 305 2101 hibuerunt,
333 2052 372 2091 in
388 2055 520 2091 odium
541 2055 709 2101 illorum,
738 2055 803 2102 qui
827 2053 897 2091 illis
917 2054 1124 2105 plurimum
1141 2055 1365 2095 insultarunt
1389 2068 1452 2096 aut
1475 2059 1691 2099 incommo-

89 2109 237 2146 darunt.

146 2161 344 2216 Sophisma
367 2165 404 2202 6.
436 2164 596 2215 Cujus
625 2163 842 2201 excellentia
864 2165 921 2202 vel
938 2167 1173 2214 exuperantia
1200 2165 1349 2215 melior,
1378 2168 1416 2205 id
1440 2178 1527 2208 toto
1554 2164 1692 2220 genere

89 2220 236 2256 melius.

142 2275 246 2311 Huc
274 2272 461 2325 pertinent
493 2272 680 2310 formulae
708 2272 791 2310 illae
819 2271 986 2313 ufitatac;
1028 2285 1076 2310 ne
1099 2286 1343 2325 pervagemur
1369 2277 1408 2315 in
1439 2280 1689 2328 generalibus:

88 2328 327 2366 'conferamus
344 2327 600 2380 particularem
613 2327 773 2376 aliquem
797 2340 885 2365 cum
905 2328 1125 2377 particulari,
1156 2332 1224 2367 &e

146 2380 357 2421 Elenchus.
386 2384 633 2421 VIDETUR
664 2383 737 2419 hoc
765 2382 948 2432 sophisma
972 2382 1053 2420 satis
1081 2384 1299 2426 nervosum3
1329 2388 1365 2424 ὅ(
1389 2389 1504 2432 magis
1527 2389 1689 2428 dialceti-

88 2451 176 2476 cum
191 2437 380 2488 quiddam,
409 2450 522 2486 quam
539 2438 782 2475 rhetoricum.
839 2437 1022 2475 Attamen
1050 2439 1242 2477 interdum
1266 2441 1372 2478 fallit.
1429 2430 1571 2489 Pbrimo,
1600 2449 1688 2494 quia

89 2494 175 2531 sunt
204 2505 262 2530 res
288 2493 386 2530 haud
418 2505 565 2545 paucae,
602 2494 770 2542 periculo
797 2494 1003 2544 plurimum
1034 2493 1230 2540 obnoxiae,
1266 2507 1360 2546 quae
1387 2500 1526 2545 tamen,
1556 2498 1581 2536 si
1609 2513 1688 2539 eva-

89 2549 193 2595 dant,
219 2550 371 2586 caeteris
394 2549 629 2585 antecellant.
685 2549 737 2584 Ita
761 2558 801 2584 ut
827 2559 960 2597 genere
986 2546 1055 2585 fint
1078 2548 1291 2597 deteriores,
1320 2552 1406 2599 quia
1435 2552 1573 2603 saepius
1592 2558 1688 2606 peri-

88 2605 262 2641 clitantur
283 2606 318 2641 &
338 2602 531 2643 excidunt3
559 2601 755 2641 individuo
769 2612 893 2640 autem
916 2603 1132 2640 nobiliores.
1188 2606 1230 2640 ln
1255 2605 1327 2643 hoc
1341 2618 1504 2644 numero
1519 2609 1566 2646 est
1585 2623 1687 2648 gem-

88 2670 150 2710 ma
170 2659 318 2704 Martia,
347 2659 393 2694 de
409 2671 480 2706 qua
500 2658 686 2695 Gallicum
707 2656 896 2707 adagium:
926 2659 1037 2695 Filius
1062 2657 1294 2706 Parisiorum,
1323 2662 1359 2697 ὅ(
1379 2673 1529 2711 gemma
1550 2652 1685 2702 nscnfis

89 2714 231 2760 Martii,
262 2712 286 2750 fi
310 2726 351 2750 cx
369 2712 439 2749 illis
462 2713 589 2749 evadat
606 2725 711 2757 unus,
741 2714 812 2750 erit
839 2711 946 2749 instar
968 2713 1098 2750 decem
1127 2712 1298 2751 aliorum.
1356 2716 1470 2754 Adeo
1495 2729 1536 2756 ut
1561 2720 1599 2756 in
1624 2733 1684 2764 ge-

89 2774 179 2805 nere
205 2781 356 2817 gemma
378 2769 471 2804 Maii
487 2779 658 2816 gemmae
680 2768 810 2805 Martii
830 2767 994 2816 praestet,
1026 2768 1084 2805 sed
1109 2768 1290 2807 tamenin
1318 2771 1514 2810 individuo
1539 2760 1683 2826 optima

89 2834 240 2871 gemma
269 2824 398 2859 Martii
427 2821 589 2873 optimae
604 2834 776 2871 gemmae
792 2821 883 2859 Maii
905 2823 1143 2871 praeferatur.-
1198 2824 1302 2862 Fallit
1323 2825 1503 2869 secund05
1531 2839 1685 2881 propter

90 2886 263 2914 naturam
292 2890 431 2924 rerum,
462 2878 502 2913 in
535 2878 718 2926 aliquibus
740 2876 936 2926 generibus
968 2887 1030 2915 aut
1059 2877 1244 2927 speciebus
1270 2883 1388 2930 magis
1413 2885 1616 2933 aequalem,
1646 2886 1686 2921 in

91 2931 272 2980 aliquibus
297 2931 411 2981 magis
438 2933 684 2980 inaequalem.
741 2932 1076 2984 Quemadmodum
1096 2934 1136 2969 in
1159 2932 1458 2973 observationem
1482 2940 1596 2984 venit,
1625 2940 1687 2974 eli-

89 2997 188 3023 mata
222 2985 395 3025 calidiora
422 2985 643 3037 generaliter
673 2988 822 3037 ingenia
849 2987 1055 3038 producere
1084 2987 1268 3031 acutior-215
1306 3001 1341 3028 at
1371 2993 1410 3029 in
1435 2990 1687 3042 frigidior-ibat

1541 3058 1690 3088 XHZCUJJ.

1787 163 1884 231 173
