2040 3439
72 193 237 242 Libat.
451 195 774 243 NOVUM
850 197 1326 246 ORGANUM.

129 295 191 334 28.
222 297 340 334 FIAT
369 297 664 347 experimentum
694 307 759 346 per
790 294 932 346 specula
958 297 1232 342 comburenrffl,
1261 297 1296 335 in
1327 298 1461 348 quibus
1497 299 1554 347 (ut
1588 306 1663 340 me-

70 349 176 398 mini)
201 350 278 388 hoc
310 351 379 393 fit3
410 360 450 388 nt
475 348 500 387 ss
525 350 712 400 speculum
734 362 894 400 ponatur
927 352 1099 401 (exempli
1129 355 1256 402 gratia)
1285 354 1329 390 ad
1359 355 1566 393 distantiam
1597 357 1661 406 spi-

70 405 214 443 thanaac
241 406 288 443 ab
303 406 453 449 object-o
480 403 742 452 combustibili‚
770 417 849 441 non
879 417 1074 456 tantopere
1102 406 1273 445 incendat
1294 419 1355 446 aut
1377 410 1516 450 adurat,
1545 423 1658 460 quam

68 458 94 498 fi
120 458 281 510 positum
307 460 420 497 fucrit
446 459 634 509 speculum
667 460 844 509 (exempli
869 460 1002 510 gratia)
1036 461 1080 497 ad
1112 462 1319 499 distantiam
1356 464 1659 515 semispithamac,

67 517 102 551 δε
130 513 310 564 gradatim
346 517 383 552 ὅ(
409 516 510 552 lente
537 514 698 551 trahatur
719 515 765 551 ad
793 514 996 552 distantiam
1026 514 1233 566 spithamae.
1291 521 1426 558 conus
1460 530 1588 558 tamen
1621 525 1658 559 δε

62 570 159 607 unio
179 568 366 607 radiorum
389 570 518 606 eadem
539 569 634 615 sunt,
664 568 724 606 sed
752 569 824 618 ipse
849 578 975 607 motus
999 581 1107 618 auget
1132 571 1388 621 operationem
1409 574 1549 612 caloris.

117 634 181 672 29.
210 625 601 662 EXISTIMANTUR
631 625 802 661 incendia
823 623 897 671 illa,
926 636 1019 673 quae
1044 625 1137 662 fiunt
1170 626 1282 664 flante
1309 640 1426 666 vento
1453 630 1543 667 forti
1580 643 1656 667 ma-

62 679 159 725 jores
186 679 390 731 progrcss'us
431 678 550 716 facere
579 678 747 716 adversus
780 690 948 724 ventum,
977 692 1089 727 quam
1126 679 1329 719 seeundum
1361 695 1540 726 ventum5
1569 688 1656 733 quia

62 732 196 772 scilicet
225 733 374 771 flamma
402 732 512 771 resilit
540 744 652 771 motu
679 733 899 784 perniciore,
929 745 1044 771 vento
1076 738 1305 782 remittente,
1334 750 1448 786 quam
1475 741 1657 792 procedit,

59 799 175 827 vento
193 789 422 838 impellente.

113 849 179 894 30.
209 844 420 881 FLAMMA
445 855 525 880 non
546 845 682 880 emicat
708 855 770 880 aut
793 854 999 893 generatur,
1032 844 1097 880 uiss
1126 845 1234 882 detur
1262 846 1400 895 aliquid
1421 849 1584 895 concavi,
1616 852 1656 888 in

59 903 138 948 quo
150 897 301 936 flamma
320 910 472 935 movere
491 894 603 950 possit
625 900 661 935 ὅ(
683 899 833 938 ludere3
861 909 1119 948 praeterquam
1143 901 1181 936 in
1206 900 1365 938 fiammis
1387 902 1548 940 flameris
1576 908 1656 955 pul-

59 953 154 992 veris
173 955 422 999 tormentarii,
450 955 488 990 ὅ(
506 951 696 1000 similibus,
727 953 789 991 ubi
813 948 1042 1006 compressio
1071 955 1107 991 δε
1136 956 1379 993 incarceratio
1398 957 1567 995 flammae
1596 972 1656 996 au-

59 1017 121 1058 get
136 1008 214 1053 cius
239 1007 420 1045 furorem.

115 1067 178 1113 31.
210 1064 356 1100 lNcos
384 1074 448 1112 per
475 1063 653 1098 malleum
679 1061 824 1099 calescit
853 1063 1081 1105 admodum3
1110 1064 1204 1101 adeo
1227 1074 1269 1102 ut
1291 1061 1317 1101 fi
1341 1066 1446 1103 incus
1466 1066 1577 1105 fucrit
1607 1069 1655 1105 la-

59 1115 181 1155 minae
209 1119 403 1164 tenuioris,
444 1117 690 1154 existimemus
723 1116 822 1154 illam
852 1130 917 1169 pcr
951 1118 1066 1156 fortes
1100 1121 1136 1155 δ(
1164 1121 1368 1157 continuos
1404 1122 1498 1158 iCtus
1529 1124 1656 1161 mallei

57 1171 156 1224 poffc
184 1171 385 1219 rubescere,
413 1182 454 1209 ut
487 1172 628 1209 ferrum
656 1170 843 1221 ignitum3
873 1171 932 1209 sed
957 1173 1002 1210 cle
1029 1175 1101 1211 hoc
1125 1173 1186 1210 fiat
1215 1177 1522 1225 experimentum.

113 1234 176 1277 32.
207 1227 277 1264 Ar
307 1229 345 1264 iu
368 1227 493 1276 ignitis
510 1237 603 1275 quac
631 1225 714 1263 sunt
735 1227 880 1276 porosa,
908 1227 958 1264 ita
977 1239 1017 1265 ut
1033 1230 1140 1266 detur
1160 1227 1313 1277 spatium
1342 1230 1386 1266 ad
1409 1233 1655 1270 exercendum

55 1291 208 1319 motum
231 1283 338 1331 ignis,
368 1280 393 1318 fi
424 1281 640 1318 cohibeatur
668 1281 884 1325 hujusmodi
911 1294 1037 1320 motus
1068 1296 1132 1334 per
1151 1280 1470 1332 compreffioncm
1501 1286 1652 1334 fortem,

54 1333 173 1373 statim
201 1338 429 1386 extinguitur
456 1335 550 1385 ignis
566 1351 579 1376 ,-
610 1337 724 1373 veluti
748 1347 834 1373 cum
865 1335 1023 1374 linteum
1040 1338 1170 1384 ustum,
1199 1349 1260 1375 aut
1288 1339 1393 1375 filum
1414 1341 1543 1377 ardens
1570 1354 1653 1379 can-

54 1389 160 1428 delae
183 1401 247 1429 aut
282 1391 471 1441 lampadis,
499 1400 562 1427 aut
592 1392 705 1427 etiam
730 1391 844 1428 carbo
873 1402 936 1428 aut
965 1404 1085 1442 pruna
1116 1392 1260 1437 ardens,
1289 1396 1554 1445 comprimitur
1586 1409 1652 1446 per

53 1445 285 1496 press‘orium,
315 1456 376 1484 aut
407 1444 510 1496 pedis
540 1445 879 1493 conculcationem,
915 1457 977 1484 aut
1002 1446 1229 1494 hujusmodi,
1257 1447 1376 1484 statim
1405 1448 1538 1487 ccss'ant
1567 1463 1655 1503 ope-

53 1500 217 1537 rationes
237 1502 342 1550 ignis.

109 1564 172 1606 33.
202 1555 599 1593 APPROXIMATIO
619 1555 665 1592 ad
692 1565 827 1606 corpus
846 1555 1009 1593 calidum
1031 1566 1140 1606 auget
1168 1557 1346 1603 calorem,
1374 1569 1445 1607 pro
1464 1559 1579 1609 gradu
1591 1573 1650 1611 ap-

52 1608 356 1659 proximationi53
385 1609 488 1658 quod.
506 1611 618 1646 etiam
638 1609 679 1646 fit
707 1607 746 1646 in
766 1611 911 1647 lumine
928 1624 936 1648 :
964 1612 1068 1650 Nam
1093 1624 1171 1662 quo
1190 1614 1340 1661 propius
1359 1610 1568 1651 collocatur
1584 1617 1650 1652 ob·

53 1664 191 1711 jectum
213 1665 258 1701 ad
278 1666 420 1711 lumen,
449 1676 497 1701 eo
526 1665 641 1713 magis
660 1662 709 1702 est
731 1662 880 1702 visibile.

107 1729 170 1769 34.
199 1719 283 1759 UN
296 1731 345 1757 10
378 1721 547 1757 calorum
568 1718 801 1757 diversorum
829 1729 939 1769 auget
957 1720 1135 1766 calorem,
1164 1718 1231 1758 nisi
1258 1721 1350 1760 fasta
1373 1720 1415 1760 sit
1433 1725 1650 1762 commistio

51 1785 269 1826 corporum.
326 1777 429 1812 Nam
456 1774 561 1810 focus
585 1785 742 1823 magnus
766 1775 803 1811 ὃ(
830 1774 937 1812 focus
965 1787 1093 1824 parvus
1123 1777 1162 1813 in
1174 1777 1313 1814 eodem
1342 1778 1442 1823 loco,
1472 1779 1650 1817 nonnihil

51 1829 215 1866 invicem
243 1840 379 1880 augent
407 1830 596 1870 calorem3
626 1837 662 1865 at
687 1839 780 1877 aqua
807 1829 932 1881 tepida
963 1829 1122 1867 immissa
1145 1832 1184 1868 in
1206 1843 1337 1883 aquam
1359 1832 1570 1870 ferventem
1598 1846 1652 1872 te-

51 1882 216 1934 frigerat.

103 1944 168 1989 35.
199 1939 348 1977 Mon-A
369 1939 537 1988 corporis
559 1937 668 1975 calidi
693 1947 802 1988 auget
819 1939 994 1977 calorem.
1050 1938 1200 1977 Etenim
1220 1941 1322 1977 calor
1350 1952 1532 1992 perpetuo
1550 1953 1650 1981 tran-

47 1989 141 2030 fiens
168 1995 205 2031 δε
226 2006 414 2041 emanans,
443 1992 707 2030 commiscetur
735 2004 824 2030 cum
850 1995 974 2032 calore
1001 1994 1317 2045 praeinexistcnte‚
1346 1997 1442 2033 adeo
1463 2007 1503 2035 ut
1521 2000 1649 2036 multi-

47 2048 161 2100 plicet
187 2049 365 2087 calorem.
422 2050 523 2087 Nam
558 2047 664 2085 focus
695 2059 776 2084 non
801 2060 915 2100 aeque
950 2048 1115 2086 calefacit
1143 2051 1358 2087 cubiculum
1392 2063 1456 2100 per
1497 2065 1648 2090 moram

48 2101 265 2151 semihorae,
293 2115 334 2141 ac
353 2102 379 2141 si
406 2103 507 2140 idem
535 2102 640 2140 focus
667 2102 775 2140 duret
795 2114 860 2153 per
888 2104 1022 2141 horam
1038 2103 1231 2153 integram.
1292 2105 1346 2142 At
1370 2105 1443 2142 hoc
1463 2119 1543 2144 non
1558 2107 1648 2146 facit

47 2157 177 2195 lumen
194 2173 207 2200 ,-
236 2160 378 2195 etenim
402 2159 538 2208 lampas
563 2167 626 2194 aut
646 2157 798 2195 candela
823 2159 864 2195 in
891 2158 1018 2207 aliquo
1046 2161 1134 2196 loco
1158 2157 1283 2210 posita,
1311 2172 1392 2197 non
1422 2163 1539 2210 tnagis
1565 2164 1648 2200 illu-

47 2210 166 2251 minat
193 2224 258 2265 per
283 2225 430 2250 moram
459 2213 687 2258 diuturnam,
716 2224 828 2260 quam
851 2211 971 2250 statim
999 2213 1044 2250 ab
1067 2212 1189 2250 initio.

101 2268 164 2318 36.
196 2269 470 2305 IRRITArlo
494 2279 557 2318 per
585 2265 763 2316 frigidum
784 2268 962 2314 ambiens,
991 2277 1099 2316 auget
1122 2270 1312 2309 calorem;
1342 2279 1384 2306 ut
1412 2271 1452 2307 in
1480 2269 1575 2307 focis
1594 2270 1645 2308 vi-

41 2319 128 2359 dete
151 2321 200 2359 est
222 2333 286 2371 per
309 2324 395 2372 gelu
419 2334 509 2359 acre.
567 2321 684 2373 Quod
709 2320 954 2358 existimamus
981 2322 1058 2359 fieri
1084 2335 1164 2360 non
1185 2334 1331 2360 tantum
1353 2336 1416 2373 per
1440 2324 1645 2364 conclusio-⁴

45 2387 136 2415 nem
157 2378 193 2414 &
221 2378 520 2414 contranionem
544 2377 690 2423 caloris,
719 2387 814 2425 quae
847 2377 895 2414 est
929 2376 1062 2429 species
1081 2379 1258 2418 unionis;
1289 2378 1350 2415 secl
1373 2390 1437 2428 per
1463 2380 1644 2432 exaspera-

44 2431 217 2472 tionem3
246 2430 360 2469 veluti
379 2443 466 2469 cum
488 2433 548 2468 aer
580 2441 644 2468 aut
669 2431 841 2468 baculum
867 2430 1052 2469 violenter
1083 2434 1350 2482 comprimitur
1374 2444 1437 2470 aut
1472 2434 1642 2481 flectitur,

43 2495 125 2524 non
153 2486 199 2523 acl
217 2487 399 2538 punitum
427 2488 502 2523 loci
522 2485 656 2535 prioris
679 2483 801 2533 resilit,
832 2484 892 2523 sed
909 2487 1059 2524 ulterius
1079 2488 1118 2523 in
1140 2489 1381 2525 contrarium.
1439 2490 1564 2540 Itaque
1579 2490 1640 2528 fiat

41 2539 199 2591 diligens
222 2543 531 2593 experimentum,
562 2552 627 2589 per
655 2540 829 2578 baculum
860 2541 919 2579 vel
951 2539 1068 2578 fimile
1096 2543 1236 2590 aliquid
1256 2541 1458 2580 immiffum
1475 2545 1514 2580 in
1540 2544 1642 2582 flam—

42 2605 156 2642 mam,
185 2605 314 2633 utrum
329 2596 373 2633 ad
394 2597 505 2633 latera
520 2595 692 2632 flammae
712 2607 793 2632 non
814 2606 940 2633 uratur
955 2594 1071 2643 citius,
1098 2608 1211 2645 quam
1232 2598 1271 2633 in
1287 2596 1414 2634 medio
1429 2597 1614 2636 flammae.

96 2660 159 2700 37.
189 2650 391 2688 GRADUS
433 2661 559 2688 autem
596 2652 636 2686 in
676 2649 906 2702 susceptione
938 2650 1070 2688 caloris
1104 2651 1187 2688 sunt
1228 2653 1452 2701 complures.
1508 2652 1640 2703 Atque

42 2705 167 2752 primo
189 2707 365 2743 omnium
387 2705 597 2742 notandum
612 2704 672 2750 cst,
702 2716 814 2752 quam
837 2717 970 2756 parvus
989 2708 1026 2743 δε
1041 2707 1144 2742 exilis
1171 2707 1285 2752 calor,
1315 2708 1429 2743 ctiam
1445 2719 1487 2744 ea
1507 2720 1641 2760 corpo-

41 2769 90 2804 ra,
119 2772 211 2808 quae
237 2761 369 2797 caloris
390 2759 546 2796 minime
575 2760 752 2796 omnium
771 2759 855 2797 sunt
884 2759 1093 2811 susceptiva,
1121 2758 1298 2798 immutet
1318 2772 1446 2798 tamen
1475 2764 1512 2800 ὃς
1544 2775 1641 2801 non-

41 2813 131 2850 nihil
164 2814 363 2852 calefaciat.
427 2816 531 2853 Nam
564 2813 639 2863 ipse
671 2814 774 2850 calor
801 2826 934 2851 manus
961 2815 1162 2863 globulum
1195 2816 1341 2866 plumbi
1387 2826 1449 2854 aut
1484 2818 1639 2861 alicujus

39 2868 181 2906 metalli
215 2869 394 2919 paulisper
422 2870 618 2906 detentum
641 2867 820 2905 nonnihil
853 2868 1031 2906 calefacit.
1085 2868 1201 2906 Adeo
1235 2870 1354 2917 facilc,
1389 2873 1426 2908 &
1454 2870 1493 2908 in
1518 2873 1641 2909 omni-

41 2921 106 2959 bus
123 2921 385 2964 transsnittitur
411 2927 446 2962 ὅ(
475 2922 651 2961 excitatur
665 2923 780 2970 calor,
809 2934 969 2974 corpore
985 2925 1094 2963 nullo
1108 2924 1228 2963 modo
1247 2925 1291 2963 ad
1307 2928 1557 2977 apparentiam
1571 2929 1640 2964 im-

39 2985 197 3025 mutato,

93 3086 256 3125 Vota„
876 3086 955 3127 Tt
1376 3089 1635 3140 38.FAC1L-

1750 223 1848 271 3²9
