2040 3439
74 219 301 286 cap.'111.
374 221 467 265 DE
503 217 951 267 AUGMENTIS'
979 216 1512 280 SCIENTIARUM.

595 349 669 395 {De
697 353 872 409 responsts
901 352 948 399 όν
972 354 1166 408 confitltis.

133 429 279 485 Aphor.
299 432 362 480 89.
392 433 779 470 DUBITAT10Nes
808 433 1055 481 particulares,
1083 445 1177 483 quae
1204 432 1251 469 de
1281 442 1453 482 tempore
1476 434 1515 470 in
1535 443 1681 485 tempus

79 497 289 537 emergunt,
306 487 556 525 dirimendi&
571 485 871 535 solvendialiqua
882 485 1072 523 ratioiniri
1088 488 1211 538 debet.
1240 488 1388 524 Durum
1399 490 1501 525 enim
1517 488 1577 536 est,
1589 499 1628 526 ut
1640 491 1678 534 ii,

77 544 141 594 qui
156 543 201 579 ab
216 552 343 581 errore
358 554 484 580 cavere
499 540 660 591 cupiant,
689 541 824 579 ducem
844 544 922 579 viae
943 553 1023 578 non
1045 543 1250 588 inveniant,
1280 553 1411 579 verum
1434 554 1473 580 ut
1493 544 1593 581 actus
1614 541 1677 594 ipli

78 598 346 649 periclitentur,
362 609 485 645 neque
499 594 540 633 fit
556 595 686 645 aliquis
701 606 787 634 anre
797 608 877 633 rem
887 598 1071 647 pcrac’tam
1086 597 1174 641 juris
1189 597 1459 648 praenoscendi
1477 599 1622 636 modus,

129 649 276 703 Aphor.
294 664 360 699 90.
391 654 650 691 RESPONSA
671 652 914 700 prudentum,
944 663 1038 700 quae
1053 652 1264 700 petentibus
1278 651 1414 689 dantur
1428 653 1474 689 dc
1490 653 1580 699 jure,
1610 651 1680 690 five

77 707 124 744 ab
145 707 330 744 advocatis
358 703 429 745 five
448 719 468 744 a
487 704 714 753 doctoribus,
744 716 847 744 tanta
870 706 990 744 valere
1021 706 1258 753 authoritate,
1287 716 1329 744 ut
1358 706 1403 743 ab
1437 719 1568 744 eorum
1603 707 1680 744 sen-

77 763 196 799 tentia
219 761 332 807 judici
358 761 532 799 recedere
551 772 633 798 non
662 757 703 798 fit
731 761 892 807 licitum,
922 773 1004 798 non
1024 762 1155 810 placet.
1205 760 1296 812 jura
1317 773 1336 798 a
1354 762 1481 807 juratis
1502 761 1683 807 judicibus

78 815 270 854 sumunto.

129 868 276 922 Aphor.
299 883 364 919 91.
395 873 463 908 ΤΕ
478 882 640 909 NTARI
661 868 794 916 judicia
814 882 879 921 per
898 869 1018 907 causas
1039 872 1075 907 ὅ(
1094 869 1265 921 personas
1286 869 1396 915 fictas,
1426 880 1466 907 ut
1487 883 1536 908 co
1560 872 1682 908 modo

75 927 310 976 experiantur
329 926 515 973 homines
545 925 662 975 qualis
682 925 806 962 futura
824 923 866 962 fit
881 926 972 974 legis
992 936 1139 971 norma,
1168 937 1249 961 non
1278 925 1407 973 placet.
1465 926 1679 962 Dedecorat

75 982 181 1019 enim
202 982 428 1026 majestatem
456 982 595 1030 legum,
625 982 661 1016 ὃς
681 992 750 1029 pro
770 981 1080 1029 praevaricatione
1099 979 1272 1029 quapiam
1294 978 1477 1016 censenda
1498 979 1556 1017 cst.
1607 980 1672 1033 Ju-

75 1034 169 1074 dicia
187 1046 312 1073 autem
332 1035 471 1085 aliquid
492 1036 626 1073 habere
641 1047 683 1072 ex
699 1034 815 1080 scena,
843 1034 1014 1071 deforme
1030 1035 1089 1071 est.

124 1087 356 1142 Aphor.92.
382 1090 619 1144 JumcU'M
648 1090 762 1139 igitur
793 1089 1040 1126 solummodo
1067 1099 1143 1126 tam
1177 1088 1324 1134 judicia,
1354 1101 1466 1137 quam
1501 1089 1673 1139 responsa

74 1146 111 1182 δί
131 1145 300 1183 consulta
321 1145 442 1183 sunto.
500 1146 565 1182 Illa
593 1146 639 1182 de
662 1144 787 1182 litibus
806 1143 1079 1195 pendentibus3
1110 1144 1198 1181 haec
1225 1144 1269 1180 de
1299 1144 1419 1181 arduis
1448 1145 1536 1189 juris
1564 1157 1672 1195 quae-

71 1199 249 1238 stionibus
282 1203 322 1238 in
355 1199 457 1237 thesi.
512 1202 563 1238 Ea
601 1200 781 1245 consulta,
811 1196 882 1236 five
911 1199 950 1235 in
978 1200 1127 1248 privatis
1156 1199 1264 1236 rebus
1291 1196 1361 1235 five
1391 1197 1428 1235 in
1456 1198 1624 1250 publicis,
1652 1213 1673 1236 a

76 1253 259 1301 judicibus
281 1253 363 1307 ipsis
382 1267 430 1292 ne
447 1255 604 1304 poscito,
636 1254 688 1301 (id
713 1256 816 1290 enim
838 1251 863 1290 fi
885 1252 959 1299 fiat,
987 1254 1095 1298 judex
1111 1253 1268 1290 transeat
1284 1255 1321 1289 in
1338 1252 1578 1302 advocatum)
1611 1253 1672 1290 led

73 1322 93 1346 a
107 1311 286 1361 principe,
315 1319 376 1347 aut
397 1311 498 1347 statu.
556 1309 621 1345 Ab
637 1310 709 1346 illis
729 1309 774 1346 ad
795 1307 931 1353 judiees
951 1308 1240 1345 demandentur.
1295 1307 1445 1360 Judiccs
1480 1319 1579 1354 vero,
1609 1310 1674 1344 tali

73 1364 298 1402 authoritate
330 1365 429 1411 freti,
457 1364 740 1413 disceptationes
760 1364 1043 1409 advocatorum,
1071 1364 1129 1400 vel
1158 1364 1205 1399 ab
1233 1363 1301 1407 his,
1330 1374 1495 1410 quorum
1515 1363 1675 1410 interest,

75 1418 346 1466 adhibitorum,
373 1421 433 1457 vel
451 1432 471 1456 a
498 1417 677 1464 judicibus
696 1415 788 1467 ipsis,
818 1415 844 1454 fi
874 1428 966 1466 opus
994 1414 1049 1463 sit,
1079 1413 1359 1465 affignatorum,
1390 1418 1427 1453 ὅ(
1459 1428 1678 1466 argumenta

75 1486 119 1510 ex
139 1483 295 1522 utraque
323 1484 437 1525 parte,
467 1472 650 1511 audiunto
665 1490 679 1515 ,-
709 1475 746 1510 &
767 1484 806 1509 re
825 1472 1028 1509 deliberata
1049 1472 1104 1517 jus
1129 1472 1357 1522 expediunto
1386 1473 1423 1508 &
1449 1471 1674 1508 declaranto.

76 1528 262 1586 consulta
280 1528 497 1576 hujusmodi
521 1529 620 1566 inter
647 1525 781 1575 judicia
801 1526 997 1564 referunto
1019 1528 1057 1564 ὅ(
1077 1526 1233 1574 edunto,
1263 1528 1299 1564 &
1325 1525 1418 1576 paris
1441 1525 1677 1563 authoritatis

76 1582 202 1622 sunto.

657 1654 732 1696 ‘De
748 1653 1088 1710 praeleffz‘ionibus.

131 1753 279 1809 Aphor.
295 1767 361 1807 93.
392 1757 808 1794 PRAELECTIONES
829 1755 875 1793 de
896 1756 990 1802 jure,
1010 1762 1120 1806 atque
1141 1755 1423 1791 exercitationes
1439 1765 1584 1799 eorum,
1613 1752 1679 1801 qui

71 1809 164 1859 ‘luris
183 1810 306 1850 studiis
320 1812 560 1857 incumbunt,
576 1813 612 1848 &
628 1822 779 1860 operam
795 1811 897 1856 dant,
913 1811 965 1847 ita
980 1808 1221 1847 instituuntor
1237 1812 1274 1846 ὃς
1289 1810 1524 1854 ordinantor,
1541 1819 1581 1844 ut
1598 1821 1678 1844 om-

75 1867 136 1905 nia
163 1867 320 1904 tendant
348 1866 394 1903 ad
421 1864 650 1914 quaestiones
678 1867 716 1901 ὅ(
741 1862 1012 1902 controversias
1040 1864 1087 1900 dc
1118 1865 1196 1909 jure
1225 1863 1400 1900 sedandas
1420 1862 1542 1912 potius
1565 1875 1679 1910 quam

78 1921 299 1960 excitandas.
351 1921 479 1958 Ludus
500 1922 604 1957 enim
635 1919 690 1967 (ut
716 1932 820 1956 nune
847 1919 902 1968 fit)
933 1919 1011 1956 fere
1031 1919 1125 1968 apud
1147 1930 1281 1955 omnes
1302 1917 1501 1954 instituitur
1517 1919 1553 1953 ὅ(
1567 1918 1681 1967 aperi-

76 1987 150 2025 tur,
180 1976 224 2014 ad
239 1972 507 2022 altercationes,
536 1977 573 2012 ὃς
597 1972 826 2024 quaestiones
849 1974 897 2011 de
919 1974 1000 2020 jure
1022 1972 1336 2024 multiplicandas,
1365 1982 1541 2020 tanquam
1563 1971 1681 2008 osten-

76 2031 182 2069 tandi
205 2030 348 2081 ingenii
371 2029 485 2068 causa.
541 2030 670 2081 Atque
695 2028 769 2066 hoc
797 2039 900 2066 vetus
927 2028 975 2066 est
995 2029 1149 2064 malum.
1207 2028 1359 2065 Etenim
1379 2025 1490 2062 etiam
1505 2025 1601 2077 apud
1617 2037 1679 2061 an-

74 2088 203 2136 tiquos
217 2084 357 2136 gloriae
371 2086 455 2133 fuit,
483 2095 662 2134 tanquam
678 2095 743 2136 pcr
758 2083 868 2121 sectas
891 2085 928 2121 δ(
951 2082 1142 2128 factiones,
1170 2082 1401 2132 quaestiones
1416 2081 1625 2132 complures
1634 2080 1681 2116 de

77 2140 158 2189 jure
172 2142 291 2191 magis
306 2140 433 2178 fovere
448 2148 562 2189 quam
578 2137 806 2188 extinguere.
863 2138 904 2175 Id
924 2150 972 2175 ne
988 2137 1063 2184 fiat,
1093 2136 1301 2186 providero.

573 2234 646 2274 De
672 2233 927 2274 vacillatione
942 2232 1194 2287 judiciorum.

130 2306 279 2362 Aphor.
295 2317 362 2358 94.
393 2309 696 2348 VACILLANT
723 2308 873 2353 judicia,
903 2308 962 2343 vel
989 2317 1143 2358 propter
1169 2307 1412 2341 immaturam
1439 2304 1476 2339 &
1501 2303 1681 2355 praefesti-

77 2376 168 2402 nam
192 2363 438 2405 sententiam3
468 2365 527 2402 vel
550 2373 701 2414 propter
728 2363 1022 2398 aemulationem
1049 2360 1259 2399 curiarum3
1287 2359 1345 2395 vel
1366 2368 1518 2409 propter
1542 2359 1688 2397 malam,

77 2421 117 2457 ὅ(
136 2417 348 2469 imperitam
373 2418 681 2470 perscriptionem
703 2415 940 2462 judiciorum,
972 2416 1026 2452 vel
1044 2425 1200 2468 propter
1215 2412 1315 2451 viam
1329 2412 1534 2464 praebitam
1558 2413 1603 2449 ad
1629 2425 1683 2449 rc-

80 2470 292 2511 scissionem
315 2485 448 2511 eorum
472 2475 586 2510 nimis
609 2470 755 2508 facilem
777 2474 814 2508 ὃς
838 2471 1060 2519 expeditam.
1117 2471 1243 2517 Itaque
1260 2465 1534 2516 providendum
1552 2467 1611 2513 est,
1642 2477 1682 2504 ut

74 2529 213 2574 judicia
228 2538 417 2575 emanent,
447 2538 591 2565 matura
618 2525 886 2563 deliberatione
905 2526 1007 2576 prius
1031 2524 1167 2570 habita,
1197 2533 1307 2571 atque
1327 2531 1367 2559 ut
1388 2523 1511 2559 curiae
1534 2521 1568 2558 se
1592 2520 1682 2558 invi-

78 2595 165 2620 cem
199 2593 447 2630 reveteantur‚
477 2593 587 2631 atque
611 2591 652 2618 ut
674 2579 809 2626 judicia
826 2579 1103 2630 perscribantur
1121 2577 1279 2616 fideliter
1303 2578 1339 2614 ὅ(
1368 2576 1596 2627 prudenter:
1628 2587 1683 2613 ut-

82 2649 154 2686 que
169 2639 228 2677 via
247 2638 293 2675 ad
312 2637 554 2675 rescindenda
576 2634 722 2683 judicia,
750 2633 792 2672 fit
815 2635 923 2681 arsia,
952 2633 1186 2684 confragosa,
1214 2634 1251 2669 δ(
1278 2641 1457 2679 tanquam
1477 2630 1686 2670 muricibus.

82 2693 195 2730 strata.

134 2745 281 2799 Aphor.
299 2757 364 2796 95.
397 2748 446 2785 SI
467 2747 651 2792 judicium
681 2745 871 2782 redditum
899 2741 1010 2781 fucrit
1040 2743 1086 2780 de
1115 2741 1199 2780 casu
1222 2741 1352 2790 aliquo
1376 2742 1416 2779 in
1437 2737 1557 2789 aliqua
1582 2742 1682 2777 curia

79 2803 291 2852 principali,
321 2805 358 2839 δε
379 2800 502 2839 similis
524 2801 625 2838 casus
649 2797 890 2837 intervenerit
911 2800 951 2836 in
971 2799 1041 2835 alia
1056 2796 1168 2842 curia,
1198 2808 1247 2833 ne
1269 2796 1468 2845 procedito
1491 2796 1535 2832 ad
1557 2795 1682 2840 judici-

86 2868 163 2903 um,
192 2868 393 2906 antequam
416 2856 479 2894 fiat
503 2855 733 2893 consultatio
754 2854 793 2890 in
814 2847 979 2902 collegio
998 2853 1129 2902 aliquo
1144 2850 1310 2897 judicum
1334 2851 1488 2892 maiore.
1542 2849 1688 2903 judicia

87 2909 187 2948 enim
201 2911 341 2949 reddita
357 2908 382 2948 fi
398 2910 496 2948 forre
512 2910 670 2948 rescindi
685 2908 827 2946 neccffe
842 2906 896 2953 fir,
927 2907 1057 2944 saltem
1074 2905 1303 2956 sepeliuntor
1318 2917 1407 2942 cum
1424 2905 1582 2943 honore.

140 2963 287 3017 Aphor.
305 2967 371 3013 96.
405 2967 481 3006 UT
502 2967 625 3003 curiae
647 2964 693 3001 de
710 2961 966 3009 jurisdictione
981 2960 1235 3012 digladientur
1259 2962 1295 2998 δε
1324 2959 1600 3003 conflictentur,
1631 2959 1694 2995 hu-

89 3031 242 3058 manum
259 3021 438 3069 quiddam
464 3019 512 3058 est
524 3038 538 3063 ‚-
568 3031 690 3069 eoque
720 3016 846 3067 magis,
877 3017 983 3066 quod
999 3028 1064 3067 per
1080 3014 1247 3066 ineptam
1266 3015 1453 3063 quandam
1476 3012 1694 3051 sententiani

91 3075 208 3123 (quod
225 3076 317 3112 boni
333 3074 518 3115 &strenui
535 3072 574 3114 fit
591 3073 732 3122 judicis,
761 3073 938 3124 ampliare
960 3069 1256 3116 jurisdictionem
1289 3071 1425 3116 curiae)
1456 3070 1572 3108 alatur
1588 3069 1695 3118 plane

145 3130 246 3168 Vor..
277 3132 304 3168 Ι.
824 3128 858 3165 l<
880 3126 908 3173 k,
938 3137 957 3173 3
1637 3121 1696 3156 illa

1760 236 1858 287 259
