2040 3439
180 309 280 360 ¹94

513 291 604 337 DE
641 287 1090 334 AUGMENTIS
1125 285 1664 334 SCIENTIARUM.
1776 285 1965 334 Lib.VI.

364 383 601 434 ιἠῖινὴἶῖοπ,
645 382 791 422 nullum
819 381 862 421 ob
875 381 1018 437 scelus,
1037 381 1114 436 fid
1138 383 1230 437 quia
1257 383 1433 423 utilitati
1458 382 1646 436 legionum
1676 382 1980 437 confidebamus„

361 441 402 480 hi
413 434 620 493 fispelt‘ant.
674 439 823 490 Quibus
851 440 972 476 verbis
999 439 1160 477 invidiae
1183 452 1224 476 ac
1250 440 1562 482 consternationis
1592 438 1756 477 nimium
1785 450 1970 488 quantum

341 497 536 534 ,concivit⁸
593 494 775 539 Adeont‚
807 491 874 535 nist
889 492 990 536 brevi
1006 494 1126 546 postea
1154 493 1383 542 innotuisset,
1413 493 1507 532 nihil
1528 494 1666 531 horum
1683 494 1800 542 fuisse,
1829 493 1920 545 quin
1936 507 1970 532 c-

362 549 451 592 tiam
468 550 619 586 fratrem
636 557 724 585 cum
740 559 935 599 nunquam
959 548 1134 595 habuisse,
1153 550 1212 586 vix
1236 562 1257 586 a
1279 550 1466 599 pracfecto
1489 547 1626 586 milites
1641 556 1774 590 manus
1787 547 1970 600 abstinuis—

363 606 462 642 sent:
493 605 558 640 llle
573 615 664 641 vero
681 615 760 640 rem
780 613 917 650 totam,
946 613 1125 655 tanquam
1140 603 1319 650 fabulam,
1347 603 1384 641 in
1407 604 1513 642 scena
1527 604 1678 655 peregit.
1880 609 1895 626 ⁸
1923 654 1927 656 Ἴ

417 662 455 697 Ν
468 669 563 695 unc
582 669 673 696 vero
693 658 736 694 ad
761 658 1021 709 colophonem
1048 659 1286 710 pervenimus
1301 659 1475 696 tractatus
1506 658 1619 696 nostri
1647 658 1693 697 de
1713 657 1891 696 doctrinis
1920 671 1973 698 ra—

364 713 575 751 tionalibus.
632 714 674 750 In
706 712 836 761 quibus
861 714 948 750 licet
973 726 993 751 a
1019 710 1279 764 partitionibus
1300 710 1453 766 receptis
1480 711 1668 751 interdum
1693 713 1941 752 recesserimus
1956 731 1970 758 ,-

366 781 480 805 nemo
495 779 621 804 tamen
638 767 830 813 existimet,
859 780 931 805 nos
945 766 1025 806 illas
1040 779 1173 806 omnes
1188 766 1401 818 improbare
1417 766 1649 818 partitiones,
1679 766 1812 817 quibus
1827 767 1882 807 ufi*
1893 782 1974 807 non

366 824 500 860 sumus.
556 824 703 873 Duplex
719 823 821 859 enim
838 823 950 860 nobis
978 822 1187 873 imponitur
1206 820 1398 861 neccffitas
1426 821 1641 875 partitiones
1656 823 1850 861 mutandiz
1881 824 1975 864 Una

366 880 452 929 quia
477 878 563 914 haec
587 877 664 914 duo
688 876 881 925 nimirum,
910 889 967 915 res
993 889 1124 916 natura
1134 880 1329 930 proximas
1354 877 1393 916 in
1416 889 1530 916 unam
1558 877 1705 914 class'em
1728 877 1909 928 redigere,
1937 881 1976 918 &

368 945 422 970 res
436 933 480 969 ad
497 931 604 968 usum
619 933 845 984 promendas
859 932 1046 979 conjicere
1069 934 1109 970 in
1126 945 1245 971 unum
1273 935 1482 980 cumulum,
1510 932 1585 970 fine
1600 931 1679 982 ipso
1694 934 1731 970 ὅ(
1746 933 1976 982 intentione,

369 987 454 1026 sunt
469 984 633 1024 omnino
652 987 823 1025 diversa..
861 989 1032 1038 Exempli
1056 989 1171 1038 gratia
1193 988 1405 1026 secretarius
1433 986 1562 1039 aliquis
1589 989 1684 1037 regis
1712 998 1776 1025 aut
1805 987 1975 1039 reipubli-

369 1055 433 1080 cae
464 1044 503 1078 in
535 1041 665 1079 museo
690 1042 831 1080 chartas
852 1042 929 1080 suas
958 1042 1008 1081 ita
1031 1044 1162 1093 procul
1190 1043 1308 1081 dubio
1327 1041 1518 1090 distribuit,
1557 1052 1597 1080 ut
1625 1055 1719 1094 quae
1747 1041 1875 1080 fimilis
1903 1041 1973 1082 fint

370 1108 521 1135 naturae
536 1094 644 1134 simul
658 1107 878 1148 componat,
908 1097 1022 1136 veluti
1036 1098 1188 1135 foedera
1204 1097 1380 1146 seorsum,
1411 1097 1576 1135 seorsum
1592 1097 1778 1149 mandata,
1792 1097 1914 1149 literas
1927 1100 1976 1137 ab

371 1154 514 1198 exteris,
543 1152 666 1189 literas
680 1152 897 1190 domesticas
918 1151 1112 1199 &fimilia‚
1141 1152 1307 1192 seorsum
1331 1155 1474 1191 omnia.
1532 1153 1679 1191 Contra
1708 1154 1749 1190 in
1776 1151 1914 1191 scrinio
1939 1167 1974 1191 a—

371 1207 478 1255 liquo
497 1207 708 1255 particulari
734 1206 813 1244 illas
832 1205 940 1245 simul
966 1209 1178 1259 componit,
1207 1221 1297 1257 quas
1324 1207 1410 1247 licet
1426 1205 1557 1246 diverfi
1584 1205 1727 1258 generis
1741 1206 1838 1256 sunt,
1866 1205 1976 1246 simul

372 1272 500 1299 tamen
516 1260 596 1298 usui
624 1261 706 1298 fore
734 1260 933 1300 existimet:
964 1264 1025 1300 Sic
1053 1261 1232 1301 nimirum
1261 1265 1302 1302 in
1326 1263 1402 1302 hoc
1429 1262 1625 1304 universali
1650 1261 1823 1301 scientiae
1843 1261 1976 1316 reposi-

373 1315 474 1353 torio
489 1314 610 1362 nobis,
639 1328 709 1366 pro
729 1326 859 1354 natura
879 1328 1003 1354 rerum
1020 1316 1191 1370 ipsarum,
1221 1317 1440 1368 partitiones
1463 1328 1569 1355 erant
1589 1316 1857 1356 instituendae:
1887 1330 1976 1358 cum

372 1382 501 1409 tamen
521 1369 546 1407 si
560 1370 786 1420 particularis
809 1371 930 1420 aliqua
951 1371 1100 1409 seientia
1119 1372 1238 1411 fuiffet
1254 1373 1519 1424 pertraCtanda,
1548 1370 1766 1421 partitiones
1787 1372 1978 1413 fuissemus

374 1425 498 1472 secuti,
528 1425 608 1462 usui
626 1427 661 1462 δε
676 1425 774 1475 praxi
793 1428 921 1475 potius
933 1429 1249 1466 accommodatas.
1303 1428 1436 1466 Altera
1451 1423 1644 1465 necessitas
1665 1426 1883 1479 partitiones
1898 1440 1977 1468 mu-

375 1481 479 1520 tandi
500 1478 560 1527 est,
598 1481 685 1529 quia
712 1479 1001 1520 desideratorum
1028 1482 1074 1519 ad
1095 1481 1259 1521 scientias
1279 1483 1451 1529 adjectio,
1480 1484 1516 1520 δε
1545 1494 1681 1520 eorum
1709 1494 1798 1521 cum
1825 1484 1980 1533 reliquis

376 1539 416 1576 in
434 1535 622 1584 integrum
638 1548 772 1586 corpus
795 1535 968 1584 redaCtio,
998 1539 1111 1574 etiam
1131 1550 1195 1590 per
1208 1537 1528 1587 consequentiam,
1562 1535 1798 1577 scientiarum
1819 1537 1981 1587 ipsarum

376 1589 595 1643 partitiones
610 1591 804 1637 transtulit,
832 1603 921 1628 narn
945 1592 1286 1638 (demonstrationis
1305 1591 1440 1643 gratia)
1470 1592 1546 1629 esto
1564 1592 1668 1643 quod
1682 1602 1776 1630 artes
1797 1605 1891 1644 quae
1918 1593 1979 1632 ha-

379 1647 526 1692 bentur,
556 1647 742 1683 rationem
759 1646 918 1684 habeant
941 1649 1088 1685 numeri
1112 1659 1171 1697 15,
1198 1648 1347 1693 adjcecis
1369 1658 1496 1686 autem
1525 1645 1734 1686 defideratis
1749 1647 1897 1688 numeri
1913 1658 1979 1686 20.

377 1699 477 1739 Dico
508 1701 613 1752 quod
640 1711 761 1753 partes
783 1700 930 1740 numeri
959 1714 1020 1752 15,
1055 1715 1138 1741 non
1166 1701 1250 1741 sunt
1277 1702 1431 1741 eaedem
1458 1713 1588 1753 partes,
1623 1714 1718 1755 quae
1740 1701 1888 1743 numeri
1913 1715 1978 1741 20.

379 1757 482 1794 Nam
503 1765 622 1808 partes
636 1757 786 1794 numeri
810 1767 872 1806 15,
900 1756 984 1795 sunt
1002 1767 1038 1808 3,
1053 1760 1090 1796 δε
1104 1768 1138 1806 5.
1193 1759 1315 1797 Partes
1328 1770 1422 1798 vero
1435 1759 1585 1797 numeri
1603 1768 1668 1806 20,
1695 1756 1782 1797 sunt
1810 1767 1847 1805 2,
1870 1768 1912 1809 4,
1942 1768 1979 1809 5,

380 1812 419 1849 δε
439 1821 499 1848 10.
555 1811 681 1860 Itaque
695 1821 794 1863 patet
814 1812 918 1860 quod
946 1812 1036 1852 haec
1050 1814 1158 1852 aliter
1171 1812 1254 1853 fieri
1273 1825 1356 1855 non
1381 1814 1587 1866 potuerint.
1642 1813 1773 1862 Atque
1795 1813 1844 1853 de
1866 1813 1981 1854 scien·

379 1864 438 1905 tiis
452 1866 582 1919 logicis
595 1865 686 1905 haee
704 1866 800 1906 dicta
814 1865 896 1905 sint.

1690 3004 1883 3063 FRA
1893 3004 1982 3064 N-
