2040 3439
77 189 288 258 Cap.111.
347 192 442 240 DE
486 189 911 240 AUGMENTIS
945 191 1470 242 SCIENTIARUM

692 334 734 379 C
768 336 813 380 A
849 335 898 380 P.
972 336 1053 383 111.

77 475 152 518 ‘De
167 475 444 532 fundamentis
460 474 509 521 (ΣΝ
535 475 656 528 officio
680 475 905 518 rhetoricae.
962 476 1208 535 Appendices
1222 488 1304 520 tres
1318 481 1545 532 rhetoricae,
1573 494 1671 540 quae

126 530 184 572 ad
195 533 506 586 promptuariam
533 531 797 572 tantummodo
814 534 1040 587 pertinent.-
1076 535 1230 575 Colores
1256 535 1344 576 boni
1377 536 1424 581 ό
1452 537 1558 588 mali,
1587 549 1671 579 tam

112 586 316 649 fimpticir,
372 599 487 642 qnam
534 588 766 641 comparati:
808 587 1031 628 Antitheta
1072 587 1220 630 rerum:
1261 590 1465 632 Formulae
1505 595 1670 634 minores

127 650 326 682 oratzont-s.

78 757 81 759 ’
206 759 235 801 Ε
247 764 287 801 N
297 762 364 800 1M
375 763 451 803 US
481 763 554 808 jam
570 761 615 800 ad
634 758 842 801 dostrinam
857 760 904 801 de
916 761 1161 802 illustratione
1175 760 1368 804 sermonis.
1422 768 1476 806 Ea
1490 764 1551 816 est,
1579 783 1674 820 quae

221 816 564 864 rhetoricadieitur‚
590 811 846 855 fiveoratoria.
907 817 1276 857 Scientiacerte&in
1286 820 1322 858 se
1337 824 1496 872 egregia,
1526 823 1674 875 &egre-

72 875 134 926 gie
160 886 182 912 a
207 871 448 924 scriptoribus
476 873 630 910 exculta.
687 871 914 921 Eloquentia
941 883 1080 919 autem,
1109 870 1135 910 si
1162 870 1243 925 quis
1271 887 1357 912 vere
1386 889 1465 914 rem
1495 879 1674 928 aestimet,

71 926 245 982 sapientia
271 927 522 977 proculdubio
545 927 593 964 est
611 926 778 965 inferior.
831 927 1016 965 Videmus
1045 927 1162 975 enim,
1191 940 1336 977 quanto
1361 931 1561 970 intervallo
1583 934 1674 974 haec

71 984 177 1030 illam
194 981 275 1034 post
295 981 331 1019 se
359 984 556 1034 relinquat,
583 983 625 1019 in
645 981 762 1019 verbis
793 981 926 1031 quibus
959 983 1144 1020 allocutus
1175 983 1225 1020 est
1258 984 1410 1022 Mosem
1439 988 1553 1035 Deus,
1583 1001 1672 1026 cum

71 1039 136 1078 ille
147 1049 287 1078 munus
301 1033 366 1074 sibi
376 1036 542 1075 delatum
557 1046 710 1087 propter
723 1037 912 1074 defe&um
929 1036 1152 1075 elocutionis
1166 1039 1367 1090 recusasset,
1395 1037 1533 1079 Habes
1545 1042 1672 1082 Aaro-

71 1104 169 1142 nem,
210 1089 278 1131 ille
305 1091 383 1130 erit
411 1089 485 1130 tibi
513 1091 602 1129 vice
630 1091 810 1138 oratoris,
851 1098 896 1129 tu
924 1103 1017 1129 vero
1048 1093 1084 1130 ei
1113 1093 1202 1130 vice
1229 1091 1329 1131 Dei.
1386 1093 1443 1133 At
1467 1097 1602 1146 fruetu,
1631 1102 1670 1138 ὃς

69 1141 239 1201 populari
254 1147 535 1193 existimatione,
565 1146 741 1199 sapientia
761 1148 998 1196 eloquentiae
1012 1145 1120 1185 cedit.
1178 1148 1230 1185 Ita
1251 1150 1356 1187 enim
1372 1151 1576 1195 Solonion,
1604 1151 1673 1192 Sa-

62 1201 181 1257 piens
208 1199 318 1240 corde
349 1199 604 1255 appellabitur
636 1199 821 1254 prudens,
852 1199 931 1253 fid
962 1199 1089 1240 dulcis
1116 1200 1262 1255 eloquio
1303 1202 1453 1258 majora
1493 1209 1669 1260 reperiet.

69 1258 182 1298 Haud
195 1256 350 1296 obscure
365 1259 539 1304 innuens,
568 1255 783 1306 sapientiam
798 1257 936 1293 famam
948 1254 1136 1305 quandam
1153 1260 1187 1295 ὅ(
1198 1256 1490 1298 admirationem
1505 1264 1670 1314 cuipiam

67 1314 288 1352 conciliare:
315 1323 352 1350 at
381 1315 422 1350 in
443 1312 552 1349 rebus
576 1310 747 1360 gerendis
775 1315 811 1350 ὅ(
846 1313 918 1348 vita
952 1314 1163 1359 communi,
1190 1314 1447 1362 eloquentiam
1475 1321 1671 1368 praecipue

67 1367 140 1407 effe
168 1363 370 1406 efficacem.
426 1367 492 1403 Ad
512 1365 596 1403 artis
616 1378 708 1404 vero
722 1366 830 1413 hujus
845 1367 1031 1403 culturam
1051 1367 1154 1416 quod
1170 1369 1321 1409 attinet3
1350 1369 1561 1409 Aristotelis
1583 1385 1670 1423 erga

68 1422 239 1461 rhetores
253 1421 306 1459 sui
323 1423 504 1471 temporis
518 1420 731 1468 aemulatio,
769 1432 880 1470 atque
897 1422 1095 1459 Ciceronis
1109 1418 1271 1459 studium
1286 1435 1368 1460 aere
1392 1427 1430 1461 <Sc
1444 1425 1661 1476 vehemens,

69 1478 127 1516 illi
157 1476 411 1516 nobilitandae
432 1477 524 1514 totis
555 1476 695 1512 viribus
727 1477 962 1523 incumbens,
989 1488 1076 1513 cum
1105 1477 1226 1526 longo
1246 1476 1312 1515 usu
1339 1480 1599 1528 conjundium,
1629 1485 1670 1521 in

68 1531 176 1571 causa
193 1531 358 1579 fuerunt,
386 1541 427 1569 ut
443 1532 482 1568 in
498 1531 602 1567 libris
627 1529 697 1568 suis
712 1531 758 1567 de
774 1531 841 1567 hac
856 1541 931 1567 arte
947 1530 1163 1582 conscriptis
1179 1531 1213 1568 se
1228 1531 1326 1581 ipsos
1341 1534 1511 1572 vicerint.
1567 1536 1671 1576 Dein

65 1587 236 1637 exempla
249 1585 311 1624 illa
326 1581 614 1624 luculentissima
633 1585 782 1631 hujusce
797 1587 896 1632 artis,
926 1598 1020 1633 quae
1041 1587 1081 1623 in
1101 1587 1336 1624 orationibus
1351 1586 1622 1629 Demosthenes
1634 1595 1672 1631 &

67 1640 267 1687 Ciceronis
288 1640 485 1688 habentur,
512 1650 800 1692 praeceptorum
827 1639 990 1677 acumini
1017 1643 1054 1678 ὃ(
1082 1639 1296 1691 diligentiae
1320 1643 1455 1691 addita,
1482 1646 1673 1694 profedffls

67 1694 175 1748 ipsius
192 1697 444 1747 geminarunn
501 1697 638 1746 Quare,
667 1696 817 1744 quaein
832 1695 899 1732 hac
921 1705 998 1733 arte
1013 1693 1207 1733 desiderari
1222 1694 1446 1746 invenimus,
1474 1699 1673 1739 versabun-

68 1762 131 1790 tur
162 1753 285 1802 potius
311 1751 352 1788 in
378 1748 662 1788 collcffionibus
689 1749 920 1798 quibusdam,
950 1763 1044 1799 quae
1070 1759 1219 1788 tantum
1243 1751 1471 1802 pedissequae
1489 1754 1577 1792 huic
1599 1759 1671 1795 arti

67 1807 208 1858 praesto
227 1804 308 1852 sint,
336 1818 451 1855 quam
474 1806 514 1842 in
534 1803 726 1855 disciplina
753 1808 789 1842 ὅ(
805 1805 871 1842 usu
898 1807 987 1842 artis
1014 1804 1131 1855 ipsius.
1187 1808 1292 1844 Nam
1324 1808 1438 1845 ctiam
1455 1818 1550 1857 tum,
1580 1823 1671 1850 cum

66 1863 344 1915 promptuariae
358 1860 545 1907 cujusdam
561 1861 660 1897 inter
681 1859 800 1908 logica
819 1861 1060 1898 mentionem
1079 1861 1296 1909 faceremus,
1325 1862 1497 1901 uberiora
1519 1866 1597 1911 ejus
1616 1865 1670 1904 rei

67 1916 237 1969 exempla
258 1917 298 1953 in
314 1915 509 1953 rhetoricis
523 1914 682 1967 polliciti
697 1915 833 1952 sumus.

123 1971 503 2010 VERUNTAMEN
532 1980 572 2007 ut
593 1982 699 2007 more
722 1970 859 2016 nostro,
887 1971 981 2008 circa
1004 1970 1142 2008 radices
1157 1970 1265 2023 hujus
1293 1970 1390 2019 attis,
1418 1973 1566 2023 glebam
1581 1987 1668 2024 pau-

67 2026 192 2076 lulum
214 2027 421 2078 aperiamus
447 2027 484 2062 &
512 2024 741 2074 subigamus3
769 2024 954 2062 rhetorica
979 2036 1079 2063 certe
1098 2024 1314 2077 phantasiae,
1344 2029 1667 2076 quemadmodum

67 2080 255 2122 dialectica
281 2079 487 2117 iiitelleitui
510 2079 698 2117 subservit.
753 2079 898 2128 Estque,
927 2077 952 2116 si
971 2082 1052 2131 quis
1067 2082 1175 2118 altius
1191 2093 1269 2118 rem
1288 2093 1469 2131 penetret,
1497 2080 1670 2122 officium

68 2128 107 2174 ἃ
131 2147 267 2174 munus
292 2135 499 2173 rhetoricae
527 2147 607 2172 non
635 2135 747 2181 aliud,
777 2147 890 2183 quam
919 2144 960 2172 ut
986 2134 1139 2173 rationis
1167 2134 1364 2173 dictamina
1381 2136 1587 2189 phantasiae
1607 2152 1667 2191 ap-

67 2191 180 2243 plicet
208 2193 244 2228 &
272 2190 528 2235 commendet,
558 2189 603 2226 ad
624 2189 859 2227 excitandum
887 2191 1093 2241 appetitum
1114 2192 1151 2228 δ(
1173 2191 1420 2229 voluntatem.
1476 2194 1666 2242 Regimen

67 2247 173 2283 cuim
196 2243 347 2282 rationis
364 2244 493 2294 impeti
522 2246 559 2281 ὅ(
578 2245 782 2293 perturbari
806 2245 973 2281 videmus
1001 2244 1116 2283 tribus
1149 2244 1291 2283 modis:
1321 2247 1379 2283 vel
1407 2259 1471 2298 per
1494 2247 1664 2300 illaquea-

66 2298 214 2338 tionem
234 2298 515 2352 sophismatum,
550 2299 653 2348 quod
673 2299 717 2335 ad
733 2299 961 2335 dialecticam
981 2302 1164 2348 pertinen
1191 2301 1250 2338 vel
1274 2311 1338 2349 per
1353 2301 1558 2351 praestigias
1587 2316 1665 2340 ver—

67 2356 218 2401 borum,
248 2354 353 2403 quod
373 2353 418 2391 ad
441 2353 685 2394 rhetoricam3
714 2355 772 2391 vel
796 2365 860 2403 per
883 2351 1085 2392 affectuum
1108 2352 1340 2401 violentiam,
1369 2356 1471 2406 quod
1500 2357 1545 2393 ad
1573 2357 1664 2395 ethi-

65 2421 161 2448 cam.
216 2409 552 2461 Quemadmodum
567 2409 727 2446 enimin
747 2407 919 2457 negotiiS,
948 2420 1041 2456 quae
1056 2421 1145 2446 cum
1166 2410 1246 2446 aliis
1269 2410 1536 2458 contrahimus,
1564 2412 1663 2450 vinci

67 2465 150 2516 quis
166 2465 202 2502 ὅ(
224 2464 377 2515 perduci
398 2463 504 2510 solet,
531 2465 590 2501 vel
605 2462 690 2509 astu,
719 2465 778 2501 vel
797 2462 1093 2513 importunitate,
1123 2464 1180 2500 vel
1196 2463 1450 2506 vehementia;
1479 2467 1529 2503 ita
1547 2469 1664 2506 ctiam

65 2520 105 2556 in
125 2517 186 2557 illa
206 2517 460 2569 negotiatione
475 2518 634 2565 interna,
662 2530 775 2570 quam
796 2517 992 2554 nobiscum
1014 2530 1235 2565 exercemus,
1265 2529 1327 2555 aut
1349 2531 1661 2569 argumentorum

65 2573 218 2612 fallaciis
245 2572 467 2620 subruimur,
495 2583 557 2610 aut
576 2569 863 2625 impress'lonum
883 2574 920 2609 ὃ(
948 2573 1252 2611 obversationum
1273 2569 1479 2612 assiduitate
1507 2575 1662 2615 solicita-

64 2640 150 2666 mur
164 2630 477 2677 &inquietamur‚
507 2638 569 2666 aut
584 2628 785 2665 affestuum
807 2629 951 2679 impetu
972 2627 1208 2665 concutimur
1231 2630 1268 2665 ὃ(
1296 2628 1469 2680 rapimur.
1524 2633 1663 2681 Neque

65 2695 154 2721 vcro
174 2693 251 2721 tam
271 2681 468 2720 infeliciter
489 2681 610 2732 agitur
634 2695 721 2720 cum
750 2693 878 2719 natura
906 2682 1081 2729 humana,
1112 2694 1151 2720 ut
1179 2683 1263 2720 illae
1285 2695 1378 2721 artes
1406 2687 1443 2722 ὅ(
1471 2685 1663 2724 facultates

64 2738 109 2776 ad
130 2740 315 2776 rationem
337 2738 608 2775 deturbandam
623 2739 788 2778 valeant5
818 2738 1036 2785 neutiquam
1056 2749 1148 2775 vero
1161 2738 1205 2774 ad
1225 2738 1383 2776 eandem
1404 2740 1658 2779 roborandam

64 2795 102 2830 ὃς
121 2791 392 2830 stabiliendam:
421 2794 565 2831 Verum
593 2793 638 2829 ad
659 2793 754 2829 hane
778 2803 857 2829 rem
886 2793 999 2841 longe
1020 2794 1147 2841 magis,
1205 2791 1300 2829 Finis
1323 2793 1425 2831 enim
1448 2796 1658 2834 dialecticae

64 2845 124 2894 cst,
152 2848 287 2885 docere
301 2847 466 2885 formam
485 2858 807 2897 argumentorum,
838 2846 881 2882 ad
904 2845 1074 2895 praesidia
1088 2848 1309 2895 intending
1339 2861 1420 2886 non
1440 2851 1486 2886 ad
1505 2846 1657 2889 insidias.

64 2902 163 2939 finis
185 2901 314 2939 itidem
341 2903 494 2947 ethicae,
524 2901 674 2939 asscitus
689 2904 739 2939 ita
754 2913 998 2952 componere,
1027 2911 1067 2938 ut
1083 2903 1220 2938 rationi
1234 2904 1413 2950 militent,
1441 2917 1522 2942 non
1534 2917 1660 2944 autem

64 2968 147 2993 cam
180 2956 364 2994 invadant.
423 2956 520 2994 Finis
539 2957 699 3007 denique
722 2955 937 3002 rhetoricae,
966 2954 1188 3006 phantasiam
1209 2956 1365 3006 implere
1394 2960 1661 2998 obversationi-

66 3012 132 3048 bus
148 3010 185 3046 &
201 3009 436 3058 simulachris,
466 3024 559 3062 quae
576 3013 713 3049 rationi
729 3011 909 3061 suppetias
929 3011 1062 3058 ferant,
1093 3023 1171 3048 non
1189 3022 1313 3049 autem
1330 3026 1411 3051 eam
1432 3017 1658 3066 opprimant.

119 3066 182 3104 VO
193 3076 230 3103 L.
260 3067 285 3103 I.
852 3066 884 3100 Y
1514 3069 1662 3106 Abusus

1766 200 1862 258 169
