2040 3439
73 226 262 298 Capu.
307 233 409 279 DE
462 233 966 280 AUGMENTIS
1019 234 1630 286 SCIENTJARUM.

73 333 134 369 vel
163 342 251 368 eum
274 328 335 367 alii
361 328 499 367 invidia
520 330 700 380 flagrent:
728 341 790 373 aut
811 329 836 368 fi
855 333 965 371 vei-ba
982 346 1074 382 quae
1091 335 1135 371 ad
1152 335 1277 372 laudes
1291 338 1457 385 proprias
1469 340 1672 386 pertinent,

69 397 248 435 tanquam
273 384 372 421 aliud
397 386 522 434 agenti
549 386 717 422 excidisse
740 387 955 428 videantur3
986 391 1220 438 minimeque
1244 393 1301 428 vel
1329 391 1424 428 l'crio
1447 393 1501 428 vel
1530 394 1673 442 prolixe

71 443 184 479 nimis
199 439 240 477 iis
259 437 461 477 insistatur:
491 450 554 476 aut
578 439 603 476 fi
627 440 676 477 ita
700 443 783 489 quis
807 441 843 477 se
869 443 1037 481 laudibus
1061 444 1240 492 honestet,
1272 457 1312 483 ut
1333 443 1440 484 iimul
1456 449 1570 485 etiam
1587 460 1671 485 cen>

71 496 162 534 suris
182 498 218 534 ὃ(
242 496 333 541 jocis
353 506 438 552 erga
460 495 494 531 se
515 507 595 532 non
610 493 804 533 abstineat:
835 507 896 534 aut
912 496 936 534 si
951 498 1110 550 denique
1130 500 1203 537 lioe
1224 501 1312 538 facit
1333 513 1413 538 non
1436 502 1580 554 sponte,
1611 504 1673 541 sed

69 561 246 599 tanquam
276 546 471 596 lacessitus‚
502 551 538 587 ὅ(
560 551 723 587 aliorum
749 551 959 589 insolentiis
991 556 1028 591 &
1055 554 1293 592 contumeliis
1314 566 1554 604 provocatus:
1588 571 1669 596 non

68 617 224 656 parvum
238 614 339 641 certe
354 604 443 641 haec
464 616 521 641 res
540 605 800 642 existimationi
824 607 991 644 hominis
1013 611 1209 647 cumulum
1230 610 1365 654 adiicit.
1424 613 1560 660 Neque
1585 613 1668 651 sane

69 663 221 710 exiguus
241 658 290 697 est
308 671 442 696 eorum
459 672 656 700 numerus3
684 662 762 708 qui,
791 673 880 699 cum
908 674 1038 700 natura
1070 661 1139 700 {int
1168 667 1286 714 magis
1314 665 1423 702 solidi
1451 669 1488 704 ὃς
1512 667 1669 705 mininie

66 714 222 761 ventosi,
251 725 362 763 atque
383 726 579 766 propterea
608 715 674 751 liae
693 727 784 762 arte,
814 716 952 754 honori
982 718 1047 755 sno
1073 718 1280 756 velificandi
1309 732 1470 768 careant,
1501 724 1669 761 modera-

67 769 183 808 tionis
203 770 297 815 suae,
327 771 513 807 nonnulla
533 782 619 807 cuni
637 770 829 819 dignitatis
845 773 990 817 jactui-a,
1020 773 1109 809 dant
1124 786 1274 822 poenas.

122 827 312 864 VERUM
339 824 551 866 huiusmodi
580 824 868 862 ostentationem
897 828 1052 872 virtutis,
1083 838 1274 877 utcunque
1303 831 1434 878 aliquis
1460 831 1669 869 infirmiore

66 879 219 927 judicio,
249 881 464 917 &nimium
486 880 632 917 fortass'e
648 879 799 927 ethicus,
832 882 1118 930 improbaverit:
1149 884 1242 920 illud
1260 896 1376 920 nemo
1398 887 1552 934 negarit,
1583 888 1669 923 dan-

20 937 24 944 '
67 936 154 973 dam
175 935 304 973 saltem
333 934 402 971 css'e
426 947 592 986 operam,
622 946 663 972 ut
686 937 803 972 virtus
825 948 890 985 per
914 937 1099 974 incuriam
1123 937 1217 983 justo
1242 938 1308 975 suo
1333 938 1453 986 pretio
1474 952 1554 976 non
1576 942 1667 977 finiu-

66 990 186 1037 detur,
216 993 253 1028 &
277 991 449 1036 minoris,
478 1001 591 1037 quani
612 1002 736 1027 revera
757 990 816 1037 est,
845 991 1065 1028 aestimetur.
1121 993 1222 1029 Haec
1242 1006 1332 1030 vero
1360 996 1398 1030 in
1419 996 1555 1031 virtute
1576 995 1670 1032 nesu-

67 1046 215 1092 manda,
244 1046 355 1098 pretii
389 1043 603 1091 diminutio,
633 1045 750 1082 tribus
780 1045 900 1083 modis
924 1046 1018 1083 solet
1045 1049 1294 1098 contingere:
1339 1049 1483 1095 Primo,
1515 1051 1669 1098 quando

66 1102 160 1150 quis,
190 1101 230 1138 in
259 1101 367 1137 rebus
392 1102 571 1149 gerendis,
604 1100 638 1136 se
654 1102 689 1138 ὅ(
705 1113 857 1152 operam
880 1100 993 1147 suam,
1023 1101 1136 1139 offert
1152 1105 1188 1139 ὅ(
1203 1103 1387 1149 obtrudit,
1417 1116 1498 1140 non
1519 1116 1671 1142 vocate-s

66 1167 128 1194 aut
149 1154 361 1193 accersitus:
391 1155 616 1200 Hujusmodi
646 1154 746 1192 enini
777 1153 921 1202 officiis,
955 1156 1269 1194 remunerationis
1295 1160 1385 1196 loco
1410 1159 1479 1195 effe
1508 1158 1613 1206 solet,
1642 1160 1667 1196 ii

59 1212 147 1247 ¹'rion
168 1209 416 1263 repudientur.
477 1210 663 1256 Secundo,
693 1211 845 1258 quando
869 1213 949 1258 quis
974 1211 1010 1248 iii
1038 1213 1227 1261 principio
1250 1212 1303 1249 rei
1326 1214 1509 1262 gerendae
1526 1216 1666 1251 viribus

64 1265 137 1303 suis
161 1267 324 1303 nimium
349 1264 533 1306 abutitur3
562 1268 598 1302 ὃς
618 1267 720 1316 quod
744 1264 871 1302 sensim
890 1276 964 1302 crat
981 1265 1247 1315 praestandum,
1278 1281 1356 1305 uno
1383 1270 1524 1320 inipetu
1551 1269 1669 1306 effrin-

60 1320 145 1358 dit:
174 1321 215 1358 Id
243 1319 346 1371 quod
374 1322 482 1357 rebus
511 1321 607 1356 bene
636 1321 895 1357 administratis
924 1332 1210 1373 praeproperam
1233 1324 1410 1360 conciliat
1431 1323 1598 1372 gratiani,
1629 1326 1670 1361 in

64 1375 140 1413 fine
163 1386 291 1413 autern
313 1373 518 1411 satietatem
540 1375 696 1412 inducit.
752 1377 900 1421 Tertio,
922 1376 1076 1423 quando
1091 1375 1170 1424 quis
1185 1378 1332 1414 virtutis
1350 1377 1431 1414 suae
1446 1377 1608 1415 fructum
1629 1378 1669 1415 in

63 1430 245 1477 laudibus,
270 1429 409 1479 plausu,
439 1430 598 1476 honore,
619 1431 746 1478 gratia,
768 1428 832 1466 fibi
848 1429 1034 1482 praebitis,
1052 1429 1165 1467 nimis
1180 1433 1260 1468 cito
1275 1433 1458 1469 &leviter
1474 1432 1596 1479 sentit,
1618 1444 1669 1470 at-

63 1491 138 1534 que
152 1484 247 1522 iniis
262 1482 326 1522 fibi
341 1486 566 1536 complacet:
596 1485 641 1521 de
656 1497 734 1536 quo
748 1486 912 1534 prudens
925 1485 1080 1522 habetur
1090 1486 1305 1527 monitum;
1329 1487 1431 1524 Cave
1447 1498 1494 1523 ne
1506 1486 1670 1526 insuetus

63 1540 172 1578 relius
186 1539 388 1585 majoribus
404 1539 572 1585 videaris,
589 1537 613 1576 si
630 1540 718 1577 haec
733 1550 771 1576 te
785 1552 841 1577 res
855 1552 977 1590 parva,
998 1538 1102 1578 ficuti
1118 1552 1268 1590 magna,
1289 1541 1458 1578 delectat.

57 1594 186 1633 ΒΕ
201 1605 444 1633 FECTUUM
478 1596 676 1632 enimvero
695 1594 820 1632 sedula
841 1595 1058 1641 occultatio,
1089 1597 1250 1632 minoris
1271 1595 1561 1645 haudquaquam
1585 1609 1668 1635 nio-

63 1648 183 1688 {nenti
217 1650 278 1697 est,
309 1661 423 1699 quani
451 1650 629 1686 virtutem
661 1649 823 1701 prudens
852 1652 889 1686 ὃ(
917 1649 1112 1686 artificiosa
1136 1650 1347 1688 ostentatio.
1404 1651 1580 1688 Defectus
1608 1665 1668 1690 au-

59 1712 142 1743 tem
171 1706 409 1743 occultantur
443 1706 480 1741 ὅ(
511 1705 628 1741 latent
646 1704 818 1751 maxime,
846 1704 985 1757 triplici
1008 1705 1170 1753 quadam
1198 1705 1387 1752 industria,
1417 1708 1453 1743 ὅς
1482 1704 1580 1755 quast
1605 1709 1669 1744 tri-

63 1759 133 1798 bus
165 1761 338 1797 latebris:
384 1760 587 1807 Cautione‚
616 1769 806 1809 praetextu
845 1762 882 1797 &
923 1760 1164 1798 confidentia.
1223 1760 1455 1798 Cautionem
1497 1760 1668 1808 dicimus,

59 1815 217 1862 quando
237 1814 278 1852 iis
294 1815 401 1852 rebus
415 1815 618 1863 prudenter
633 1814 866 1861 abstinemus,
884 1815 1019 1863 quibus
1038 1827 1141 1866 pares
1161 1827 1243 1852 non
1258 1815 1383 1854 sumus
1400 1830 1407 1852 :
1438 1813 1514 1852 Ubi
1537 1827 1669 1854 contra

61 1871 214 1920 ingenia
233 1869 409 1908 audacula
434 1871 470 1906 ὅ(
499 1871 678 1918 inquieta,
708 1869 743 1906 se
765 1869 873 1906 facile
901 1871 1092 1919 ingerunt,
1122 1868 1196 1907 fine
1215 1870 1371 1916 judicio,
1401 1870 1509 1908 rebus
1534 1871 1669 1918 quibus

62 1937 144 1962 non
160 1925 397 1963 insueverunt
412 1941 426 1966 ,-
458 1926 494 1961 &
513 1925 674 1975 proinde
694 1924 858 1961 defectus
878 1923 962 1961 suos
981 1923 1363 1974 proprioslpublicant
1394 1927 1430 1961 &
1459 1923 1557 1973 quast
1583 1938 1668 1974 pro-

62 1981 238 2018 clamant.
295 1981 532 2018 Praetextum
553 1978 721 2027 dicimus,
750 1991 838 2016 cum
863 1978 1039 2028 sagaciter
1063 1982 1100 2017 ὅ(
1123 1979 1325 2031 prudenter
1340 1978 1437 2016 viam
1458 1980 1568 2016 nobis
1582 1981 1665 2017 ster-

61 2035 189 2072 nimus
209 2037 246 2072 &
262 2033 465 2081 munimus,
495 2046 567 2082 qua
590 2035 752 2084 benigna
775 2036 811 2071 ὃς
834 2034 1039 2071 commoda
1064 2034 1111 2072 de
1137 2035 1236 2072 vitiis
1258 2036 1294 2071 δε
1314 2033 1517 2071 defectibus
1532 2034 1664 2071 nostris

58 2089 122 2127 fiat
137 2088 416 2140 interpretatio;
447 2087 545 2138 quast
565 2088 713 2127 aliunde
734 2090 1055 2139 provenientibus,
1089 2099 1152 2126 aut
1174 2090 1250 2126 alio
1270 2089 1520 2137 tendentibus,
1550 2101 1664 2139 quam

59 2145 177 2196 vulgo
196 2144 427 2182 existimatur.
484 2145 650 2192 Etenim,
679 2145 726 2181 de
747 2144 894 2182 latebris
909 2143 1089 2182 vitiorum
1104 2156 1185 2181 non
1202 2145 1300 2181 male
1315 2145 1446 2194 po'e'ta:

403 2217 521 2272 Saepe
549 2218 650 2260 latet
677 2219 824 2257 vitium
843 2217 1106 2271 proximitate
1128 2214 1226 2254 boni.

112 2311 473 2366 QUARE‚fiqtieni
489 2313 676 2350 defestum
700 2314 741 2350 in
768 2313 877 2349 nobis
898 2308 977 2363 ipsis
1005 2309 1292 2363 perceperimus,
1323 2321 1435 2358 opera
1462 2308 1594 2354 danda,
1624 2318 1666 2345 ut

56 2369 259 2418 personam
284 2371 321 2406 δε
349 2378 580 2420 praetextum
597 2369 743 2405 virtutis
771 2367 951 2404 finitimae
974 2377 1205 2412 mutuemur,
1236 2365 1302 2402 sub
1329 2365 1432 2408 cujus
1454 2364 1586 2400 umbra
1616 2363 1663 2398 la-

59 2433 146 2461 teat.
203 2424 320 2463 Verbi
353 2422 478 2473 gratia,
518 2423 626 2460 tardo
654 2421 808 2472 gravitas
842 2422 1096 2471 praetexenda,
1125 2422 1262 2470 ignavo
1296 2417 1437 2463 lenitas,
1474 2420 1511 2454 ὅ(
1536 2416 1582 2454 sie
1615 2417 1663 2454 de

59 2480 225 2516 caeteris.
284 2479 381 2516 Illud
409 2477 518 2515 etiam
549 2477 650 2524 utile,
679 2477 911 2527 probabilem
944 2478 1106 2524 aliquam
1132 2474 1277 2511 eausam
1307 2473 1526 2518 obtendere,
1555 2475 1591 2509 δε
1625 2471 1665 2508 in

62 2534 194 2583 vulgus
219 2534 398 2586 spargere,
428 2546 500 2582 qua
527 2533 687 2574 adducti,
716 2534 865 2569 ultimas
880 2532 973 2568 vires
993 2532 1130 2567 nosti-as
1146 2540 1318 2579 promere
1336 2527 1586 2576 refugiamus;
1617 2536 1658 2563 ut

63 2588 170 2637 quod
187 2601 267 2626 non
288 2585 480 2638 possimus,
503 2588 607 2625 nolle
622 2587 825 2626 videamur.
880 2586 997 2636 Qiod
1013 2586 1057 2622 ad
1073 2584 1342 2622 confidentiam
1370 2581 1512 2628 attinet,
1542 2580 1660 2632 impu·

10 2660 11 2663 ¹
61 2644 154 2680 dens
169 2655 268 2681 certe
283 2642 332 2681 est
347 2644 570 2689 remedium,
595 2642 655 2679 sed
676 2652 804 2679 tamen
827 2637 1072 2678 certiss'imuni
1089 2651 1198 2688 atque
1215 2633 1527 2675 efficacissimum:
1557 2647 1662 2672 nem-

61 2709 119 2750 pe,
149 2708 189 2735 ut
210 2699 292 2747 quis
313 2710 354 2735 ea
369 2700 534 2735 omnino
562 2708 821 2743 contemnere,
851 2698 887 2732 ὅ(
901 2694 1126 2745 vilipendere
1142 2694 1176 2731 se
1192 2693 1421 2742 profiteatur,
1445 2703 1539 2740 quae
1561 2703 1660 2728 reve-

61 2764 101 2789 ra
116 2752 247 2803 ass'equi
263 2765 342 2790 non
363 2749 498 2802 possit:
524 2753 785 2789 Mercator-um
805 2749 1045 2802 prudentium
1069 2761 1190 2794 more,
1213 2748 1348 2797 quibus
1368 2745 1523 2783 solenne
1543 2745 1592 2782 est
1622 2747 1660 2781 δε

62 2807 268 2859 proprium,
298 2818 339 2846 ut
366 2807 524 2858 pretium
546 2805 727 2843 mercium
749 2806 895 2842 suarum
922 2806 1112 2850 attollant,
1140 2802 1298 2840 aliorum
1323 2802 1546 2852 deprimant.
1604 2800 1663 2839 Est

62 2856 188 2899 tamen
213 2865 248 2899 ὅ(
271 2864 372 2900 aliud
401 2862 651 2899 confidentiae
677 2873 805 2910 genus,
844 2861 917 2896 lioe
941 2858 1021 2909 ipso
1049 2858 1330 2908 impudentius;
1356 2855 1550 2902 nimirum,
1579 2867 1658 2904 per-

59 2915 165 2953 frlffa
193 2917 320 2954 fronte
349 2917 510 2955 defectus
545 2917 629 2954 suos
654 2914 764 2952 etiam
791 2914 966 2964 opinioni
989 2914 1191 2951 obtrudere
1212 2914 1248 2949 δε
1268 2911 1472 2958 venditare,
1495 2908 1593 2962 quali
1621 2908 1659 2945 in

61 2970 115 3018 iis,
145 2971 277 3022 quibus
310 2974 472 3010 maxime
499 2969 715 3016 destituitur,
746 2969 781 3006 se
807 2971 974 3006 eminere
1008 2968 1157 3005 credat:
1192 2967 1321 3018 Atque
1349 2976 1390 3002 ut
1413 2966 1486 3002 lioc
1516 2962 1657 3019 facilius

62 3027 215 3062 caeteris
234 3026 417 3076 imponat,
443 3026 477 3063 se
494 3028 531 3064 iu
548 3025 589 3063 iis
618 3026 736 3070 rebus,
772 3023 904 3072 quibus
919 3036 1040 3061 revera
1055 3024 1258 3073 plurimum
1275 3021 1404 3073 pollet,
1433 3020 1546 3069 fingat
1561 3014 1655 3076 dilii-

60 3081 234 3122 desstt'nn
266 3081 592 3130 quemadmodum
619 3079 696 3119 fieri
721 3080 890 3118 videmus
912 3080 950 3115 in
972 3080 1102 3129 poetis.
1159 3079 1272 3115 Po'e'ta
1295 3074 1397 3114 enim
1421 3076 1583 3114 carmina
1603 3077 1662 3107 iiia

118 3136 227 3173 Voi..
257 3137 284 3175 I.
807 3134 840 3169 G
861 3145 884 3183 g
916 3144 935 3170 2
1478 3127 1667 3171 recitante,

1754 258 1845 304 235
