2040 3439
103 248 202 310 138

500 236 596 291 DE
632 234 1071 288 AUGMENTIS
1113 230 1651 280 SCIENTIARUM.
1700 215 1893 282 Liuvr.

287 339 325 375 ὅ(
358 333 611 388 praerogativa
653 330 835 381 quaedam
869 326 1036 365 hominis
1073 324 1268 364 individui.
1324 327 1452 378 Itaque
1481 327 1521 363 in
1550 338 1688 375 genere
1716 327 1905 376 videmus,

285 403 343 430 res
358 376 540 430 naturales
553 385 803 425 artificialibus
824 381 1019 435 praeponi,
1047 383 1134 431 quia
1159 379 1412 419 imitationem
1428 393 1510 418 non
1531 379 1726 432 recipiunt.
1782 384 1904 435 Queat

286 449 391 485 enim
414 445 596 484 imitabile
623 442 683 488 est,
713 440 883 489 potentia
911 438 1106 487 vulgatum
1136 437 1195 474 est.
1251 437 1400 482 Tertio,
1429 449 1523 488 quae
1547 448 1590 473 ex
1618 436 1792 474 felicitate
1817 451 1905 488 pro-

288 505 457 545 veniunt,
487 501 588 536 bona·
611 495 785 533 videntur
808 494 970 543 gratuita
985 504 1055 529 nec
1075 491 1267 529 laboribus
1291 501 1437 541 empta:
1467 491 1523 529 At
1551 504 1646 540 quae
1666 494 1806 531 vii-tute
1817 505 1905 543 pro-

287 557 364 604 pria
390 555 511 606 pretio
538 554 654 588 veluti
683 546 867 598 acquisita.
926 549 1053 596 ltaque
1082 548 1272 596 eleganter
1297 545 1529 593 Plutarchus,
1559 548 1606 584 de
1631 548 1741 585 rebus
1768 549 1908 587 Timo-

289 605 427 649 leontis
448 609 617 647 hominis
639 608 754 655 longe
772 599 1069 648 fortunatiffimi‚
1098 614 1189 639 cum
1211 602 1320 640 rebus
1353 599 1520 651 Agesilai-
1547 603 1583 639 &
1603 603 1906 653 Epaminondae,

288 667 352 710 qui
367 678 447 704 uno
463 676 555 702 aevo
568 661 752 708 vixerunt,
781 659 1019 709 eoinparatiS,
1034 656 1145 695 dixit:
1175 658 1258 695 Illas
1273 656 1433 695 Homeri
1446 655 1672 695 carminibus
1686 657 1790 696 fuisse
1810 657 1907 697 fimi>-

288 711 354 769 ses,
383 733 478 770 quae
506 730 594 756 cum
620 715 706 754 alias
733 715 928 760 excellant,
957 712 1091 765 sponte
1120 710 1233 750 etiam
1258 712 1374 749 fluere
1397 712 1594 750 videantur
1616 715 1653 750 &
1675 712 1778 762 quasi
1803 717 1908 765 geni-

291 790 356 815 um
378 776 510 826 sapere.
568 774 728 824 Quarto,
757 771 857 819 quia,
887 769 991 818 quod
1012 778 1157 818 praeter
1182 767 1287 819 spem
1311 776 1375 804 aut
1394 778 1541 819 praeter
1567 767 1802 818 expeciatum
1816 782 1908 808 eon-

284 833 414 879 tingit,
444 830 581 874 gratius
597 832 633 865 ὃς
657 827 802 870 majore
827 836 915 862 cum
944 825 1137 874 voluptate
1153 821 1193 860 in
1221 822 1429 859 hominum
1444 821 1592 860 animos
1617 822 1754 861 influit.
1809 826 1910 869 Illud

290 873 382 925 vefo
408 873 630 933 neutiquam
651 878 834 931 competit
850 879 905 927 iis,
933 892 1029 929 quae
1058 880 1209 931 propria
1224 890 1311 916 cura
1339 879 1376 914 &
1405 876 1549 915 ambitu
1573 889 1852 928 comparantur.

346 939 545 994 Sophifma
567 950 625 977 12·-
655 939 806 989 QUOD
834 949 877 973 ex
891 935 1060 987 pluribus
1081 932 1223 971 constat
1247 935 1284 970 δε
1307 930 1560 979 divisibilibus,
1590 933 1639 971 est
1663 935 1780 981 majus
1795 948 1911 986 quarn

291 998 395 1047 quod
420 989 461 1033 αξ
492 993 740 1047 paucioribus,
770 993 808 1028 ὃς
836 992 955 1041 magis
984 1002 1126 1027 unum:
1156 991 1260 1027 Nam
1286 989 1419 1025 omnia
1447 1001 1512 1038 per
1536 999 1656 1037 partes
1677 988 1911 1031 considerata

293 1054 437 1098 maiora
461 1050 655 1088 videntur:
685 1049 812 1098 Quare
839 1047 875 1082 &
895 1046 1085 1097 pluralitas
1113 1043 1289 1095 partium,
1318 1042 1621 1092 magnitudinem
1649 1057 1736 1096 prae
1762 1045 1798 1082 se
1818 1046 1911 1085 fert:

292 1110 444 1146 Fortius
460 1115 585 1143 autem
610 1113 785 1153 operatur
799 1102 989 1151 pluralitas
1013 1102 1177 1150 partium
1206 1098 1232 1137 si
1260 1099 1364 1137 ordo
1388 1097 1497 1137 absit:
1526 1101 1631 1137 Nam
1655 1100 1800 1138 inducit
1815 1101 1913 1141 fimi-

292 1164 495 1201 litudinem
512 1158 649 1197 infiniti
679 1161 714 1194 δ(
732 1155 890 1206 impedit
917 1153 1311 1205 comprehensionem.

350 1219 611 1256 SOPHISMA
640 1212 732 1250 istud
759 1212 908 1249 videtur
931 1209 1044 1248 etiam
1067 1209 1192 1260 primo
1213 1207 1354 1250 intuitu
1368 1210 1491 1256 fallax,
1520 1212 1557 1248 δε
1589 1208 1690 1262 quasi
1708 1211 1914 1262 palpabile:

294 1272 503 1322 Siquidem,
533 1281 614 1306 non
639 1268 830 1318 pluralitas
845 1265 1008 1316 partium
1035 1276 1200 1313 tantum,
1230 1265 1292 1302 sed
1314 1267 1504 1311 majoritas
1520 1266 1739 1314 earundem,
1768 1271 1914 1317 poterit

292 1327 518 1366 constituere
547 1335 674 1362 totum
704 1321 857 1360 auctius
911 1321 1097 1358 Attamen
1126 1321 1262 1373 abripit
1293 1321 1368 1359 hoc
1401 1320 1524 1372 ipsum
1555 1320 1743 1372 sophisma
1771 1323 1915 1374 laepius

293 1380 545 1434 pliantafiam3
570 1377 778 1432 quinetiam
807 1375 996 1414 insidiatur
1023 1376 1155 1414 sensui.
1212 1378 1367 1414 Etenim
1400 1375 1561 1426 aspestui
1588 1373 1652 1425 ipfi
1686 1377 1833 1416 brevior
1861 1381 1915 1417 vi-

294 1440 405 1476 detur
419 1438 478 1475 via
491 1435 531 1473 in
552 1433 718 1484 planitie,
746 1433 814 1470 ubi
834 1432 929 1469 nihil
946 1433 1170 1469 intercurrat
1193 1432 1299 1481 quod
1327 1431 1448 1470 visum
1469 1431 1629 1481 frangar,
1658 1445 1773 1481 quam
1788 1435 1828 1471 in
1849 1434 1917 1473 tali·

294 1495 416 1532 traeiu
445 1503 578 1537 terrae,
606 1489 670 1527 ubi
693 1487 801 1526 simul
830 1486 1112 1537 conspiciuntur
1140 1489 1303 1534 arbores,
1334 1497 1397 1524 aut
1424 1486 1603 1533 aedificia,
1631 1498 1695 1525 aut
1718 1489 1821 1526 aliud
1848 1491 1914 1527 ali-

293 1549 399 1598 quod
414 1545 575 1596 fignum,
603 1545 708 1594 quod
719 1542 877 1594 spatium
893 1544 1021 1579 metiri
1038 1544 1074 1579 &
1089 1543 1261 1582 dividere
1276 1538 1401 1592 possit.
1462 1543 1523 1579 Sic
1534 1541 1684 1580 homini
1693 1544 1789 1581 bene
1803 1557 1914 1582 num-

295 1615 415 1651 mato,
452 1601 648 1654 postquam
677 1611 776 1637 arcas
810 1598 890 1635 suas
919 1600 956 1635 ὃς
986 1597 1168 1648 marsupia
1196 1596 1360 1637 diviserit
1393 1599 1430 1634 ὅ(
1459 1596 1656 1647 digesserit,
1698 1600 1821 1646 major
1850 1600 1915 1637 eti—

296 1671 358 1697 am
383 1670 496 1710 quam
513 1667 620 1694 antea
650 1655 746 1692 subit
767 1655 983 1691 divitiarum
1012 1652 1208 1703 phantaiia.
1266 1653 1388 1690 Habet
1415 1651 1527 1690 etiam
1547 1652 1625 1690 vim
1645 1655 1686 1690 in
1714 1655 1915 1705 amplifica-

295 1715 479 1760 tionibus,
508 1710 535 1749 fi
563 1723 619 1748 res
641 1710 680 1747 in
708 1711 833 1762 plures
861 1710 1060 1759 portiones
1084 1708 1280 1754 dividatur,
1309 1719 1419 1757 atque
1448 1706 1611 1758 singulae
1634 1707 1802 1748 seorsum
1823 1721 1916 1748 trac-

296 1779 435 1808 tentur.
491 1769 577 1804 Hoc
596 1778 687 1803 vero
700 1765 821 1802 adhuc
837 1763 952 1814 magis
978 1763 1206 1816 phantasiam
1235 1765 1380 1813 implet,
1411 1762 1512 1801 fifiat
1535 1763 1749 1813 promiscue
1773 1767 1808 1802 δε
1836 1764 1916 1805 fine'

297 1826 446 1862 ordine.
507 1819 695 1860 Confusio
724 1819 826 1858 enim
851 1818 1103 1857 multitudinis
1129 1819 1353 1872 opinionem
1381 1830 1547 1868 generat.
1607 1817 1800 1868 Siquidem
1821 1832 1918 1870 quae

298 1880 436 1917 ordine
470 1877 718 1915 ostenduntur
742 1886 806 1912 aut
824 1885 1102 1927 proponuntur,
1133 1886 1217 1911 tum
1244 1874 1318 1924 ipsa
1341 1876 1458 1923 magis
1481 1874 1586 1911 finita
1612 1886 1803 1926 apparent,
1831 1886 1916 1915 tum

298 1945 445 1973 eertum
474 1933 653 1982 praebent
674 1940 955 1980 argumentum,
987 1930 1080 1967 nihil
1111 1930 1180 1967 esse
1211 1928 1517 1980 praetermiffiim.
1574 1930 1631 1966 At
1660 1941 1794 1968 contra
1822 1944 1919 1980 quae

301 1988 456 2028 confuse
475 1986 804 2039 repraesentantur,
834 1998 916 2022 non
946 1985 1068 2023 solum
1095 1983 1136 2022 in
1166 1985 1201 2022 se
1229 1985 1431 2023 numerosa
1457 1995 1647 2036 putantur,
1679 1985 1916 2037 sed&suspi-

301 2046 405 2084 cioni
431 2045 560 2081 locum
582 2044 814 2094 relinquunt,
842 2041 971 2078 restare
994 2041 1114 2078 adhuc
1137 2042 1243 2090 plura
1265 2053 1359 2092 quae
1388 2043 1633 2077 omittuntur.

358 2096 570 2137 Elenchus.
603 2100 792 2134 FALLIT
839 2095 1024 2146 sophisma
1062 2094 1199 2147 primo,
1242 2096 1308 2133 ubi
1355 2095 1436 2144 quis
1472 2096 1701 2144 ampliorem
1729 2109 1921 2150 praecepe-

303 2155 349 2193 :it
379 2156 425 2192 de
454 2167 491 2190 re
506 2155 628 2202 aliqua
645 2151 882 2202 opinionem,
914 2163 1027 2200 quam
1042 2163 1114 2203 pro
1137 2164 1222 2188 vera
1237 2150 1291 2188 rei
1311 2149 1418 2201 ipsius
1434 2150 1706 2200 magnitudine.
1764 2153 1922 2191 Etenim

304 2222 392 2247 cum
419 2209 494 2247 'noe
518 2209 570 2254 fit,
600 2207 809 2245 distributio
832 2206 958 2245 falsam
987 2205 1091 2243 illam
1115 2205 1339 2256 opinionem
1355 2204 1526 2254 destruet,
1555 2208 1591 2243 &
1608 2218 1689 2244 rem
1705 2209 1746 2244 in
1765 2209 1923 2246 veritate

311 2266 379 2309 l'ua,
410 2277 492 2301 non
515 2275 641 2301 autem
670 2274 758 2299 cum
780 2262 1073 2313 amplificatione
1093 2262 1329 2299 monstrabit.
1386 2263 1514 2310 Itaque
1543 2259 1568 2298 si
1588 2264 1670 2314 quis
1693 2263 1835 2300 morbo
1857 2274 1923 2301 aut

307 2323 443 2357 dolore
472 2318 707 2368 corripiatur,
751 2317 866 2355 horae
895 2318 1088 2367 longiores
1117 2319 1151 2355 ei
1180 2317 1421 2364 videbuntur,
1464 2316 1600 2368 absque
1629 2317 1837 2368 horologio
1859 2329 1924 2356 aut

309 2376 506 2426 clepsydra,
535 2386 649 2426 quam
676 2371 699 2409 fi
724 2372 855 2410 iisdem
886 2372 1162 2410 mensurentur.
1222 2374 1327 2411 Nam
1351 2370 1376 2409 fi
1398 2373 1567 2410 taedium
1591 2375 1628 2410 ὅ(
1651 2373 1797 2410 vexatio
1819 2385 1925 2411 mor-

312 2433 360 2477 bi,
389 2442 538 2481 tempus
561 2430 678 2466 videri
707 2427 858 2478 longius
891 2428 1046 2474 faciunt,
1077 2440 1190 2476 quam
1215 2440 1341 2466 revera
1361 2428 1421 2475 est,
1450 2438 1486 2464 at
1510 2426 1745 2477 computatio
1777 2438 1926 2479 tempo-

311 2488 360 2522 ris
383 2497 550 2522 errorem
571 2486 682 2521 illum
701 2485 859 2534 corrigit
888 2486 924 2522 &
951 2484 1100 2520 brevius
1127 2483 1229 2529 facit,
1258 2495 1374 2532 quam
1408 2482 1540 2532 opinio
1564 2484 1628 2519 illa
1643 2482 1731 2520 falsa
1745 2495 1928 2534 concepe-

313 2551 379 2577 rat.
436 2540 557 2577 Etiam
584 2542 623 2576 in
639 2541 795 2591 planitie
819 2550 965 2585 eontra,
994 2550 1108 2587 quam
1126 2538 1290 2587 superius
1310 2539 1454 2575 dierum
1471 2538 1531 2581 est,
1560 2538 1765 2586 aliquando
1785 2541 1926 2578 evenit.

313 2596 419 2632 Licet
436 2598 537 2632 enim
554 2596 649 2632 visus
678 2596 717 2631 in
734 2595 922 2646 principio
951 2595 1050 2631 viam
1082 2592 1241 2630 ostentet
1268 2591 1480 2630 breviorem
1505 2591 1637 2639 sensui,
1667 2593 1752 2642 quia
1773 2593 1928 2632 indivisa

316 2650 377 2696 est,
405 2661 534 2686 tamen
563 2649 590 2685 fi
614 2663 655 2687 ex
681 2662 730 2687 eo
759 2651 913 2699 obrepat
928 2644 1062 2701 opinio
1077 2649 1123 2685 de
1140 2650 1255 2698 longe
1275 2647 1416 2686 minori
1444 2647 1644 2685 intervallo
1666 2661 1779 2700 quam
1796 2652 1930 2701 reperi-

314 2716 392 2742 tur:
423 2704 614 2754 opinionis
629 2706 705 2749 ejus
728 2717 842 2742 vanae
868 2704 1057 2742 frustratio
1071 2700 1219 2749 efficiet,
1248 2714 1289 2740 ut
1304 2702 1471 2740 videatur
1486 2704 1642 2741 demum
1660 2702 1784 2752 etiam,
1813 2716 1929 2753 quam

316 2771 443 2797 revera
472 2759 532 2804 est,
562 2760 789 2810 produCtior.
846 2761 974 2809 Itaque
1002 2757 1028 2796 fi
1048 2761 1131 2808 quis
1156 2757 1330 2810 opinioni
1358 2757 1508 2803 alicujus
1538 2758 1647 2796 saliae
1669 2759 1716 2796 de
1741 2761 1929 2809 magnitu-

318 2813 406 2851 dine
430 2816 484 2850 rei
511 2813 713 2863 cujuspiam
737 2813 908 2853 velificari
937 2816 1074 2866 cupiat,
1104 2824 1228 2851 caveat
1256 2826 1277 2851 a
1305 2812 1636 2861 distributionibus,
1667 2813 1729 2851 sed
1758 2826 1839 2851 rem
1868 2816 1930 2851 in-

318 2880 465 2919 tegram
479 2870 610 2917 utiquc
636 2870 800 2907 extollat.
860 2871 967 2908 Fallit
995 2868 1178 2919 sophisma
1208 2868 1385 2916 secundo,
1415 2867 1440 2905 fi
1465 2868 1676 2906 distributio
1695 2881 1737 2906 ea
1761 2869 1932 2907 distraha-

320 2936 392 2971 tur,
422 2935 503 2960 non
525 2934 651 2961 autem
679 2921 786 2961 fimul
814 2925 1044 2970 obversetur,
1075 2935 1137 2962 aut
1162 2937 1242 2962 uno
1270 2922 1414 2977 aspe&u
1440 2923 1558 2962 visum
1587 2924 1706 2961 feriat.
1763 2922 1934 2972 ltaquest

322 2981 434 3018 fiores
455 2981 495 3015 in
524 2978 640 3015 horto
673 2980 802 3026 aliquo
825 2982 865 3016 in
891 2982 1013 3030 plures
1033 2981 1182 3018 torulos
1213 2978 1496 3030 distinguantur,
1526 2980 1680 3024 majoris
1711 2981 1931 3028 quantitatis

322 3035 483 3086 speeiem
507 3034 748 3083 praebebunt,
777 3046 890 3083 quam
918 3033 944 3072 fi
973 3048 1108 3072 omnes
1128 3034 1167 3072 in
1197 3047 1277 3072 uno
1303 3045 1393 3072 toro
1423 3032 1530 3071 fimul
1559 3034 1782 3074 crescerent3
1811 3035 1935 3072 modo

326 3088 442 3128 toruli
458 3087 512 3127 illi
535 3088 653 3127 oculis
682 3086 788 3126 simul
812 3088 1071 3136 subjiciantun
1099 3091 1207 3128 aliter
1227 3092 1331 3128 enim
1355 3088 1449 3127 unio
1471 3088 1721 3128 distributioni
1749 3089 1936 3126 distraelae

1790 3155 1935 3196 praeva-
