2040 3439
48 177 219 244 Cap.I.
259 179 356 226 DE
405 178 899 226 AUGMENTIS
954 177 1553 230 SCIENTIARUM.

45 275 239 316 tractando
257 276 420 325 disjungi
441 274 582 312 debent
614 277 711 312 ratio
740 277 786 317 &b
807 275 932 314 sermo
951 290 961 317 3
989 288 1070 313 non
1099 278 1225 315 minus
1245 290 1359 326 quam
1381 281 1508 317 anima
1522 282 1560 318 ὅ(
1575 291 1655 319 cor-

38 339 120 383 pus.
178 331 414 368 Traditivam
444 331 484 366 in
508 339 582 366 tres
606 340 726 380 partes
754 329 975 378 dividemus,
1005 331 1217 369 doctrinam
1241 334 1338 370 eirca
1366 345 1554 384 organum
1583 335 1653 373 ser-

44 388 182 432 monis,
210 386 426 423 doiirinam
440 386 537 421 circa
552 385 779 423 methodum
797 385 991 434 sermonis,
1021 389 1057 424 ὃς
1072 387 1285 425 doctrinam
1301 387 1394 427 eirca
1410 389 1594 427 sermonis
1611 391 1654 428 il-

44 442 299 479 lustrationem
320 438 392 477 sive
412 450 604 477 ornatum.

98 498 370 534 DOCTRINA
398 495 445 532 de
466 506 613 543 organo
633 494 816 532 sermonis
837 496 952 545 vulgo
972 507 1131 549 recepta,
1155 509 1249 546 quae
1276 500 1312 536 &
1331 501 1574 549 grammatica
1596 500 1652 537 di-

46 553 156 596 citur,
185 551 320 600 duplex
341 549 414 587 est:
443 550 577 586 Altera
610 550 656 586 de
687 551 894 597 locutione,
924 552 1038 588 altera
1067 552 1348 604 descriptione.
1402 555 1520 592 Recte
1547 557 1653 594 enim

44 604 275 651 Aristoteles,
319 603 609 656 Cogitationum
641 602 799 655 tefferae
827 602 958 653 verba,
997 605 1198 644 verborum
1224 606 1374 647 literae.
1431 610 1652 659 Utrumque

43 661 307 711 grammaticae
334 657 610 709 affignabimus.
666 661 810 697 Verum
840 671 881 698 ut
909 673 989 698 rem
1010 663 1119 699 altius
1140 674 1359 714 repetamus,
1387 675 1588 713 antequam
1605 667 1651 703 ad

44 714 324 766 grammaticam
348 718 383 753 δε
403 724 523 765 partes
543 715 620 759 ejus
639 715 712 760 jam
729 714 842 752 dictas
857 715 1060 758 veniamus,
1076 719 1116 755 in
1131 729 1270 767 genere
1285 719 1332 756 de
1347 731 1494 768 organo
1510 722 1651 758 traditi-

42 782 109 810 vae
122 769 325 808 dicendum
340 770 400 808 est.
445 769 634 807 Videntur
662 771 766 807 enim
796 770 864 806 effe
880 771 1005 821 proles
1020 772 1202 819 quaedam
1222 774 1416 811 traditivae
1431 776 1522 811 aliae
1547 788 1650 826 prae-

42 835 101 863 ter
128 825 240 864 verba
269 827 305 863 &
337 826 470 863 literas,
526 826 611 861 Hoc
644 826 759 874 igitur
792 827 901 874 plane
930 825 1165 865 statuendum
1194 826 1267 864 est:
1309 829 1502 880 Quicquid
1532 829 1650 868 scindi

43 876 156 934 possit
179 882 220 918 in
235 879 461 918 differentias
482 879 565 916 satis
581 879 809 925 numerosaS,
838 880 883 916 ad
908 882 1115 918 notionum
1140 883 1356 920 varietatem
1380 884 1650 932 explicandam,

45 933 437 987 (m0d02differentiae
457 936 543 971 illae
573 934 691 971 sensui
722 935 981 986 perceptibiles
1001 933 1088 985 sint)
1118 934 1196 972 fieri
1222 938 1322 988 pofl'e
1345 937 1558 976 vehiculum
1587 951 1652 976 co-

43 991 273 1041 gitationum
298 990 346 1027 de
372 989 529 1028 homine
557 990 598 1026 in
618 988 825 1026 hominem.
883 991 985 1028 Nam
1010 991 1179 1028 videmus
1208 994 1379 1029 nationes
1412 994 1551 1043 linguis
1584 993 1652 1031 dis-

43 1055 235 1096 crepantes
250 1047 480 1083 commereia
496 1056 576 1081 non
593 1045 690 1081 male
710 1057 775 1096 per
790 1044 909 1094 gestus
927 1057 1097 1083 exercere
1115 1060 1122 1082 :
1153 1046 1208 1083 Ar
1230 1049 1268 1083 in
1297 1048 1454 1096 practica
1484 1050 1650 1087 nonnul—

43 1101 184 1146 lorum,
213 1099 277 1149 qui
301 1099 397 1138 surdi
424 1103 459 1138 ὃ(
485 1101 582 1136 muti
604 1099 718 1147 usque
743 1111 762 1136 a
778 1101 971 1137 nativitate
987 1101 1147 1148 fuerant,
1177 1104 1213 1138 ὅ(
1229 1102 1313 1139 alias
1329 1113 1434 1140 erant
1450 1102 1649 1153 ingeniosi,

43 1157 162 1194 miros
189 1156 358 1193 videmus
386 1155 514 1193 haberi
541 1153 639 1191 inter
655 1167 719 1191 eos
735 1157 770 1192 ὅ(
786 1157 928 1192 amicos
943 1155 1038 1202 suos,
1068 1159 1133 1205 qui
1154 1168 1287 1194 eorum
1308 1158 1423 1207 gestus
1448 1158 1650 1210 perdidice-

43 1221 139 1258 ranr,
169 1210 354 1260 dialogos.
408 1211 629 1263 Quinetiam
658 1206 896 1247 notissimum
912 1210 991 1248 ficri
1012 1212 1086 1255 jam
1115 1213 1252 1261 coepit,
1282 1214 1440 1261 quodin
1464 1214 1590 1250 China
1611 1217 1648 1251 ὃ(

42 1264 243 1318 provinciis
265 1265 388 1303 ultimi
409 1267 564 1303 orientis
592 1265 631 1301 in
656 1264 722 1302 usu
746 1265 861 1302 hodie
878 1263 945 1302 ssnt
973 1265 1198 1303 characteres
1221 1268 1376 1315 quidem
1408 1270 1535 1316 reales,
1566 1281 1648 1305 non

43 1321 272 1367 nominales,
302 1322 368 1369 qui
392 1320 531 1358 seilicet
556 1332 626 1357 nec
651 1321 789 1367 literas,
831 1333 902 1357 nce
926 1321 1049 1368 verba,
1096 1321 1155 1358 scd
1184 1335 1241 1359 res
1266 1325 1302 1359 ὅ(
1323 1324 1502 1360 notiones
1531 1326 1647 1373 expri-

44 1386 168 1413 munt.
224 1375 340 1413 Adeo
368 1386 408 1413 ut
436 1385 567 1426 gentes
590 1376 801 1424 complures
827 1375 964 1424 linguis
983 1375 1132 1425 prorsus
1155 1377 1413 1428 discrepantes,
1442 1378 1503 1414 sed
1527 1378 1647 1422 hujus-

41 1430 151 1468 modi
180 1429 451 1468 charaCteribus
481 1431 560 1478 (qui
589 1430 687 1479 apud
714 1431 800 1467 illos
828 1431 937 1468 latius
961 1430 1098 1480 recepti
1122 1430 1218 1479 sunt)
1246 1431 1534 1478 consentientes,
1564 1432 1649 1470 scri-

41 1486 117 1537 ptis
140 1487 454 1523 communicent:
483 1484 671 1533 Eousque‚
700 1495 741 1522 ut
770 1485 911 1522 librum
939 1487 1104 1535 aliquem
1134 1486 1350 1531 hujusmodi
1376 1487 1648 1524 charaeieribus

41 1539 310 1590 conscriptum,
340 1552 508 1591 quaeque
529 1552 622 1589 gens
638 1539 749 1589 patria
771 1542 898 1589 lingua
917 1541 1041 1590 legere
1057 1543 1093 1578 ὅ(
1115 1542 1268 1579 reddere
1293 1538 1417 1590 possir.

95 1597 270 1634 NOTAE
302 1598 416 1646 igitur
445 1607 584 1641 rerum,
613 1607 707 1643 quae
729 1595 865 1644 absque
895 1608 968 1647 ope
989 1606 1052 1633 aut
1076 1597 1205 1634 medio
1233 1598 1434 1635 verborum
1465 1610 1520 1635 res
1542 1595 1646 1647 figni-

41 1649 355 1702 ficartfsduplicis
387 1652 534 1700 generis
568 1650 677 1687 sunt:
706 1651 878 1702 Quarum
902 1653 1003 1702 prius
1028 1663 1145 1700 genus
1173 1664 1217 1689 cx
1240 1664 1413 1701 congruo
1428 1670 1440 1695 ,-
1483 1654 1647 1690 alterum

41 1706 298 1757 acl-placitum
327 1704 517 1755 fignificat.
572 1704 710 1742 Prioris
732 1706 880 1754 generis
911 1706 995 1743 sunt
1023 1706 1304 1759 hieroglyphiea
1333 1710 1369 1744 δε
1401 1707 1545 1756 gestus:
1575 1709 1647 1745 Po-

41 1761 319 1803 sterior-iavero
349 1763 387 1807 ii,
425 1773 522 1809 quos
554 1759 726 1807 diximus,
756 1760 980 1798 characteres
1008 1763 1135 1799 reales.
1191 1763 1579 1814 Hieroglyphicorum
1608 1775 1650 1799 u-

40 1816 100 1857 sus
120 1815 280 1855 vetustus
308 1816 528 1862 admodum,
557 1819 594 1854 &
623 1815 663 1853 in
683 1818 928 1853 veneratione
952 1817 1114 1866 quadam
1135 1817 1281 1855 habitus
1299 1832 1306 1853 :
1336 1819 1530 1869 praecipue
1551 1818 1648 1867 apud

41 1869 264 1923 A-Egyptios
291 1881 446 1921 gentem
474 1871 580 1909 valde
607 1873 827 1918 antiquam:
855 1872 971 1909 Adeo
991 1882 1033 1910 ut
1061 1872 1257 1910 videantur
1278 1872 1556 1922 hieroglyphica
1590 1873 1645 1910 fu-

42 1926 105 1964 iss'e
134 1925 285 1974 scriptio
304 1927 488 1975 quaedam
506 1936 691 1972 aureliam,
722 1929 759 1963 &
774 1925 898 1963 senior
918 1925 999 1978 ipsis
1014 1928 1212 1965 elementis
1229 1929 1434 1972 literarum,
1465 1925 1531 1963 nisi
1546 1928 1646 1964 forre

41 1981 136 2033 apud
177 1982 380 2019 Hebraeos.
437 1979 565 2019 Gestus
599 1992 739 2027 autem,
780 1992 960 2030 tanquam
990 1982 1270 2032 hieroglyphiea
1299 1980 1508 2019 transitoria
1547 1982 1643 2019 sunt.

41 2036 379 2089 Quemadmodum
395 2037 500 2074 enim
515 2037 625 2074 verba
641 2038 782 2087 prolata
797 2038 940 2084 volant,
972 2037 1103 2086 scripta
1124 2048 1278 2074 manent
1295 2051 1304 2077 3
1334 2039 1385 2073 ita
1402 2039 1438 2073 ὅ(
1459 2037 1646 2086 hierogly-

43 2091 152 2143 phica
179 2089 339 2140 gestibus
367 2091 525 2141 expressa
551 2091 756 2137 transcunt,
793 2092 936 2142 dcpifta
969 2093 1115 2129 durant.
1177 2094 1281 2130 Cum
1309 2094 1412 2128 enim
1444 2092 1645 2128 Periander

42 2146 234 2184 consultus
254 2146 301 2183 de
321 2147 573 2184 conservanda
601 2147 812 2196 tyrannide,
845 2149 1010 2196 legatum
1037 2147 1148 2184 astare
1173 2148 1344 2193 juberet3
1374 2157 1484 2195 atque
1506 2146 1578 2196 ipsc
1603 2149 1642 2182 in

42 2201 160 2239 horto
182 2201 426 2239 deambulans
454 2202 688 2239 summitates
726 2202 865 2239 florum
906 2201 1205 2239 eminentiorum
1241 2211 1418 2251 carperet,
1449 2202 1492 2238 ad
1524 2201 1646 2238 sedem

40 2267 241 2307 procerum
262 2255 442 2298 innuens;
471 2269 552 2294 non
568 2258 693 2293 minus
711 2256 794 2294 usus
809 2257 856 2293 est
872 2257 1170 2306 hicroglyphieo,
1205 2269 1318 2305 quam
1336 2255 1359 2292 ss
1386 2257 1421 2292 id
1454 2258 1492 2293 in
1523 2256 1649 2295 charta

41 2311 270 2363 depinxiffct.
326 2312 422 2349 Illud
454 2313 609 2349 interim
645 2321 758 2363 patet,
796 2310 1076 2363 hieroglyphica
1107 2315 1143 2349 <Sc
1168 2311 1286 2361 gestus
1312 2311 1455 2360 leinper
1484 2323 1571 2348 cum
1605 2323 1647 2348 re

42 2365 240 2416 significata
264 2365 402 2415 aliquid
430 2365 681 2404 similitudinis
703 2366 866 2407 habere3
895 2369 932 2404 &
954 2367 1182 2403 emblemata
1214 2368 1395 2416 quaedam
1425 2366 1514 2405 ess'c3
1546 2365 1647 2403 unde

44 2434 101 2460 eas
119 2432 228 2459 notas
250 2433 375 2458 rerum
395 2434 438 2459 ex
458 2434 632 2471 congruo
654 2423 947 2459 nominavimus.
1003 2420 1058 2458 At
1085 2420 1309 2458 characteres
1332 2422 1446 2457 reales
1475 2419 1567 2457 nihil
1588 2421 1648 2457 ha-

45 2478 135 2514 bent
161 2489 204 2514 ex
224 2477 461 2524 emblemate,
490 2477 552 2514 sed
580 2478 691 2528 plane
710 2476 807 2514 surdi
831 2476 940 2517 stmr5
969 2489 1050 2513 non
1072 2479 1197 2513 minus
1221 2487 1334 2524 quam
1362 2475 1434 2524 ipsa
1461 2477 1647 2512 elementa

45 2533 249 2579 literarum,
279 2534 315 2569 &
330 2533 375 2569 ad
391 2533 569 2583 placitum
585 2541 733 2568 tantum
755 2528 880 2576 efficti,
910 2530 1180 2569 consuetudine
1198 2541 1324 2568 autem
1347 2541 1526 2579 tanquam
1541 2530 1650 2579 paeto

45 2589 162 2625 tacito
186 2589 336 2638 recepti.
395 2587 492 2624 illud
512 2588 669 2624 interim
689 2588 808 2635 liquet
832 2586 924 2624 vasta
952 2585 1118 2638 ipsorum
1143 2586 1390 2623 multitudine
1418 2585 1463 2622 ad
1491 2585 1651 2622 scriben—

46 2643 139 2687 dum
161 2653 256 2691 opus
277 2642 346 2678 ess'e
364 2656 371 2678 :
401 2653 459 2679 tot
481 2644 585 2678 enim
609 2641 680 2678 ess'e
706 2642 858 2688 debent,
887 2652 983 2690 quot
1005 2641 1089 2679 sunt
1111 2641 1291 2678 vocabula
1312 2641 1492 2677 radicalia.
1549 2641 1649 2677 Hace

47 2698 159 2746 igitur
175 2698 304 2747 portio
318 2697 511 2734 doctrinae
531 2698 577 2734 de
599 2709 746 2745 organo
766 2696 961 2743 sermonis,
991 2708 1085 2745 quae
1107 2696 1156 2733 est
1175 2696 1222 2733 de
1246 2696 1347 2732 notis
1370 2707 1509 2742 rerum,
1539 2696 1650 2732 nobis

45 2754 201 2804 ponitur
224 2764 294 2803 pro
315 2750 531 2789 desiderato.
588 2749 661 2788 Etsi
684 2762 809 2789 autem
830 2753 953 2788 tenuis
976 2747 1090 2802 polilt
1114 2751 1230 2788 videri
1251 2750 1320 2787 effe
1343 2751 1420 2795 ejus
1438 2749 1533 2797 usuS,
1562 2763 1649 2787 cum

48 2809 157 2844 verba
179 2809 215 2844 ὅ(
231 2807 383 2856 lcriptio
406 2819 472 2858 per
497 2809 618 2843 literas
642 2804 712 2843 fint
735 2818 875 2855 organa
890 2805 1082 2843 traditivae
1100 2808 1215 2855 longe
1237 2802 1568 2845 commodissima3
1600 2807 1650 2842 vi-

48 2861 129 2899 sum
146 2863 193 2900 cst
209 2873 334 2899 tamen
352 2863 474 2907 nobis,
504 2863 617 2898 veluti
635 2863 686 2897 rei
703 2874 783 2898 non
800 2862 990 2910 ignobilis,
1019 2862 1183 2909 aliquam
1208 2860 1281 2897 hoc
1305 2861 1394 2897 loco
1409 2862 1650 2897 mentionem

45 2917 124 2960 eius
141 2917 270 2954 facete.
329 2917 546 2954 Traetamus
570 2917 674 2952 enim
698 2916 772 2961 hic,
801 2914 916 2952 veluti
931 2915 1159 2953 numismata
1178 2927 1302 2952 rerum
1319 2916 1649 2952 intellectualium:

48 2973 133 3009 Nec
155 2973 217 3008 abs
246 2983 283 3008 re
307 2971 419 3008 fuerit
441 2971 556 3017 noss'e,
584 2970 689 3018 quod
714 2968 803 3008 ficut
828 2972 978 3007 nummi
1003 2966 1144 3019 poliint
1167 2970 1304 3007 confici
1333 2982 1376 3008 ex
1404 2971 1474 3006 alia
1496 2971 1649 3006 materia

47 3036 190 3076 praeter
211 3038 345 3064 aurum
377 3030 412 3064 ὅ(
435 3036 645 3076 argentum,
677 3027 727 3063 ita
753 3027 790 3063 δε
816 3035 929 3063 notae
953 3036 1079 3063 rerum
1103 3026 1195 3063 aliae
1218 3021 1360 3076 poffint
1394 3026 1480 3062 cudi
1508 3034 1651 3075 praeter

48 3081 157 3123 verba
172 3084 209 3118 &
229 3082 362 3118 literas.
1421 3081 1652 3117 pancarius

1700 194 1799 245 159
