2040 3439
168 219 274 266 244
343 206 449 252 DE
492 197 1035 250 AUGMENTIS
1084 189 1985 253 SCIENTIARUM.LiuV1u.÷

344 310 479 340 aurum
499 297 690 351 respondit
721 299 867 336 Solon:
895 292 959 332 At
977 290 1020 344 st
1052 292 1140 346 quis
1158 292 1191 339 (o
1205 290 1293 342 rex)
1323 292 1501 340 venerit,-
1521 291 1588 345 qui
1611 291 1747 338 melius
1779 301 1983 346 quamju*

348 353 495 405 fhrrmn
517 351 653 406 gestet,
692 350 755 390 illi
774 347 952 403 profefz‘o
982 354 1108 385 totum
1135 345 1206 385 hoc
1235 345 1344 385 cedet
1377 359 1541 397 aurum.i
1582 349 1719 398 Quare,
1753 349 1970 397 quicunque

337 403 378 448 'is
413 410 568 448 tandem
591 407 634 446 fit
669 409 841 456 princeps
875 414 937 442 aut
961 403 1084 450 status,
1115 404 1217 449 cujus
1233 400 1368 440 subditi
1382 403 1499 440 nativi
1527 403 1562 438 ὃ(
1579 403 1778 452 indigenae
1796 416 1877 447 non
1896 403 1968 451 sint

351 463 507 503 animoli
536 465 572 499 ὃς
595 461 787 506 militares,
817 460 1030 511 potentiam
1051 458 1152 495 suam
1182 458 1392 502 admodum
1417 455 1537 494 sobrie
1565 456 1754 495 aestimet:
1785 459 1985 507 Atquee.

350 531 486 558 contra
501 518 699 568 principes,
727 517 793 563 qui
819 515 1069 551 dominantur
1087 515 1127 550 in
1143 523 1273 562 gentes
1297 507 1482 550 animosa's
1507 514 1545 549 ὃ(
1564 511 1727 560 martias,
1757 513 1888 551 norint
1910 515 1986 555 illi,

351 574 432 613 satis
455 575 548 610 vires
563 571 656 617 suas,
684 569 710 607 si
725 569 789 607 fibi
813 571 899 607 alias
923 581 1004 606 non
1019 566 1148 606 desint.
1207 569 1324 619 Quod
1346 569 1479 605 attinet
1507 568 1553 604 ad
1577 566 1700 616 copias
1720 570 1981 613 mercenariae.¹

354 629 475 678 {quod
496 627 590 664 solet
614 626 782 664 adhiberi
804 625 1028 670 remedium,
1057 635 1146 660 cum
1173 623 1302 674 copiae
1332 624 1479 661 nativae
1494 621 1630 671 desint)
1663 624 1771 672 plena
1788 623 1873 665 stint
1888 635 1971 669 om-

354 687 418 722 nia
450 681 639 731 exemplis,
668 680 801 729 quibus
826 678 973 730 liquido
1008 688 1120 729 patet,
1149 678 1255 726 quod
1287 679 1504 729 quicunque
1533 677 1641 714 status
1673 679 1750 714 illis
1772 679 1986 726 innitetur&

354 738 492 790 poterit
516 736 664 774 fortass‘e
679 748 819 788 pennas
837 735 884 772 ad
907 744 1054 784 tempus
1073 735 1185 771 breve
1201 733 1296 770 nido
1309 734 1470 780 maiores
1485 733 1697 780 extendere,
1726 733 1787 770 sed
1803 733 1972 773 defluent

354 795 440 832 illae
455 793 569 845 paulo
583 790 674 843 post.

413 860 448 885 2.
479 849 744 884 BENE-mer
763 857 814 883 10
833 844 953 898 Judae
990 847 1026 882 ὃς
1050 842 1244 889 Iss'aeharis,
1274 844 1314 880 in
1345 855 1468 881 unum
1496 854 1695 891 nunquam
1715 844 1973 882 convenient:

356 902 567 949 Nimirum,
611 912 653 939 ut
683 902 814 938 eadem
837 901 956 938 tribus
984 909 1046 936 aut
1070 911 1161 948 gens
1189 896 1231 935 sit
1263 895 1372 935 fimul
1395 900 1432 935 δε
1462 897 1582 935 leonis
1609 899 1767 944 catulus,
1797 900 1834 936 δε
1857 897 1976 937 asinus

355 959 609 1010 procumbens
638 956 735 996 inter
759 952 953 993 sarcinas*
994 957 1132 1002 Neque
1161 965 1329 1001 unquam
1357 952 1431 999 fiet,
1475 963 1516 991 ut
1547 954 1708 1005 populus
1735 951 1882 991 tributis
1902 965 1978 1003 ,op-

356 1013 505 1066 preffus,
533 1011 640 1050 fortis
668 1011 790 1049 existat
819 1013 856 1048 ὃς
885 1009 1094 1048 bellicosus.
1150 1010 1298 1047 Verum
1325 1008 1375 1046 est
1390 1007 1612 1048 collationes
1636 1008 1790 1059 publico
1817 1008 1975 1054 coniferi-

356 1069 400 1107 su
428 1069 550 1114 faCtas,
580 1069 705 1105 minus
727 1065 875 1103 animos
902 1064 1138 1103 subditorum
1159 1064 1319 1109 dejicere
1345 1065 1382 1100 ὅ(
1405 1063 1625 1113 deprimere,
1654 1074 1768 1114 quarn
1803 1075 1898 1112 quae
1914 1098 1916 1102 Α
1931 1076 1975 1103 ex

356 1122 521 1173 imperio
536 1135 645 1159 mero
660 1122 888 1159 indicuntur.
944 1120 986 1157 Id
1008 1120 1112 1171 quod
1139 1118 1286 1170 liquido
1309 1117 1433 1156 videre
1448 1118 1497 1156 est
1521 1121 1562 1156 in
1587 1119 1738 1156 tributis
1753 1117 1977 1161 Germaniae

359 1178 561 1225 inferioris,
590 1189 680 1227 quas
709 1175 841 1213 excisas
865 1184 1024 1214 vocant:
1053 1175 1184 1222 Atque
1213 1173 1333 1225 aliqua
1360 1186 1403 1211 ex
1422 1184 1526 1225 parte
1553 1175 1594 1211 in
1622 1172 1673 1221 iis,
1703 1186 1796 1222 quae
1825 1172 1978 1217 subsidia

359 1235 611 1271 nominantur
626 1232 723 1284 apud
737 1232 901 1280 Anglos.
957 1231 1112 1267 Etenim
1127 1229 1343 1266 notandum
1362 1229 1423 1275 est,
1455 1228 1670 1266 sermonem
1688 1229 1763 1274 jam
1779 1227 1917 1272 institui
1929 1230 1979 1269 de

359 1290 497 1325 animis
516 1288 734 1333 hominum,
763 1298 845 1323 non
862 1285 909 1322 de
924 1285 1071 1336 opibus.
1127 1284 1288 1322 Tributa
1304 1294 1442 1330 autem,
1472 1296 1566 1332 quae
1595 1297 1637 1322 ex
1665 1283 1976 1330 consensucon-

359 1344 545 1389 feruntur,
576 1345 723 1391 &quae
751 1353 795 1378 ex
814 1342 979 1390 imperio
1007 1341 1275 1391 imponuntur,
1306 1337 1370 1376 etsi
1398 1339 1528 1376 eadem
1551 1351 1609 1376 res
1628 1337 1710 1386 fint,
1739 1340 1866 1390 quoad
1887 1352 1978 1389 opes

362 1397 641 1444 exhauriendas,
677 1398 778 1435 varic
803 1406 931 1433 tamen
958 1396 1124 1432 omnino
1159 1393 1306 1431 animos
1336 1393 1573 1431 subditorum
1601 1390 1781 1432 afficiunt.
1831 1396 1980 1436 ,Statua-

359 1465 422 1491 tur
438 1455 552 1503 igitur
573 1462 610 1490 et
631 1452 717 1499 hoc,
745 1451 932 1501 populum
960 1450 1109 1488 tributis
1127 1459 1320 1499 gravatum
1345 1450 1529 1488 idoneum
1550 1450 1596 1487 ad
1611 1450 1876 1501 imperandum
1894 1463 1978 1489 non

362 1509 444 1546 effe.

422 1574 457 1614 3.
487 1562 545 1600 As
560 1574 582 1600 Ρ
598 1574 614 1600 1
631 1574 697 1600 RA
710 1573 740 1599 N
758 1572 782 1598 T
801 1572 815 1598 1
828 1573 850 1599 B
865 1572 918 1598 us
953 1560 1000 1597 ad
1025 1558 1327 1609 magnitudinem
1361 1561 1486 1609 regnis
1515 1562 1551 1598 ὃς
1571 1559 1730 1606 statibus,
1760 1559 1903 1610 prorsus
1923 1573 1978 1598 ca-

363 1619 545 1663 vendum,
589 1630 637 1655 ne
671 1615 817 1654 nobiles
838 1618 875 1653 ὅ(
902 1614 1056 1665 patricii,
1095 1626 1209 1663 atque
1236 1616 1343 1666 (quos
1360 1617 1551 1661 vocamus)
1582 1613 1763 1664 generofi,
1791 1617 1979 1660 majorem

365 1673 405 1711 in
431 1673 593 1710 modum
622 1671 931 1722 multiplicentur.
988 1671 1073 1707 Hoc
1107 1672 1212 1707 enim
1239 1683 1287 1707 eo
1316 1681 1393 1707 rem
1419 1669 1581 1717 deducit,
1612 1681 1652 1707 ut
1676 1671 1780 1719 plebs
1805 1669 1912 1720 regni
1934 1668 1976 1708 fit

365 1728 519 1766 humilis
546 1730 581 1764 ἃ
609 1728 773 1772 abjecias
803 1728 839 1763 δε
867 1726 963 1763 nihil
993 1725 1092 1762 aliud
1127 1725 1203 1762 fere
1229 1737 1344 1773 quam
1364 1724 1552 1763 nobilium
1577 1726 1762 1777 mancipia
1791 1727 1828 1763 δε
1852 1738 1978 1776 opera·

369 1783 422 1820 rii.
483 1783 613 1820 Simile
631 1782 811 1830 quiddam
831 1781 911 1818 fieri
927 1779 1097 1819 videmus
1113 1781 1152 1817 in
1168 1779 1274 1829 sylvis
1288 1780 1434 1817 caeduis
1448 1798 1461 1822 ,-
1478 1779 1516 1817 in
1533 1778 1704 1829 quibussi
1716 1781 1850 1827 major,
1865 1793 1979 1828 quam

366 1851 430 1890 par
453 1837 512 1883 est,
542 1837 738 1874 caudicum
768 1834 838 1873 five
856 1837 1037 1873 arborum
1061 1836 1250 1881 majorum
1274 1836 1505 1883 relinquatur
1540 1834 1730 1882 numerus,
1758 1847 1841 1873 non
1863 1835 1981 1875 renas-

366 1903 471 1930 cetur
502 1893 600 1941 sylva
624 1890 758 1928 fineera
784 1892 821 1928 ὅ(
849 1903 966 1940 pura3
997 1890 1058 1927 sed
1074 1892 1195 1936 major
1218 1902 1300 1939 pars
1327 1892 1367 1927 in
1391 1902 1518 1941 vepres
1546 1893 1583 1928 ὅ(
1612 1891 1753 1927 dumos
1782 1891 1981 1940 degenera·

370 1950 436 1985 bit.
492 1948 640 1984 Eodem
667 1946 787 1983 modo
818 1945 858 1982 in
881 1945 1109 1992 nationibus,
1139 1946 1205 1982 ubi
1228 1942 1463 1983 numerosior
1498 1946 1592 1991 justo
1621 1946 1670 1982 est
1690 1946 1883 1994 nobilitas,
1911 1945 1980 1986 crit

367 2004 471 2052 plebs
485 2004 568 2040 vilis
583 2000 765 2050 &ignava
783 2015 790 2037 z
820 2012 931 2049 atque
957 2013 1006 2039 eo
1019 2000 1177 2038 demum
1196 2012 1251 2037 res
1267 1999 1414 2047 redibit,
1442 2011 1484 2038 ut
1502 2013 1571 2038 nec
1592 1998 1837 2038 centesimum
1860 2001 1981 2050 quod-

368 2071 442 2109 que
462 2067 571 2109 caput
591 2055 634 2094 iit
663 2057 709 2093 ad
733 2058 876 2106 galeam
892 2057 1115 2108 portandam
1144 2055 1349 2092 idoneum:
1378 2054 1592 2105 pracsertim
1615 2054 1639 2092 fi
1662 2056 1872 2105 peditatum
1906 2055 1982 2108 spe—

366 2107 452 2159 ctes,
481 2112 545 2164 qui
573 2114 752 2149 exercitus
768 2112 982 2160 plerunque
1010 2111 1059 2148 est
1086 2111 1203 2148 robur
1223 2112 1463 2162 praecipuum
1486 2125 1496 2152 3
1524 2111 1624 2148 unde
1655 2111 1824 2150 succedet
1846 2123 1984 2161 magna

367 2167 575 2218 populatio,
618 2169 713 2203 vires
742 2168 905 2215 exiguae.
964 2165 1162 2215 Nusquam
1190 2168 1374 2216 gentium,
1404 2165 1476 2203 hoc
1495 2166 1598 2215 quod
1627 2166 1727 2212 dico,
1756 2166 1982 2207 luculentius

367 2223 662 2273 comprobatum
687 2221 747 2267 est,
787 2233 900 2272 quam
934 2223 1112 2271 exemplis
1141 2221 1304 2271 Angliae
1334 2224 1371 2258 ὅ(
1409 2221 1579 2258 Galliae:
1623 2222 1795 2273 Quarum
1827 2221 1980 2272 Augaia,

369 2280 539 2329 quamvis
554 2278 747 2314 territorio
764 2279 800 2313 δί
827 2288 990 2314 numero
1015 2277 1227 2314 incolarum
1243 2278 1359 2327 longe
1380 2276 1550 2322 inferior,
1579 2276 1743 2328 potiores
1758 2287 1886 2315 tamen
1902 2290 1982 2329 par-

369 2344 426 2371 tes
441 2334 516 2371 fere
533 2333 676 2382 semper
697 2330 735 2369 in
768 2331 873 2368 bellis
901 2330 1094 2375 obtinuit3
1121 2331 1218 2369 hanc
1232 2330 1347 2384 ipsam
1377 2332 1428 2369 ob
1453 2331 1611 2378 caulam,
1641 2331 1745 2380 quod
1773 2332 1869 2381 apud
1900 2333 1983 2371 An-

375 2391 458 2438 glos
487 2387 628 2434 coloni,
658 2389 695 2424 ὅ(
723 2386 908 2424 inferioris
924 2386 1066 2424 ordinis
1085 2387 1271 2433 homines,
1299 2386 1456 2424 militiae
1479 2385 1616 2425 habiles
1638 2385 1721 2433 sint,
1751 2387 1872 2424 rustici
1897 2388 1982 2425 Gal-

373 2444 442 2481 liae
462 2456 542 2481 non
565 2443 667 2480 item.
724 2444 809 2494 Qua
828 2445 868 2479 in
897 2455 936 2479 re
951 2441 1111 2479 mirabili
1126 2442 1288 2493 quadam
1316 2452 1353 2479 et
1376 2442 1562 2492 profunda
1584 2442 1781 2494 prudentia
1797 2445 1982 2491 excogita—

372 2510 457 2536 tum
485 2499 533 2536 est
565 2499 610 2535 ab
644 2499 812 2535 Henrico
828 2497 988 2547 septimo
1004 2497 1171 2547 Angliae
1192 2509 1291 2547 rege,
1322 2497 1378 2546 (id
1407 2497 1511 2546 quod
1545 2499 1585 2533 in
1606 2499 1702 2535 vitae
1735 2497 1813 2542 ejus
1836 2498 1984 2536 historia

371 2551 482 2590 fufius
497 2551 746 2602 tractavimus)
774 2562 816 2589 ut
831 2552 976 2604 praedia
991 2554 1152 2600 minora,
1182 2563 1293 2601 atque
1307 2553 1445 2589 domus
1459 2551 1736 2601 agricolationis
1749 2551 1981 2591 institueren-

373 2619 448 2654 tur,
478 2621 571 2656 quae
600 2609 758 2645 habeant
789 2618 935 2645 certum
955 2620 1125 2656 eumque
1147 2607 1380 2644 mediocrem
1403 2606 1477 2656 agri
1505 2607 1666 2644 modum
1681 2619 1883 2654 annexum,
1914 2608 1979 2657 qui

375 2662 519 2700 distrahi
539 2675 620 2700 non
650 2659 775 2714 possit,
804 2675 852 2699 eo
866 2662 953 2709 fine,
984 2673 1023 2700 ut
1046 2663 1091 2700 ad
1107 2662 1248 2700 vistum
1263 2663 1516 2702 liberaliorem
1540 2658 1714 2703 sufficiats
1744 2674 1860 2710 urque
1891 2665 1982 2713 agri-

376 2718 518 2754 cultura
533 2719 577 2754 ab
606 2716 647 2754 iis
669 2728 909 2765 exerceretur,
937 2720 1002 2767 qui
1022 2715 1171 2755 domini
1199 2717 1336 2756 fuerint
1367 2716 1484 2762 fundi,
1514 2728 1575 2755 aut
1604 2718 1733 2754 saltem
1759 2717 1981 2756 usufructua-

378 2771 435 2818 rii,
463 2783 545 2808 non
571 2772 788 2810 conductitii
813 2783 875 2810 aut
910 2774 1139 2810 mercenarii.
1197 2774 1300 2811 Nam
1330 2774 1380 2809 ita
1403 2774 1559 2809 demum
1583 2773 1829 2812 charac'lerem
1859 2774 1980 2821 illum,

378 2839 458 2876 quo
476 2825 668 2874 antiquam
696 2829 840 2865 Italiam
859 2825 1046 2878 infignivit
1070 2826 1262 2877 Virgilius,
1292 2827 1497 2865 merebitur
1514 2830 1619 2878 regio
1633 2828 1773 2875 aliqua:

827 2921 949 2963 Terra
954 2932 1098 2978 potens
1121 2925 1254 2972 armis,
1283 2931 1402 2978 atque
1416 2922 1526 2962 ubere
1535 2921 1661 2976 gleba.

379 3001 517 3049 Neque
552 3001 816 3047 praetereunda
847 3002 894 3038 est
916 3003 978 3040 illa
999 3014 1080 3053 pars
1111 2999 1252 3052 populi,
1285 3002 1390 3052 (quae
1419 3001 1581 3049 Angliae
1606 3000 1683 3048 sere
1707 2997 1756 3035 cst
1778 2998 1979 3050 peculiaris,

381 3067 451 3096 nec
473 3053 560 3093 alibi
593 3053 713 3105 (quod
734 3053 827 3104 scio)
864 3058 903 3094 in
924 3057 1002 3105 usu,
1032 3055 1095 3095 nifi
1116 3057 1215 3096 forte
1244 3057 1337 3106 apud
1357 3057 1540 3097 Polouosl
1572 3055 1702 3092 famuli
1718 3053 1852 3092 scilicet
1868 3055 1978 3092 nobi-

1862 3111 1954 3147 lium
1971 3124 1979 3146 ;
