2040 3439
166 201 231 254 18

627 187 1209 260 DISTRIBUTIO
1277 187 1588 234 OPERIS.

302 291 380 332 lem
422 290 566 329 aditum
590 287 779 336 quendam
799 284 880 321 fieri
903 282 1002 333 poss'e
1023 281 1068 317 ad
1092 290 1264 317 naturam
1284 290 1411 317 tutum
1441 282 1477 318 δε
1497 282 1773 325 commodum5
1801 287 1913 334 atque

303 324 499 387 mat’eriam
515 342 722 382 intellefmi
737 339 905 390 praeberi
919 337 1078 387 probam
1095 337 1132 372 δε
1151 345 1400 385 praeparatam
1417 335 1621 374 censemus

361 405 480 442 Posr
492 408 632 451 QUAM
653 408 745 433 vero
761 397 797 431 &
812 392 1048 430 intelleeturn
1064 386 1248 427 fidissimis
1267 390 1412 426 auxiliis
1432 402 1474 427 ac
1493 390 1676 440 praesidiis
1693 390 1914 444 stipavimus‚

307 462 344 498 ὅ(
368 456 500 505 justum
521 442 739 491 divinorum
763 459 924 500 operum
939 446 1144 483 exercitum
1169 441 1401 482 severissimo
1424 445 1571 482 delestu
1594 450 1918 499 comparavimu83

306 516 363 552 nil
401 512 559 563 amplius
594 503 772 555 superesse
807 503 966 548 videtur,
1009 497 1077 537 nisi
1104 509 1146 537 ut
1179 499 1458 552 philosophiam
1492 500 1608 550 ipsam
1642 504 1916 552 aggrediamur.

306 570 492 606 Attamen
508 565 548 601 in
563 573 601 599 te
620 571 698 598 tam
713 558 827 596 ardua
847 560 884 594 ὅ(
902 554 1083 606 suspensa,
1112 554 1197 592 sunt
1212 555 1396 603 quaedam
1417 568 1511 603 quae
1527 557 1729 595 necessario
1743 559 1920 597 videntur

308 617 605 673 interponenda3
634 616 771 666 partim
787 611 951 650 docendi
965 610 1092 661 gratia,
1121 612 1258 662 partim
1277 609 1316 646 in
1332 610 1440 647 usum
1455 610 1699 660 praesentem.

363 679 549 715 HoRUM
569 673 737 721 primum
757 668 818 715 cst,
854 677 895 705 ut
916 666 1083 716 exempla
1109 675 1372 717 proponantur
1393 666 1611 714 inquirendi
1632 670 1669 705 ἅ
1688 668 1922 719 inveniendi,

312 731 519 771 secundum
543 726 707 765 nostram
735 725 924 761 rationem
951 734 993 759 ac
1014 722 1127 767 viam,
1165 721 1206 757 in
1229 720 1414 771 aliquibus
1434 720 1605 766 subjeetis
1633 723 1922 775 repraesentata:

311 785 498 825 sumendo
513 796 554 821 ca
569 776 808 832 potissimum
824 778 994 824 subjecta,
1023 788 1129 827 quae,
1151 777 1188 813 &
1202 777 1303 812 inter
1318 787 1359 811 ca
1375 787 1468 823 quae
1484 788 1726 825 quaeruntur,
1756 778 1840 816 sunt
1855 792 1926 827 ¹¹0·.

312 837 503 880 biliffima,
541 841 578 876 &
602 839 699 874 inter
721 834 758 872 se
778 835 940 871 maxime
963 830 1123 872 diversa3
1159 841 1201 868 ut
1226 831 1267 867 in
1293 842 1527 880 unoquoque
1549 844 1687 881 genere
1711 835 1926 887 exemplum

312 910 395 935 non
423 893 524 932 defit.
581 894 716 942 Neque
746 890 793 926 de
821 888 864 925 iis
892 888 1072 937 exemplis
1102 887 1310 936 loquimur,
1352 898 1447 934 quae
1475 884 1626 936 singulis
1653 891 1858 938 praeceptis
1885 901 1928 928 ae

312 953 452 1002 regulis
467 948 672 987 illustrandi
692 946 808 995 gratia
831 942 1068 990 adjiciuntur,
1100 941 1189 988 (hoc
1203 942 1306 978 enim
1323 942 1363 977 in
1384 940 1542 979 secunda
1557 953 1659 993 parte
1675 946 1798 993 operis
1812 946 1927 984 abun-

315 1006 363 1044 de
385 1003 629 1058 praestitimus
642 1002 664 1050 z)
694 1000 756 1038 sed
779 1000 888 1049 plane
908 1009 1018 1051 typos
1034 996 1280 1046 intelligimus
1307 998 1344 1033 ὅ(
1362 997 1554 1048 plasmata,
1592 1010 1686 1047 quae
1710 1000 1929 1039 universum

316 1060 456 1100 mentis
484 1057 707 1112 processum,
743 1065 856 1104 atque
879 1051 1096 1092 inveniendi
1127 1047 1391 1089 continuatam
1421 1052 1603 1090 fabricam
1624 1056 1660 1090 &
1689 1054 1866 1092 ordinem
1887 1057 1930 1096 in

318 1117 428 1155 certis
451 1114 634 1160 subjeetis‚
662 1110 778 1159 iisque
797 1108 902 1148 variis
918 1111 955 1146 ὃ(
970 1106 1185 1158 infignibus‚
1212 1116 1394 1157 tanquam
1418 1107 1484 1145 sub
1502 1110 1635 1146 oculos
1655 1120 1812 1159 ponant.
1867 1112 1931 1150 Et-

319 1173 425 1210 enim
443 1170 553 1207 nobis
576 1171 616 1205 in
640 1175 811 1204 mentem
834 1166 950 1211 venit,
988 1163 1028 1201 in
1053 1161 1336 1209 mathematicis,
1366 1160 1505 1200 astante
1528 1164 1712 1213 machina,
1743 1164 1845 1215 sequi
1868 1166 1931 1205 de-

318 1224 635 1264 monstrationem
660 1221 811 1258 facilem
837 1221 874 1257 &
903 1218 1157 1270 perspicuam:
1198 1228 1342 1263 contra,
1381 1217 1518 1266 absque
1545 1219 1615 1256 hac
1641 1221 1948 1273 commoditate,-

319 1282 453 1319 omnia
475 1279 594 1318 videri
609 1277 793 1321 involuta,
823 1276 872 1322 ἃ,
901 1285 1014 1323 quam
1036 1284 1162 1310 revera
1179 1271 1276 1318 sunt,
1306 1270 1511 1310 subtiliora.
1567 1275 1695 1323 Itaque
1715 1272 1932 1321 hujusmodi

320 1335 500 1387 exemplis
515 1342 686 1382 quartam
708 1338 851 1380 partem
868 1329 983 1367 nostri
1003 1326 1125 1380 operis
1140 1328 1398 1365 attribuimus:
1429 1340 1523 1376 quae
1538 1341 1664 1366 revera
1682 1329 1738 1368 nil
1755 1331 1858 1368 aliud
1871 1332 1934 1381 est,

320 1402 434 1441 quam
450 1388 629 1427 secundae
644 1387 758 1439 partis
777 1383 978 1435 applicatio
990 1384 1223 1436 particularis
1238 1385 1273 1420 δε
1290 1383 1479 1432 explicata.

373 1445 446 1482 AT
474 1445 606 1493 quinta
630 1454 711 1493 pars
731 1440 777 1477 ad
801 1451 950 1490 tempus
977 1449 1140 1485 tantum,
1176 1439 1301 1475 donec
1327 1439 1469 1486 reliqua
1495 1439 1745 1489 perficiantur,
1785 1441 1934 1480 adhibe-

320 1512 404 1539 tur:
435 1502 472 1537 ὃς
494 1509 674 1546 tanquam
689 1496 826 1533 foenus
847 1495 1027 1541 redditur,
1056 1495 1173 1542 usque
1192 1494 1282 1530 dum
1308 1493 1384 1531 sors
1409 1493 1535 1532 haberi
1556 1492 1681 1544 possit.
1739 1498 1877 1546 Neque
1898 1511 1933 1535 e-

321 1557 406 1594 nim
429 1554 546 1591 finem
562 1551 730 1590 nostrum
753 1552 803 1588 ita
818 1549 979 1600 petimus
1003 1550 1214 1590 occaecati3
1242 1559 1296 1595 ut,
1327 1561 1421 1598 quae
1445 1562 1650 1588 occurrunt
1674 1553 1714 1588 in
1734 1552 1793 1589 via
1816 1552 1932 1600 utilia,

321 1609 563 1660 negligamus.
618 1607 883 1659 Quamobrem
907 1607 1080 1655 quintam
1096 1615 1241 1655 partem
1262 1605 1384 1654 operis
1408 1605 1509 1642 exiis
1533 1606 1766 1653 conficimus,
1795 1620 1889 1656 quae
1911 1622 1934 1646 a

320 1666 435 1703 nobis
458 1674 521 1702 aut
542 1665 706 1708 inventa,
736 1671 798 1698 aut
822 1662 988 1714 probata,
1017 1670 1080 1698 aut
1100 1659 1224 1696 addita
1247 1659 1354 1697 sunt:
1386 1662 1523 1710 Neque
1546 1662 1585 1698 id
1607 1671 1734 1699 tamen
1758 1674 1800 1699 ex
1824 1666 1936 1701 ratio·

323 1721 435 1758 nibus
458 1730 569 1767 atque
592 1717 822 1769 praescriptis
848 1714 1138 1768 interpretandi3
1171 1715 1230 1752 scd
1252 1727 1294 1752 ex
1316 1716 1452 1752 eodem
1476 1717 1686 1754 intelleims
1711 1717 1789 1764 usu,
1818 1731 1934 1767 quem

323 1776 387 1813 alii
412 1777 452 1811 in
478 1773 707 1824 inquirendo
731 1774 767 1809 δί
789 1770 1019 1809 inveniendo
1044 1770 1219 1807 adhibere
1243 1769 1530 1809 consueverunt.
1585 1771 1739 1809 Etenim
1761 1786 1862 1819 cum,
1892 1786 1935 1812 ex

324 1840 503 1880 perpetua
522 1828 644 1865 nostra
658 1839 746 1865 eum
768 1838 898 1864 natura
921 1824 1204 1872 consuetudine,
1233 1826 1376 1869 majora
1391 1826 1439 1863 de
1465 1826 1774 1865 meditationibus
1789 1829 1936 1877 nostris,

327 1897 441 1934 quam
465 1896 535 1936 pro
556 1882 699 1932 ingenii
722 1883 872 1929 viribus,
902 1881 1111 1931 speramu53
1149 1890 1232 1917 tum
1253 1891 1434 1930 poterunt
1458 1882 1518 1918 ista
1542 1883 1658 1920 veluti
1681 1883 1938 1921 tabernaculo-

327 1952 414 1978 rum
434 1938 473 1976 in
493 1940 550 1975 via
566 1935 775 1987 positorum
797 1939 877 1974 vice
898 1935 1016 1986 fungi,
1047 1946 1088 1973 ut
1104 1947 1209 1973 mens
1229 1936 1273 1972 ad
1290 1937 1448 1973 certiora
1471 1938 1707 1975 contendens
1722 1937 1762 1975 in
1785 1940 1829 1976 iis
1852 1951 1937 1989 pau-

326 1993 438 2047 lisper
459 1992 673 2042 acquiescat.
731 1992 918 2030 Attamen
941 1990 1116 2029 testamur
1131 1992 1299 2038 interim,
1337 2004 1406 2028 nos
1430 1991 1502 2029 illis
1528 1991 1621 2042 ipsis,
1660 1994 1764 2042 quod
1785 2007 1826 2031 ex
1852 2007 1940 2032 vera

326 2049 596 2099 interpretandi
626 2048 750 2084 forma
784 2060 866 2084 non
900 2046 969 2085 fint
997 2048 1152 2085 inventa
1183 2056 1247 2084 aut
1275 2046 1442 2096 probata,
1486 2049 1605 2085 teneri
1634 2048 1795 2086 minime
1829 2051 1937 2088 velle.

325 2104 433 2143 Istam
461 2116 550 2142 vero
579 2103 707 2149 judicii
734 2100 1023 2152 suspensionem,
1059 2113 1141 2139 non
1167 2099 1216 2138 est
1244 2102 1349 2150 quod
1377 2102 1572 2140 exhorreat
1601 2102 1782 2155 quispiam
1807 2106 1847 2141 in
1873 2105 1941 2142 do-

327 2161 458 2206 etrina,
488 2171 582 2208 quae
597 2170 678 2195 non
703 2155 919 2207 fimpliciter
939 2158 995 2194 nil
1016 2156 1099 2194 sciri
1125 2156 1238 2206 posse,
1266 2156 1327 2194 sed
1348 2158 1402 2193 nil
1424 2156 1491 2194 nifi
1506 2169 1612 2196 certo
1632 2158 1765 2196 ordine
1781 2161 1818 2197 ὅ(
1840 2171 1942 2199 certa

327 2217 388 2252 via
404 2213 485 2251 seiri
503 2213 604 2266 poss'c
619 2213 760 2250 asserit:
790 2223 901 2262 atque
921 2214 1064 2249 interea
1083 2221 1212 2249 tamen
1232 2222 1356 2249 certos
1371 2212 1606 2251 certitudinis
1619 2214 1753 2264 gradus
1769 2215 1814 2252 ad
1831 2215 1942 2254 usum

329 2271 554 2308 &levamen
570 2268 785 2309 constituit;
814 2268 939 2304 donec
961 2279 1069 2303 mens
1083 2267 1123 2303 in
1144 2267 1337 2304 causarum
1353 2269 1602 2319 explicatione
1625 2267 1804 2307 consistat.
1861 2271 1939 2309 Ne-

329 2337 404 2374 que
431 2326 536 2362 enim
558 2325 644 2360 illae
672 2321 767 2374 ipsae
792 2322 939 2360 scholae
967 2320 1293 2374 philosophorum,
1334 2324 1398 2371 qui
1425 2322 1697 2376 Acatalepfiam
1724 2323 1941 2375 simplicitet

330 2390 547 2426 tenuerunt,
591 2377 788 2415 inferiores
817 2377 920 2415 fuere
953 2376 1025 2414 istis
1054 2389 1147 2426 quae
1176 2378 1448 2427 pronuntiandi
1481 2379 1674 2416 licentiam
1702 2380 1938 2429 usurparunt.

329 2435 419 2472 Illae
441 2445 569 2472 tamen
584 2432 703 2471 sensui
727 2435 764 2470 ὅ(
787 2432 995 2470 intellectui
1020 2433 1153 2469 auxilia
1169 2445 1250 2470 non
1274 2445 1509 2482 paraverunt,
1539 2434 1642 2483 quod
1669 2447 1739 2471 nos
1762 2435 1942 2474 fecimus:

333 2488 396 2526 sed
420 2489 534 2526 fidem
553 2491 590 2526 δε
613 2486 878 2526 authoritatem
897 2488 1008 2540 plane
1029 2486 1274 2529 sustulerunt3
1311 2488 1416 2536 quod
1435 2489 1551 2538 longe
1573 2490 1643 2526 alia
1666 2502 1723 2527 res
1737 2488 1786 2527 est
1805 2493 1843 2530 ὃ(
1865 2491 1942 2530 fere

332 2542 513 2596 opposita.

392 2600 549 2636 SEXTA
573 2599 726 2635 tandem
746 2610 826 2649 pars
846 2599 970 2649 operis
1000 2597 1116 2635 nostri
1134 2595 1205 2643 (cui
1229 2598 1393 2646 reliquae
1422 2597 1629 2637 inserviunt
1649 2612 1690 2636 ac
1717 2599 1940 2649 ministrant)

333 2665 419 2691 eam
441 2653 597 2690 demum
612 2653 767 2691 recludit
795 2656 832 2691 ὅ(
846 2655 1027 2705 proponit
1054 2651 1344 2705 philosophiam,
1372 2666 1466 2702 quae
1481 2666 1523 2690 ex
1547 2654 1762 2700 hujusmodi
1776 2653 1943 2707 (qualem

336 2720 425 2746 ante
448 2708 646 2745 docuimus
676 2711 712 2745 δε
730 2709 953 2760 paravimus)
979 2706 1223 2757 inquisitione
1248 2709 1422 2757 ligitima,
1460 2711 1497 2746 ὃ(
1520 2710 1621 2757 casta,
1651 2713 1687 2748 ὅ(
1708 2710 1830 2748 severa
1856 2712 1942 2749 edu-

335 2764 434 2801 ci'tur
455 2765 491 2800 ὅ(
514 2761 760 2800 constituitur.
817 2765 925 2801 Hanc
944 2775 1035 2801 vero
1054 2761 1279 2813 postremam
1304 2774 1446 2812 partem
1470 2764 1646 2813 perficere
1671 2768 1706 2803 ὅ(
1731 2766 1775 2802 ad
1800 2767 1943 2804 exitum

334 2818 551 2870 perducere,
581 2829 637 2853 res
652 2817 700 2853 est
724 2820 759 2855 ὃς
775 2818 879 2868 supra
903 2818 1008 2865 vires,
1039 2821 1076 2856 δε
1097 2819 1190 2855 ultra
1205 2817 1282 2867 spes
1305 2819 1444 2856 nostras
1460 2821 1654 2857 collocata.
1711 2821 1797 2858 Nos
1818 2822 1852 2857 ci
1876 2818 1944 2858 ini-

336 2875 387 2910 tia
418 2872 471 2918 (ut
494 2872 692 2921 speramus)
718 2885 799 2909 non
820 2873 1113 2920 contemnenda,
1143 2874 1286 2910 exitum
1305 2876 1451 2922 generis
1467 2874 1620 2912 humani
1642 2875 1794 2913 fortuna
1819 2876 1941 2917 dabit;

338 2929 488 2978 qualem
510 2927 608 2964 forte
628 2927 802 2964 homines
825 2930 865 2965 in
891 2928 964 2966 hoe
979 2940 1105 2966 rerum
1128 2930 1165 2966 ὅ(
1193 2929 1410 2966 animorum
1427 2928 1528 2976 statu,
1558 2930 1656 2966 haud
1681 2930 1788 2967 facile
1813 2930 1943 2968 animo

337 2994 467 3032 capere
492 2992 554 3019 aut
583 2980 707 3018 metiri
733 2994 881 3033 queant.
939 2985 1077 3033 Neque
1102 2985 1207 3020 enim
1235 2985 1357 3033 agitur
1384 2985 1507 3021 solum
1532 2985 1687 3022 felicitas
1712 2988 1941 3036 contempla-

340 3038 427 3086 tiva,
467 3037 529 3075 sed
558 3049 644 3075 vere
671 3048 728 3074 res
760 3036 946 3077 humanae
974 3042 1012 3078 &
1042 3039 1231 3086 fortunae,
1271 3049 1382 3087 atque
1411 3041 1537 3077 omnis
1565 3052 1726 3090 operum
1756 3042 1940 3091 potentia,

1809 3096 1941 3135 Homo
