2040 3439
87 247 272 300 Libui.
502 253 799 299 NOVUM
870 245 1310 303 ORGANUM.

91 340 255 380 clausura
272 353 335 391 per
365 342 531 391 liquores
559 344 599 379 in
623 343 772 379 extimis
801 340 993 380 utilissima
1018 356 1074 381 res
1102 343 1168 382 est:
1197 355 1239 382 ut
1262 357 1349 383 cum
1381 344 1588 384 infundunt
1616 348 1690 385 ole-

92 409 159 435 um
182 396 288 448 super
317 397 450 434 vinum
478 407 540 434 aut
562 396 688 434 succos
712 397 927 438 herbarum;
956 399 1061 447 quod
1089 401 1335 449 expandendo
1359 399 1394 437 se
1417 400 1454 437 in
1480 401 1693 440 summitate

90 451 197 490 instar
225 451 406 503 operculi,
434 451 578 503 optime
606 463 648 488 ca
681 451 874 490 conservat
904 453 1024 490 illaesa
1059 454 1105 491 ab
1133 457 1227 491 aere.
1283 457 1420 504 Neque
1439 457 1608 505 pulveres
1637 470 1693 495 res

92 508 211 544 malae
236 506 338 547 sunt3
367 505 430 555 qui
451 507 536 543 licet
552 505 771 543 contineant
793 509 917 544 aerem
937 507 1162 557 permistum,
1191 519 1317 547 tamen
1345 509 1420 547 vim
1435 513 1526 548 ae'ris
1550 524 1693 550 coacer-

91 562 164 599 vati
192 563 230 598 ὅ(
255 559 466 599 circumfusi
481 571 626 601 arcentz
657 571 697 598 ut
712 561 753 598 fit
776 564 818 599 in
841 562 1123 600 conservatione
1145 576 1300 601 uvarum
1326 567 1361 601 &
1385 565 1574 604 fructuum
1596 568 1694 604 intra

93 627 244 654 arenam
263 618 300 653 &
330 615 499 653 farinam.
555 617 679 652 Etiam
705 628 799 657 cera,
828 619 916 664 mel,
944 619 1018 667 pix,
1048 617 1314 662 &hujusmodi
1329 622 1482 667 tenacia,
1511 622 1608 658 secie
1629 623 1693 659 ob-

92 672 280 709 ducuntur
294 670 340 707 ad
356 671 560 708 clausuram
580 671 853 720 perfeffiorem,
884 674 920 709 ὅ(
950 673 995 709 ad
1026 673 1341 711 summovendum
1367 677 1489 712 a'e'rem
1520 679 1555 713 ὃς
1573 679 1693 714 coele-

90 726 165 763 stia.
219 727 344 763 Etiam
372 739 441 763 nos
464 728 761 777 experimentum
782 728 1008 777 quandoque
1028 728 1198 768 fecimus,
1228 730 1409 778 ponendo
1437 743 1509 776 vam,
1541 743 1692 769 necnon

90 779 210 832 aliqua
223 782 294 817 alia
309 793 466 831 corpora
491 782 587 818 intra
602 792 798 830 argentum
814 783 953 828 vivum,
982 783 1086 830 quod
1102 782 1276 820 omnium
1301 785 1415 833 longe
1436 783 1693 823 densissimum

92 833 143 874 est
166 848 209 873 ex
237 834 280 873 iis
308 848 401 883 quae
429 835 681 873 circumfundi
696 836 854 885 poss'unt.
911 836 1130 888 Quinetiam
1147 837 1272 886 specus
1302 841 1336 874 &
1366 850 1542 877 cavernae
1558 840 1692 878 subter·

96 903 226 928 raneae
253 894 381 940 magni
410 891 493 928 usus
529 890 613 928 sunt
635 892 681 928 ad
715 889 992 939 prohibendum
1016 891 1284 929 insolationem
1313 896 1349 930 ὃς
1374 895 1495 930 aerem
1526 894 1630 932 istum
1659 908 1691 933 a·

95 955 246 995 pertnm
273 947 569 997 praedatoriums
598 946 766 996 qualibus
795 956 952 983 utuntur
981 946 1161 983 Germani
1188 946 1492 998 septentrionales
1520 961 1590 999 pro
1617 963 1693 1000 gra<

95 999 219 1039 nai-iis.
277 1003 443 1038 Necnon
479 999 654 1050 repositio
689 1012 893 1049 corporum
923 1003 962 1037 in
999 1001 1120 1038 fundo
1154 1014 1328 1052 aquarum
1357 1003 1403 1039 ad
1431 1003 1504 1040 hoc
1542 1004 1693 1056 spcftat:

96 1065 138 1093 ut
169 1055 327 1092 memini
356 1068 417 1092 me
457 1057 647 1106 quippiam
676 1055 808 1093 audisse
842 1057 889 1093 de
917 1055 1057 1094 utribus
1085 1058 1161 1093 vini
1191 1054 1356 1094 dcmissis
1393 1059 1433 1094 in
1461 1059 1696 1108 profundum

95 1120 264 1163 puteum,
302 1111 346 1147 ad
375 1110 698 1160 infrigidationem
728 1110 887 1152 scilicet3
930 1110 990 1148 sed
1027 1111 1110 1148 casu
1144 1114 1180 1148 ὃς
1214 1123 1278 1161 per
1313 1113 1526 1162 neglectum
1558 1127 1599 1151 ac
1630 1117 1695 1153 ob-

94 1166 278 1203 livionem
306 1166 447 1203 ibidem
475 1166 753 1203 remanentibus
781 1178 846 1218 per
861 1167 1003 1203 multos
1031 1178 1162 1213 annos,
1191 1169 1228 1203 ὅ(
1248 1168 1384 1204 deinde
1414 1169 1598 1211 extrastiffi
1629 1183 1694 1208 un—

95 1220 144 1258 de
169 1219 298 1258 vinum
321 1221 459 1257 faChrm
491 1221 643 1258 estnon
678 1221 799 1258 solum
829 1233 908 1258 non
944 1220 1122 1272 vapidum
1153 1232 1215 1258 aut
1236 1233 1467 1270 emortuum,
1511 1223 1572 1261 sed
1601 1227 1694 1262 mul-

96 1285 141 1314 to
162 1274 279 1325 magis
314 1276 441 1312 nobile
464 1277 509 1313 ad
529 1275 692 1326 gustum3
722 1288 786 1325 per
813 1275 1127 1313 commixtionem
1150 1278 1313 1326 partium
1337 1277 1486 1315 suarum
1517 1279 1576 1328 (ut
1599 1278 1697 1317 vide-

98 1331 174 1378 tur)
205 1331 322 1380 magis
355 1330 580 1381 exquisitam.
638 1332 753 1382 Quod
778 1328 804 1367 fi
837 1331 995 1380 postulet
1020 1343 1087 1378 res,
1116 1341 1158 1368 ut
1187 1343 1344 1381 corpora
1377 1334 1624 1371 demittantur
1650 1335 1697 1372 ad

97 1385 262 1423 fundum
283 1398 474 1436 aquarum,
502 1383 617 1424 veluti
637 1387 733 1422 intra
749 1386 882 1423 fluvios
900 1395 963 1422 aut
980 1397 1094 1432 mare,
1125 1398 1245 1436 neque
1261 1399 1387 1424 tamen
1413 1400 1522 1439 aquas
1531 1398 1699 1439 tangant,

98 1452 170 1478 nec
198 1441 238 1477 iu
264 1439 403 1478 vasibus
431 1441 614 1478 obturatis
638 1441 923 1487 concludantur,
953 1439 1014 1478 sed
1041 1444 1124 1479 a'ere
1152 1451 1300 1478 tantum
1324 1440 1605 1484 circundentur;
1635 1445 1699 1482 bo-

96 1508 169 1533 nus
188 1494 237 1532 cst
252 1495 334 1533 usus
347 1493 434 1532 vafis
453 1495 561 1542 illius,
589 1497 690 1546 quod
707 1496 918 1533 adhibitum
939 1495 988 1533 est
1006 1508 1284 1546 nonnunquam
1299 1497 1344 1533 ad
1368 1497 1603 1548 operandum
1620 1498 1700 1536 sub-

99 1558 157 1587 ter
184 1551 288 1597 aquis
317 1550 422 1602 super
449 1550 593 1600 navigia
619 1551 797 1598 demersa,
829 1561 869 1588 ut
896 1549 1104 1588 urinatores
1121 1552 1259 1587 diutius
1287 1564 1440 1588 manere
1468 1549 1609 1602 p0ffint
1635 1554 1701 1591 snb

99 1603 224 1654 aquis3
254 1607 290 1642 ὃ(
315 1618 380 1656 per
409 1607 506 1642 vices
531 1607 577 1642 ad
605 1616 752 1654 tempus
776 1606 964 1657 respirare.
1022 1607 1117 1643 lllud
1143 1605 1359 1650 hujusmodi
1389 1616 1481 1644 erat:
1511 1607 1700 1646 Conficie-

101 1659 210 1697 batur
234 1659 380 1697 dolium
409 1673 452 1697 ex
475 1661 635 1697 metallo
662 1672 882 1706 concavum,
912 1661 1016 1708 quod
1036 1661 1302 1698 demittebatur
1321 1660 1562 1709 aequabiliter
1583 1660 1627 1699 ad
1648 1664 1702 1701 su-

102 1713 290 1765 perficiem
306 1727 434 1763 aquae,
462 1725 573 1764 atque
600 1713 647 1752 fic
669 1715 887 1765 deportabat
902 1725 1030 1752 totum
1046 1717 1184 1761 acrem,
1213 1717 1278 1763 qui
1301 1716 1567 1753 continebatur
1583 1718 1621 1754 in
1637 1719 1703 1755 do-

103 1770 157 1807 lio
178 1771 301 1806 seeum
318 1771 356 1806 in
372 1770 534 1807 fundum
553 1772 676 1807 maris.
736 1770 861 1808 Stabat
883 1780 1009 1807 autem
1034 1769 1139 1819 super
1152 1771 1258 1819 pedes
1279 1781 1363 1816 tres,
1394 1770 1515 1817 <instar
1531 1774 1702 1821 tripodis)

103 1823 167 1873 qui
182 1824 429 1873 longitudinis
449 1835 553 1862 crant
569 1827 762 1872 aliquanto
780 1827 941 1861 minoris
962 1824 1092 1862 statura
1108 1825 1294 1861 hominis:
1323 1824 1372 1862 ita
1388 1835 1428 1862 ut
1445 1827 1611 1863 urinator
1627 1828 1706 1878 pos-

107 1881 172 1925 set,
201 1890 287 1916 eum
312 1881 495 1916 anhelitus
524 1879 708 1925 deficeret,
737 1879 941 1916 immittere
962 1889 1070 1928 caput
1102 1878 1140 1915 in
1170 1891 1302 1916 cavum
1326 1879 1432 1926 dolii,
1461 1881 1497 1916 ὅ(
1517 1880 1704 1930 respirare,-

106 1938 138 1971 ὅ
168 1933 301 1970 deiude
317 1946 409 1983 opus
424 1936 657 1971 continuare.
714 1934 844 1982 Atque
867 1934 1074 1971 audivimus
1090 1935 1283 1971 inventam
1308 1934 1376 1971 effe
1399 1935 1473 1979 jam
1489 1936 1704 1974 machinam

106 1991 270 2037 aliquam
295 1988 482 2026 naviculae
512 1999 572 2026 aut
590 1989 750 2038 scaphae,
779 2001 872 2037 quae
898 1987 1068 2026 homines
1099 1990 1222 2026 subter
1242 1988 1343 2037 aquis
1363 1989 1496 2026 vehere
1522 1987 1636 2041 possit
1659 1991 1705 2028 ad

107 2042 218 2096 spatia
233 2045 429 2082 nonnulla.
487 2046 631 2081 Verum
653 2043 718 2080 sub
747 2045 812 2081 tali
837 2043 930 2089 vase,
958 2045 1065 2094 quale
1080 2044 1201 2080 modo
1229 2044 1400 2090 diximus,
1429 2056 1585 2096 corpora
1599 2058 1707 2096 quae—

110 2102 164 2138 vi,
190 2100 298 2135 sacile
332 2098 500 2150 suspendi
530 2095 691 2148 possint3
719 2100 821 2144 cujus
848 2098 951 2135 causa
974 2100 1047 2135 hoc
1067 2100 1366 2147 experimentum
1393 2098 1623 2137 adduximus.

165 2156 256 2191 Esr
286 2156 322 2190 ὃς
350 2156 441 2190 alius
471 2153 551 2190 usus
579 2152 768 2202 diligentis
796 2156 833 2191 ὅ(
860 2153 1039 2202 perfectae
1075 2153 1261 2191 clausurae
1294 2165 1518 2202 corporum:
1559 2167 1708 2206 nempe,

111 2220 191 2245 non
210 2207 332 2245 solum
357 2218 398 2246 ut
422 2209 664 2260 prohibeatur
680 2208 799 2245 aditus
817 2207 906 2245 aeris
927 2220 990 2257 per
1014 2210 1170 2245 exterius
1200 2208 1261 2255 (de
1284 2219 1364 2255 quo
1385 2208 1461 2254 jam
1485 2209 1628 2246 dierum
1645 2210 1708 2258 est)

111 2275 243 2300 verum
259 2264 370 2300 eriam
398 2274 438 2300 ut
459 2262 678 2300 cohibeatur
699 2263 812 2300 exitus
833 2262 977 2314 spiritus
1003 2265 1185 2312 corporis,
1213 2262 1319 2314 super
1341 2263 1445 2310 quod
1470 2262 1512 2300 fit
1540 2267 1710 2313 operatio

110 2330 176 2367 per
205 2317 369 2354 interius.
419 2318 580 2356 Neeesse
603 2316 652 2354 est
681 2319 783 2354 enirn
811 2328 852 2354 ut
871 2319 1041 2368 operanti
1065 2320 1159 2354 eirca
1183 2329 1341 2366 corpora
1363 2319 1544 2355 naturalia
1569 2319 1711 2357 constet

110 2373 158 2410 de
184 2372 339 2410 summis
364 2372 450 2410 suis:
479 2374 549 2409 viz.
580 2373 684 2420 quod
712 2372 806 2409 nihil
835 2372 1002 2421 expirarit
1030 2383 1092 2409 aut
1116 2367 1312 2409 effluxerit.
1369 2373 1479 2409 Fiunt
1499 2374 1602 2410 enim
1628 2386 1713 2426 pro-

113 2427 250 2464 fundae
265 2430 502 2464 alterationes
520 2428 560 2464 in
575 2426 806 2477 corporibus,
835 2428 988 2475 quando
1007 2438 1135 2464 natura
1150 2425 1373 2476 prohibente
1388 2426 1713 2476 annihilationem,

113 2495 169 2519 ars
195 2484 390 2532 prohibeat
413 2484 526 2520 etiam
549 2481 846 2531 deperditionem
862 2492 923 2518 aut
941 2483 1201 2519 evolationem
1227 2482 1380 2526 alicujus
1407 2483 1527 2531 partis.
1583 2483 1713 2534 Atque

114 2537 182 2574 hac
211 2538 256 2574 de
286 2550 324 2574 re
350 2538 505 2574 invaluit
534 2538 669 2588 opinio
696 2536 803 2577 falsa3
834 2537 942 2585 (quae
970 2534 996 2573 fi
1025 2549 1110 2574 vera
1137 2537 1235 2583 ess'et,
1264 2537 1310 2572 de
1336 2534 1395 2573 ista
1428 2535 1714 2576 conservatione

117 2592 283 2629 munnae
309 2603 430 2629 certae
459 2591 594 2640 absque
621 2591 878 2628 diminutione
908 2591 993 2628 esset
1021 2591 1099 2628 fere
1127 2590 1396 2643 desperandum
1407 2592 1428 2638 z)
1466 2593 1537 2628 viz.
1569 2591 1713 2642 spiritus

115 2658 334 2698 corporum,
363 2650 399 2683 δ(
423 2649 544 2683 aetem
568 2648 700 2691 majori
726 2647 843 2695 gradu
872 2648 1003 2684 caloris
1022 2656 1268 2692 attenuatum,
1298 2646 1408 2683 nullis
1430 2646 1602 2684 vasorum
1617 2650 1716 2684 clau-

116 2701 192 2738 stris
214 2701 313 2751 posse
340 2700 537 2747 contineri,
567 2700 657 2749 quin
673 2713 737 2752 per
753 2713 867 2750 poros
889 2701 1061 2738 vasorum
1083 2699 1288 2737 subtiliores
1311 2701 1473 2738 evolent.
1530 2701 1658 2750 Atque
1674 2705 1716 2739 iu

117 2755 213 2793 hanc
230 2757 454 2805 opinionem
480 2756 627 2792 addueli
652 2756 736 2792 sunt
756 2756 932 2792 homines
952 2768 1014 2805 per
1033 2756 1178 2804 vulgata
1210 2755 1272 2792 illa
1296 2757 1561 2804 experimenta,
1589 2759 1716 2806 poculi

119 2809 251 2848 inversi
272 2811 377 2860 super
401 2823 533 2861 aquam
556 2822 644 2848 cum
671 2810 824 2847 candela
846 2821 908 2848 aut
923 2811 1045 2847 charta
1070 2810 1318 2850 inflammata3
1347 2822 1389 2847 ex
1416 2822 1495 2859 quo
1509 2811 1549 2849 fit
1569 2822 1608 2849 ut
1624 2824 1717 2859 aqna

122 2865 264 2902 sursum
289 2866 512 2902 attrahatur:
543 2876 654 2914 atque
677 2862 844 2902 similiter
873 2864 1124 2911 vcnrofarum,
1153 2876 1248 2913 quae
1278 2864 1382 2915 super
1404 2864 1597 2903 flammam
1626 2868 1717 2903 cale-

120 2919 234 2957 fan-ac
260 2921 411 2957 trahunt
427 2932 565 2958 earnes.
621 2918 836 2956 Existimant
858 2918 958 2956 enim
983 2922 1022 2956 in
1051 2929 1213 2967 utroque
1237 2922 1497 2968 experimento
1523 2925 1646 2958 a‘e‘rem
1666 2931 1716 2956 ar-

121 2984 316 3012 tenuatum
337 2977 472 3021 emitti,
503 2978 538 3012 6<
554 2975 642 3011 inde
657 2985 842 3022 quantum
867 2972 975 3023 ipsius
998 2976 1141 3015 minuis
1169 2974 1330 3026 ideoque
1351 2987 1484 3023 aquam
1508 2988 1568 3013 aut
1591 2986 1717 3011 carnes

121 3040 188 3078 per
210 3041 347 3066 nexum
364 3030 566 3068 succedere.
622 3028 739 3079 Quod
754 3024 987 3066 falfiffimum
1011 3029 1070 3066 est.
1128 3028 1206 3066 Aer
1233 3031 1336 3067 enim
1353 3042 1432 3066 non
1453 3041 1597 3078 quanto
1610 3028 1717 3066 dimi-

124 3081 263 3131 unitur,
291 3083 352 3122 sed
381 3085 498 3138 spatio
512 3082 767 3127 contrahitur;
796 3095 920 3133 neque
945 3082 1074 3136 incipit
1099 3094 1229 3123 morus
1256 3083 1317 3122 iste
1347 3081 1718 3133 sucecllionisaquae,

176 3139 282 3176 Voti.
311 3141 338 3177 1.
887 3138 982 3176 Ccc
1208 3167 1209 3170 η
1618 3147 1718 3174 ante-

1768 261 1864 324 383
