2040 3439
349 245 446 285 tivae
471 247 539 284 viis
563 242 636 283 illis
661 241 783 281 aftivis
811 237 1016 278 decantatis
1044 237 1121 276 fere
1148 235 1401 287 respondeum
1438 242 1482 275 ut
1505 237 1619 275 altera
1638 236 1684 275 ab
1711 239 1826 277 initio
1847 239 1964 280 ardua

348 306 389 342 ὃ(
411 298 588 347 difficilis,
624 297 763 337 desinat
784 298 824 333 in
849 304 1042 344 apertum5
1080 294 1194 330 altera
1214 294 1342 342 primo
1364 291 1504 331 intuitu
1525 293 1694 343 expedita
1715 295 1751 331 ὅ(
1778 295 1969 345 proclivis,

350 358 461 395 ducat
477 356 515 394 in
539 354 615 394 avia
630 357 667 392 δε
693 349 916 405 praecipitia.
973 351 1105 397 Qum
1121 357 1248 385 autem
1263 350 1428 386 incertus
1443 349 1543 396 effer,
1574 350 1729 397 quando
1744 349 1835 387 hacc
1857 351 1971 393 alicui

348 412 499 466 posthae
519 413 560 448 in
584 419 757 447 mentem
771 415 930 445 ventura
951 402 1046 446 fint5
1076 414 1125 441 eo
1147 399 1387 454 potiffimum
1402 404 1487 442 usus
1507 415 1748 454 argumento,
1778 406 1883 453 quod
1906 418 1970 446 ne⁴

351 471 498 506 minem
513 466 690 504 hactenus
704 461 861 507 invenit,
890 460 956 508 qui
966 458 1017 496 vad
1033 457 1169 496 ssmiles
1184 457 1435 508 cogitationes
1450 461 1623 496 animum
1639 460 1879 511 applicuerim
1905 461 1970 499 de-

351 524 468 561 crevit
483 523 604 571 prima
619 528 801 567 quaeque,
831 527 926 564 quae
942 513 1121 566 perficere
1137 512 1254 560 licuit,
1284 515 1325 550 in
1340 512 1533 566 publicum
1550 514 1670 552 edere.
1729 516 1867 564 Neque
1881 515 1973 554 haec

356 578 543 616 festinatio
568 571 765 611 ambitiosa.
790 571 876 617 fuit,
913 569 976 607 sed
1006 567 1176 610 solicita3
1212 578 1255 606 ut
1283 566 1309 605 fi
1334 569 1426 618 quid
1451 568 1507 606 illi
1531 569 1750 607 humanitus
1780 569 1976 620 accideret,

353 641 494 672 extaret
509 641 638 668 tamen
658 625 867 676 designatio
882 625 1079 674 quaedam,
1109 636 1154 661 ae
1165 621 1363 661 destinatio
1379 626 1446 671 rei,
1476 637 1590 673 quam
1606 627 1739 663 animo
1754 627 1976 676 complexus

358 687 431 728 est;
470 696 588 734 utque
608 693 746 722 extaret
770 679 879 718 fimul
902 678 1051 730 signum
1074 677 1230 729 aliquod
1253 679 1429 717 honestae
1455 679 1537 717 suae
1562 683 1599 717 ὅ(
1622 681 1828 731 propenlhe
1848 683 1888 719 in
1911 694 1974 731 ge-

356 744 458 780 neris
477 741 635 778 humani
660 737 869 776 commoda
891 736 1109 774 voluntatis.
1169 734 1286 772 Certe
1307 735 1418 772 aliam
1440 747 1704 786 quamcunque
1720 736 1975 774 ambitionem

356 797 578 835 inferiorem
594 795 702 833 duxit
717 806 771 841 re,
799 803 915 841 quam
935 803 1021 841 prae
1037 790 1210 828 manibus
1225 789 1357 828 habuit
1372 804 1379 827 :
1408 790 1491 828 Aut
1507 789 1610 827 enim
1626 790 1700 828 hoc
1721 791 1824 839 quod
1840 793 1976 842 agitur,

360 853 457 891 nihil
482 850 553 893 est,
581 861 644 889 aut
667 859 832 896 tantum,
867 857 909 888 ut
935 848 1077 885 merito
1092 845 1175 897 ipso
1197 855 1425 884 contentum
1441 844 1511 885 effe
1535 846 1682 894 debeat,
1719 858 1791 886 nee
1808 846 1977 896 fructum

362 918 463 947 extra
477 918 666 958 quaerere.

1641 2537 2000 2614 Sereniffian,
