2040 3439
172 201 234 261 98

383 184 483 243 DE
536 186 695 241 AssUG
711 184 818 239 ΜΕ
838 181 1030 237 NTi's
1066 184 1241 234 scm
1262 185 1594 239 n-TrA-RU
1615 187 1680 234 M.
1730 187 1952 248 mann*

319 297 448 332 omnis
478 292 595 331 solida
624 294 660 328 ὅ(
685 289 873 329 fruetuosa
901 289 1078 326 naturalis
1097 283 1334 340 philosophia
1362 287 1552 336 duplicem
1576 286 1754 338 ‘adhibeat
1772 288 1937 338 scalam„

319 361 477 398 eamque
503 346 697 393 diversam,
725 343 973 382 ascensoriam
1001 346 1038 380 &
1065 342 1367 382 descensoriam3
1396 343 1442 378 ab
1458 343 1686 390 experientia
1707 343 1755 380 ad
1770 346 1940 383 axiomazt

317 416 367 452 ta,
397 407 435 442 &
463 403 510 440 ab
538 400 784 445 axiomatibus
810 411 909 437 nova
937 399 1101 444 inventa,
1143 392 1463 434 consultiffimum
1496 396 1625 440 iudico
1657 408 1697 441 ut
1735 398 1804 435 hae
1837 400 1939 438 dua&

319 470 453 511 partes,
485 457 704 508 speculativa
725 457 762 491 &
790 454 993 504 operativa,
1023 455 1061 490 &
1086 455 1128 490 in
1155 453 1373 489 intentione
1401 451 1606 498 tractantis,
1633 453 1670 489 δε
1701 454 1742 489 'tn
1769 462 1936 505 corpore-

321 515 496 552 traetams
524 511 750 563 separentur.
1809 506 1811 508 ·

950 673 991 718 C
1027 674 1072 717 A
1109 672 1157 717 P.
1224 671 1302 716 IV.

323 773 506 814 Partitio
521 771 718 812 destrinae
731 770 1008 825 speculativae
1028 770 1074 810 cle
1088 778 1244 818 natura,
1273 772 1314 809 in
1324 767 1515 823 physicam
1523 769 1738 823 specialem
1755 768 1802 815 όν
1817 780 1935 812 meta-

364 827 586 883 phystcam:
625 839 786 882 quarum
802 825 957 881 physica
983 826 1135 879 caztsam
1165 823 1392 876 efficientem
1422 821 1469 868 ὠ·
1495 826 1712 874 materiam,
1741 826 1936 881 metaphy-

360 882 447 936 stca
467 884 619 937 causam
637 881 800 936 finalem
824 879 872 926 όν
887 881 1060 935 formam
1083 882 1266 935 inquirit.
1321 879 1505 919 Partitio
1525 878 1702 933 phyficae
1725 882 1767 920 in
1794 880 1937 926 doctri,-

375 952 448 979 nas
468 938 514 978 de
530 939 741 993 principiis
761 950 898 986 rerum,
927 936 974 978 de
983 935 1147 990 fabrica
1164 949 1290 975 rerum
1302 933 1393 987 slve
1411 933 1458 974 de
1481 934 1631 984 mundo,
1662 932 1709 978 ὅ)
1730 935 1777 975 de
1803 938 1936 984 varie-

379 1002 468 1034 tate
496 1007 634 1034 rerum.
693 992 878 1032 Partim
901 990 1073 1045 phfficae
1102 990 1149 1030 de
1181 992 1382 1030 varietate
1416 1003 1542 1028 rerum
1571 991 1612 1029 in
1641 989 1857 1039 doa‘trinam
1887 991 1939 1033 de

378 1051 580 1097 concretis,
610 1046 658 1092 &a
686 1046 902 1086 doctrinam
928 1046 974 1085 de
1003 1045 1216 1098 abstractis.
1276 1045 1460 1085 {Partitio
1489 1043 1687 1084 doetrinae
1715 1045 1761 1084 de
1789 1059 1937 1088 concre—

379 1105 436 1143 tis
472 1104 656 1150 Rejicitur
694 1104 740 1141 ad
772 1104 918 1140 easdem
955 1104 1189 1154 partitiones,
1228 1114 1318 1150 quas
1355 1101 1505 1153 suscipit
1533 1099 1693 1151 hissoi-ia
1720 1102 1930 1143 naturalis.

380 1158 564 1198 Partitio
591 1156 789 1207 doctrinae
818 1155 866 1195 de
893 1154 1096 1208 abstraetis
1115 1157 1157 1194 in
1177 1155 1392 1195 doctrinam
1424 1154 1470 1193 de
1493 1154 1784 1208 filaematzstnis
1816 1165 1936 1197 mate-

380 1215 462 1252 riae
489 1211 536 1256 ἄρ’
556 1212 770 1252 dominam
797 1210 844 1250 de
860 1209 1036 1250 motibus.
1093 1209 1338 1264 Appendices
1361 1208 1458 1248 duae
1467 1208 1644 1263 phjstcae
1647 1210 1938 1263 speculativae,

368 1267 616 1321 problemata
661 1265 862 1306 naturalia
893 1265 1051 1318 placita
1095 1267 1341 1319 antiquorum
1373 1263 1694 1318 philosophorum.
1752 1265 1939 1315 Partitio

377 1321 664 1376 metaphystcae,
700 1322 743 1361 in
777 1320 992 1361 doctrinam
1026 1319 1073 1360 de
1094 1319 1257 1373 formis,
1296 1317 1344 1363 t&
1372 1318 1587 1358 dominam
1621 1319 1669 1359 de
1697 1319 1816 1372 caufis
1833 1320 1938 1373 fina-

378 1376 493 1417 libus.
1862 1405 1889 1416 „
1935 1407 1939 1411 .

448 1518 754 1560 ATURALIS
789 1516 1046 1571 philosophiae
1078 1528 1236 1570 partem,
1273 1529 1367 1566 quae
1401 1516 1621 1569 speculativa
1654 1518 1704 1555 est
1732 1520 1769 1557 ὅ(
1796 1519 1938 1558 theori-

475 1587 528 1621 ca,
557 1576 597 1612 in
623 1572 809 1626 physicam
833 1573 1026 1623 specialem
1051 1576 1087 1611 ὃς
1114 1571 1400 1622 metaphysicam
1422 1573 1587 1610 dividere
1615 1575 1748 1623 placer.
1803 1575 1938 1625 Atque

326 1633 369 1668 in
398 1631 465 1668 hac
490 1631 691 1680 partitione
713 1629 909 1666 attendant
937 1630 1112 1666 homines
1133 1641 1204 1665 nos
1223 1628 1449 1666 vocabulum
1467 1627 1735 1679 metapliyficae
1750 1627 1937 1682 usurpare,

324 1686 433 1723 sensu
448 1698 468 1722 a
483 1695 635 1735 recepto
652 1688 688 1722 ὅ(
702 1684 857 1733 vulgato
872 1683 1107 1735 discrepanti.
1164 1683 1234 1721 Hie
1250 1693 1374 1720 autem
1401 1683 1506 1720 locus
1527 1683 1760 1721 admonendi
1775 1686 1937 1734 videtur,

323 1741 371 1778 de
392 1739 519 1778 nostro
540 1742 579 1777 in
595 1752 745 1789 genere,
781 1741 876 1778 circa
904 1739 1012 1776 usum
1028 1739 1313 1785 vocabulorum,
1342 1736 1525 1775 instituto.
1581 1739 1622 1775 Id
1643 1738 1937 1788 hujusmodle'st,

325 1806 368 1833 ut
384 1806 462 1833 tam
478 1797 518 1832 in
538 1795 736 1847 praemisso
751 1795 938 1834 vocabulo
954 1792 1232 1843 metapliyficae,
1263 1805 1378 1842 quam
1403 1791 1442 1829 in
1466 1794 1559 1840 aliis,
1588 1793 1653 1831 ubi
1672 1796 1944 1848 conceptusff&

323 1852 504 1889 notiones
520 1850 664 1887 nostrae
685 1863 804 1887 novae
825 1849 909 1887 sunt
925 1852 961 1886 ὅ(
985 1861 1003 1885 a
1019 1850 1176 1900 receptis
1192 1849 1382 1895 recedunt,
1411 1850 1574 1885 maxima
1605 1859 1704 1886 certe
1733 1861 1819 1888 cum
1838 1849 1937 1888 '‘reli'-

324 1907 441 1956 gione
461 1907 614 1953 antiqua
629 1906 810 1943 vocabula
833 1906 1070 1941 retineamus.
1128 1904 1231 1941 Cum
1252 1906 1356 1940 enim
1383 1904 1555 1941 futurum
1577 1903 1784 1953 speremuS,
1807 1904 1936 1944 utor-

327 1961 380 1999 do
394 1961 470 2013 ipse
487 1963 523 1998 δε
542 1961 704 1998 dilucida
726 1972 853 1998 rerum
869 1960 1080 2008 explicatio,
1109 1971 1221 2008 quam
1243 1959 1466 2008 subjungere
1487 1970 1683 2006 conamur,
1711 1972 1783 1997 nos
1811 1973 1830 1998 a
1855 1973 1936 2013 pra-

328 2028 374 2054 va
394 2016 668 2054 vocabulorum
692 2013 843 2065 (quibus
866 2015 1022 2062 utimur)
1058 2013 1307 2063 intelligentia
1330 2014 1517 2054 liberent3
1546 2015 1586 2050 in
1603 2016 1754 2052 caeteris
1774 2014 1940 2055 omnino

329 2083 482 2109 avemus
511 2070 710 2119 (quatenus
750 2069 825 2108 fine
859 2069 1021 2107 veritatis
1049 2081 1091 2106 ae
1120 2069 1358 2106 scientiarum
1393 2067 1588 2118 dispendio
1616 2069 1694 2106 fieri
1717 2067 1846 2119 poffit)
1877 2073 1936 2109 vel

330 2128 536 2163 minimum
548 2126 592 2163 ab
604 2128 846 2174 antiquorum
858 2135 919 2162 aut
930 2125 1176 2174 opinionibus
1191 2136 1252 2162 aut
1268 2124 1448 2172 loquendi
1466 2135 1573 2161 more
1589 2123 1795 2162 deflectere.
1851 2126 1938 2179 Qua

330 2183 371 2218 in
387 2194 426 2219 re
441 2181 652 2218 Aristotelis
668 2181 938 2218 confidentiam
961 2180 1122 2229 proinde
1146 2179 1241 2217 subit
1258 2178 1383 2216 mirari
1399 2193 1408 2219 3
1437 2179 1501 2230 qui
1515 2180 1660 2228 impetu
1674 2180 1840 2228 quodam
1856 2194 1937 2233 per-

330 2239 424 2274 citus
445 2236 766 2282 contradictionis,
798 2238 834 2273 &
863 2236 1005 2272 bellum
1036 2235 1226 2272 universae
1250 2234 1463 2282 antiquitati
1491 2234 1673 2279 indicens,
1704 2247 1784 2272 non
1813 2235 1936 2274 solum

331 2304 431 2329 nova
451 2293 589 2328 artium
604 2291 783 2329 vocabula
800 2303 869 2341 pro
885 2289 992 2327 libitu
1012 2289 1173 2327 cudendi
1189 2291 1381 2327 licentiam
1397 2289 1584 2341 usurpavit
1602 2303 1611 2329 3
1642 2289 1702 2326 sed
1722 2291 1836 2328 etiam
1865 2293 1937 2341 pri-

334 2346 429 2383 scam
457 2359 615 2384 omnem
636 2345 852 2398 sapientiam
874 2347 1091 2394 extinguere
1112 2348 1148 2382 ὅ(
1176 2346 1300 2382 delere
1328 2343 1478 2382 annisus
1507 2343 1566 2380 est.
1623 2345 1737 2382 Adeo
1759 2356 1801 2382 ut
1815 2348 1940 2395 neque

330 2403 507 2439 nominet
527 2401 668 2453 uspiam
684 2402 860 2439 authores
874 2402 1063 2449 antiquos,
1093 2413 1216 2449 neque
1236 2401 1460 2450 dogmatum
1476 2411 1609 2436 eorum
1627 2401 1865 2438 mentionem
1881 2404 1935 2440 ul-

332 2457 403 2492 lam
425 2456 543 2502 faciat,
574 2455 638 2493 nisi
654 2469 733 2505 quo
748 2467 810 2494 aur
827 2456 1000 2493 homines
1015 2456 1286 2508 perstringeret,
1316 2465 1377 2492 aut
1401 2456 1534 2506 placita
1567 2454 1814 2504 redargueret.
1875 2458 1936 2495 Sa-

331 2523 378 2547 ne
406 2510 429 2547 si
459 2512 597 2548 famam
620 2513 772 2548 nomini
797 2511 877 2557 suo,
906 2523 949 2548 ae
973 2510 1185 2559 sequacium
1213 2512 1362 2547 turbam
1378 2509 1611 2554 affectaverit,
1640 2509 1714 2546 hoc
1729 2510 1938 2550 rationibus

330 2565 402 2601 suis
422 2567 607 2617 imprimis
627 2567 970 2603 accommodatum.
1028 2565 1223 2613 Siquidem
1245 2567 1284 2601 in
1304 2566 1458 2602 veritate
1478 2563 1736 2613 philosophica
1749 2566 1935 2606 afferenda

333 2623 370 2656 ἃ
405 2620 623 2669 recipienda,
653 2623 753 2658 idem
780 2623 982 2670 contingit,
1017 2620 1121 2668 quod
1158 2621 1198 2656 in
1225 2621 1381 2657 veritate
1408 2617 1545 2664 divina,
1589 2618 1687 2657 Veni
1717 2620 1759 2657 in
1787 2621 1937 2660 nomine

336 2672 494 2720 Patris,
511 2688 576 2711 nec
592 2677 767 2728 recipitis
783 2688 851 2722 me,
861 2673 1000 2728 st'quis
1012 2674 1168 2712 venerit
1183 2674 1224 2711 in
1239 2672 1481 2725 nomine—fite,
1503 2685 1586 2710 eum
1601 2674 1809 2725 recipietis.
1860 2677 1932 2715 Sed

332 2743 375 2766 ex
392 2730 463 2766 hoe
479 2730 622 2766 coelesti
640 2731 868 2781 aphorismo,
898 2729 921 2767 fi
937 2742 1052 2779 quem
1065 2731 1258 2779 praecipue
1278 2727 1532 2778 designaverit,
1550 2728 1754 2780 spectemus
1770 2744 1780 2771 3
1810 2730 1933 2781 (nem-

334 2797 379 2835 pe
396 2785 648 2821 antichristum
665 2789 841 2824 omnium
858 2786 1090 2823 sacculorum
1111 2785 1356 2836 impostorem
1385 2785 1607 2832 maximum)
1630 2784 1807 2833 colligere
1836 2786 1934 2834 licet,

335 2839 426 2876 istud
449 2838 580 2888 ipsum,
613 2840 752 2878 Venire
779 2842 820 2878 in
847 2841 996 2878 nomine
1015 2838 1100 2892 sim,
1128 2841 1231 2877 nulla
1251 2841 1494 2887 antiquitatis,
1524 2850 1586 2876 aut
1618 2837 1656 2886 (si
1679 2840 1730 2876 ita
1757 2841 1864 2888 loqui
1894 2845 1935 2880 li-

335 2895 406 2941 cet)
432 2896 661 2945 paternitatis
689 2896 813 2933 habita
840 2895 997 2942 ratione,
1028 2907 1107 2932 rem
1131 2896 1221 2931 mali
1242 2896 1382 2931 ominis
1400 2894 1468 2932 ess'e
1493 2894 1537 2930 ad
1553 2893 1772 2935 veritatem3
1804 2907 1941 2942 utcun-¹

333 2961 405 2997 que
425 2960 507 2985 eam
528 2948 794 3000 saepenumero
810 2952 1012 2988 comitetur
1037 2951 1101 2987 illa
1114 2949 1280 2995 fortuna,
1309 2961 1395 2986 eum
1414 2950 1608 2998 recipietis.
1671 2949 1872 2987 Caeterum
1887 2953 1934 2991 de

332 3005 415 3042 viro
429 3014 506 3042 tam
519 3005 659 3042 eximio
674 3015 786 3053 certe,
815 3007 851 3044 ὃς
866 3006 916 3044 ob
931 3017 1090 3044 acumen
1106 3003 1247 3056 ingenii
1261 3003 1436 3053 mirabili,
1465 3002 1680 3052 Aristotele,
1711 3001 1943 3043 crediderim

497 3068 538 3109 3,
1827 3061 1936 3099 facile
