2040 3439
801 132 1462 189 PRAEFATIO.

331 256 407 295 tur,
436 245 479 284 in
499 254 588 294 quas
611 239 797 284 desinunt,
825 239 864 274 δε
886 245 981 284 quae
992 240 1119 284 partus
1144 230 1275 266 locum
1299 229 1489 267 obtinent.
1550 230 1758 281 Praeterea,
1787 231 1812 271 fi
1835 234 1958 284 huius-

331 301 439 342 modi
465 299 638 339 scientiae
653 297 764 347 plane
789 304 845 329 res
866 299 1018 327 mortua
1044 297 1126 324 non
1147 284 1274 331 essent,
1303 284 1342 321 id
1367 287 1530 323 minime
1550 288 1705 326 videtur
1729 294 1957 331 eventurum

332 357 450 403 fuiss'e,
487 354 591 405 quod
621 364 685 403 per
711 349 832 386 multa
858 346 934 391 jam
960 343 1101 380 saccula
1127 339 1194 377 usu
1218 340 1344 380 Venit3
1382 350 1424 377 ut
1449 342 1536 378 illae
1566 342 1637 379 suis
1663 344 1848 383 immotae
1874 346 1954 386 fere

334 414 510 452 haereant
530 407 699 457 vestigiiS,
728 414 798 441 nce
822 402 1057 438 incrementa
1076 406 1214 446 genere
1234 394 1405 432 humano
1419 395 1532 446 digna
1555 396 1727 435 sumant:
1768 412 1815 437 eo
1839 401 1956 451 usque

336 480 378 507 ut
401 467 670 519 saepenumero
690 470 772 497 nou
795 456 918 494 solum
939 453 1087 490 assertio
1110 461 1261 487 maneat
1283 449 1442 497 assertio,
1472 451 1534 489 sed
1553 454 1667 490 etiam
1689 455 1855 502 quaestio
1878 469 1954 495 rna·

336 533 422 561 neat
443 518 619 570 quaestio,
649 518 686 553 ὃ(
706 525 771 564 per
794 507 1065 560 disputationes
1088 517 1171 543 non
1196 505 1372 552 solvatur,
1402 505 1463 542 sed
1486 506 1623 557 figatur
1639 510 1675 545 ὅ(
1700 511 1838 552 alatur3
1872 524 1956 549 om-

335 577 469 627 nisque
490 573 647 613 traditio
673 573 711 608 δε
733 562 911 605 successio
935 563 1220 615 disciplinarum
1244 560 1493 612 repraesentet
1518 564 1555 599 &
1580 563 1751 602 exhibeat
1777 566 1956 617 personas

335 631 498 676 magistr-'1
520 632 558 667 ὅ(
582 623 775 665 auditoris,
813 633 895 659 non
922 618 1135 656 inventoris
1159 616 1197 654 &
1225 615 1302 662 ejus
1327 614 1392 665 qui
1416 617 1581 655 inventis
1603 618 1744 669 aliquid
1771 621 1955 661 eximium

337 675 499 732 adjiciat.
554 685 598 721 In
617 682 758 720 artibus
778 686 905 716 autem
926 671 1166 719 mechanicis,
1195 673 1432 709 contrarium
1452 672 1602 711 evenire
1622 675 1816 713 videmus:
1845 678 1955 730 Quae

337 755 380 781 ac
402 740 428 779 st
449 751 557 778 aurae
572 736 765 782 cuiusdam
787 732 911 772 vitalis
931 730 1059 768 forent
1080 728 1290 779 participes,
1318 727 1492 775 quotidie
1507 728 1679 767 crescunt
1698 733 1735 767 &
1758 731 1957 781 perficiun-

336 809 422 839 tur3
453 799 489 834 &
513 794 552 833 in
575 794 708 846 primis
732 787 953 828 authoribus
978 784 1088 822 rudes
1111 783 1322 835 plerunque
1344 784 1380 819 ὃς
1402 781 1481 820 fere
1502 784 1686 823 onerosae
1709 788 1747 823 &
1770 787 1958 827 informes

336 862 530 906 apparent,
568 847 691 899 postea
714 857 806 884 vero
825 853 942 881 novas
961 839 1118 880 virtutes
1138 840 1176 876 ὅ(
1198 837 1518 875 commoditatem
1539 840 1730 887 quandam
1749 841 1958 893 adipiscun-

337 920 411 955 tur,
440 919 488 945 eo
511 904 627 954 usque
646 913 687 942 ut
703 903 812 939 citius
834 898 949 936 studia
964 896 1169 934 hominum
1191 895 1228 931 ὅ(
1244 892 1468 943 cupiditates
1487 893 1663 932 deficiant
1681 898 1717 933 ὅ(
1741 908 1954 948 mutentur,

335 975 451 1017 quam
471 962 557 999 illae
577 961 622 997 ad
645 959 799 996 culmen
815 956 852 992 &
873 952 1148 1005 perfectionem
1170 948 1273 986 suam
1293 950 1547 1000 pervenerint.
1602 950 1845 1002 Philosophia
1868 966 1958 993 con-

336 1021 395 1056 fra
423 1019 460 1055 δ(
488 1014 661 1054 scientiae
689 1009 970 1055 inteneetuales
1012 1005 1212 1043 statuarum
1241 1015 1363 1050 more,
1406 1004 1611 1043 adorantur
1640 1008 1677 1044 &
1707 1008 1958 1058 celebrantur,

338 1074 401 1113 sed
424 1085 505 1111 non
520 1078 819 1122 promoventur:
849 1065 944 1113 quin
968 1062 1085 1099 etiam
1107 1062 1147 1097 in
1167 1058 1295 1112 primo
1313 1071 1595 1109 nonnunquam
1611 1061 1770 1099 authore
1794 1063 1957 1104 maxime

338 1128 481 1179 vigent,
525 1130 562 1164 &
594 1126 771 1172 deinceps
801 1121 1045 1170 degenerant.
1102 1117 1206 1153 Nam
1240 1112 1435 1166 postquam
1469 1115 1645 1154 homines
1678 1116 1838 1156 dedititii
1869 1119 1957 1162 faffi

339 1182 423 1230 sint,
461 1186 498 1221 ὅ(
522 1183 561 1219 in
585 1182 695 1218 unius
718 1176 943 1215 sententiam
971 1173 1166 1219 (tanquam
1190 1170 1331 1221 pedarii
1356 1169 1558 1220 senatores)
1583 1174 1760 1220 coierint,
1798 1173 1960 1215 scientiis

338 1237 422 1290 ipsis
441 1237 735 1286 amplitudinem
761 1243 843 1268 non
865 1228 1021 1273 addunt,
1052 1226 1114 1262 sed
1140 1227 1180 1261 in
1200 1226 1310 1261 certis
1333 1225 1552 1264 authoribus
1568 1229 1749 1265 ornandis
1772 1231 1809 1267 δε
1828 1230 1960 1280 stipan-

337 1295 409 1340 dis,
439 1290 558 1330 servili
574 1287 706 1329 officio
729 1287 954 1336 funguntur.
1013 1283 1154 1329 Neque
1177 1280 1272 1317 illud
1288 1278 1417 1317 afferat
1433 1280 1616 1330 quispiam
1635 1296 1645 1323 3
1673 1284 1853 1322 Scientias
1872 1297 1960 1336 pau-

338 1349 448 1387 latim
470 1345 751 1390 succrescentes,
787 1340 943 1379 tandem
962 1337 1007 1375 ad
1028 1337 1161 1373 statum
1181 1334 1379 1384 quendam„
1395 1336 1611 1386 pervenifl'c,
1645 1340 1683 1377 ὃ(
1698 1348 1782 1378 tum
1802 1340 1961 1382 demum

338 1401 459 1454 (quasi
482 1401 666 1440 confesiis
685 1396 807 1449 spatiis
830 1394 1026 1445 legitimis)
1051 1393 1092 1429 in
1116 1391 1293 1440 operibus
1312 1393 1519 1442 paucorum
1544 1391 1645 1430 sedes
1668 1393 1755 1432 fixas
1776 1395 1960 1447 posuiffe3

338 1470 452 1508 atque
468 1457 662 1508 postquam
682 1455 738 1492 nil
754 1450 888 1489 melius
908 1447 1071 1489 inveniti
1087 1448 1268 1494 potuerit,
1296 1445 1427 1483 restare
1444 1446 1596 1490 scilieet,
1625 1459 1666 1487 ut
1687 1461 1783 1500 quae
1801 1452 1958 1492 inventa

339 1513 426 1561 fint,
464 1521 695 1550 exornentur
719 1511 756 1547 ὃς
775 1508 961 1545 colantur.
1018 1503 1150 1552 Atque
1170 1501 1382 1552 optandum
1411 1502 1567 1551 quidem
1593 1503 1693 1551 esset,
1729 1505 1821 1544 haec
1846 1509 1898 1546 ita
1924 1509 1964 1547 se

340 1568 517 1608 habuiss'e.
574 1565 728 1605 Reffius
753 1563 847 1602 illud
862 1564 900 1599 &
924 1561 1069 1599 verius;
1100 1557 1178 1596 istas
1196 1556 1439 1596 scientiarum
1460 1560 1760 1609 mancipationes
1779 1563 1835 1600 nil
1859 1565 1961 1602 aliud

340 1624 425 1671 effe,
464 1634 579 1673 quam
599 1633 680 1659 rem
701 1632 745 1658 ex
770 1627 978 1669 paucorum
999 1612 1204 1665 hominum
1233 1612 1478 1661 confidentia,
1514 1616 1553 1652 ὅ(
1576 1615 1811 1665 reliquorum
1837 1617 1962 1658 socor-

341 1680 404 1718 dia
431 1681 467 1717 &
493 1678 630 1716 inertia
656 1687 807 1714 natam:
846 1670 1042 1725 postquam
1068 1671 1173 1706 enim
1197 1667 1384 1716 scientiae,
1421 1681 1486 1719 pet
1511 1680 1633 1722 partes
1656 1670 1962 1722 d-ffigemer-foId

340 1734 428 1773 tasse
448 1734 615 1772 excultae
632 1734 670 1770 ὅ(
688 1731 864 1769 ῐῑειᾶαῖειε
887 1727 1041 1773 fuerint,
1069 1735 1155 1763 tum
1176 1724 1278 1762 forte
1301 1735 1452 1762 exortus
1472 1725 1521 1762 est
1543 1727 1692 1775 aliquis,
1720 1728 1881 1778 ingenio
1898 1742 1961 1769 au-

340 1790 412 1828 dax
431 1792 468 1828 &
487 1798 642 1840 propter
667 1785 842 1824 methodi
865 1781 1093 1832 compendia
1113 1790 1284 1830 acceptus
1308 1782 1346 1817 δε
1369 1780 1587 1828 celebratus,
1618 1783 1684 1831 qui
1706 1781 1826 1835 specie
1847 1793 1959 1825 tenus

342 1856 465 1883 artem
483 1842 741 1893 constituerit,
780 1851 907 1879 revera
931 1847 1104 1877 veterum
1132 1836 1281 1875 labores
1305 1837 1528 1888 corruperit.
1585 1837 1627 1874 Id
1652 1847 1782 1877 tamen
1806 1840 1961 1890 posteris

342 1910 496 1950 gratum
523 1899 594 1937 effe
624 1898 732 1944 solet,
773 1905 929 1946 propter
957 1892 1069 1931 usum
1096 1891 1222 1943 operis
1246 1891 1462 1941 expeditum
1492 1894 1530 1930 &
1557 1890 1811 1944 inquisitionis
1838 1892 1961 1936 nouae

341 1956 512 1994 taedium
531 1957 568 1992 ὅ(
583 1953 874 2006 impatientiam.
929 1947 1047 2001 Quod
1062 1945 1088 1984 st
1107 1947 1203 1996 quis,
1232 1946 1417 1984 consensu
1431 1947 1505 1993 jam
1527 1949 1749 1997 inveterato,
1779 1944 1962 2002 tanquam

341 2011 525 2061 temporis
548 2010 691 2056 judicio
706 2016 926 2046 moveatur3
955 2003 1041 2042 sciat
1058 2002 1094 2040 se
1116 2003 1264 2040 ratione
1279 2002 1489 2040 admodum
1512 2002 1634 2041 fallaci
1649 2004 1853 2045 &infirma
1875 2006 1958 2046 niti.

341 2067 482 2115 Neque
504 2066 611 2103 enim
630 2063 741 2101 nobis
760 2073 898 2112 magna
920 2072 964 2097 ex
989 2069 1095 2110 parte
1118 2067 1257 2095 notum
1284 2057 1345 2105 est,
1380 2058 1473 2107 quid
1498 2059 1539 2095 in
1562 2057 1724 2098 scientiis
1749 2063 1788 2099 &
1810 2060 1963 2112 artibus,

341 2122 454 2160 variis
477 2120 628 2159 saeculis
646 2121 684 2157 δ(
703 2118 813 2165 locis,
848 2115 1064 2154 innotuerit
1085 2116 1122 2151 δε
1142 2115 1183 2150 in
1205 2113 1402 2163 publicum
1429 2115 1636 2156 emanarit;
1672 2117 1799 2154 multo
1821 2118 1964 2167 minus,

341 2176 435 2225 quid
457 2188 478 2213 a
501 2173 654 2225 singulis
669 2183 858 2212 tentatum
881 2169 923 2209 fit
950 2173 986 2208 &
1002 2169 1146 2207 secreto
1171 2170 1368 2218 agitatum.
1425 2169 1552 2220 Itaque
1574 2181 1646 2207 nec
1671 2171 1856 2223 temporis
1880 2186 1963 2227 par-

344 2242 418 2279 tuS‚
447 2242 519 2269 nec
535 2231 688 2268 abortus
703 2237 830 2266 extant
846 2228 887 2264 in
906 2226 1013 2263 fastis.
1070 2226 1208 2272 Neque
1227 2222 1304 2276 ipse
1319 2222 1533 2271 consensus,
1559 2224 1713 2274 ejusque
1730 2226 1960 2268 diuturnitas

342 2287 473 2337 magni
487 2285 637 2337 prorsus
651 2282 896 2323 aestimandus
912 2281 972 2318 est.
1028 2279 1243 2327 Utcunque
1257 2279 1364 2316 enim
1378 2280 1478 2317 varia
1493 2277 1563 2317 fint
1577 2292 1713 2330 genera
1727 2282 1961 2332 politiamm,

341 2344 474 2380 unicus
497 2341 546 2379 est
568 2340 677 2379 status
705 2338 959 2384 scientiarum,
995 2334 1098 2386 isque
1122 2334 1267 2384 semper
1287 2334 1371 2381 fuit,
1406 2337 1443 2371 δ(
1466 2334 1662 2373 mansurus
1686 2334 1736 2374 est
1760 2340 1960 2389 popularis,

341 2396 473 2448 Atque
494 2396 592 2447 apud
614 2395 801 2446 populum
820 2392 1031 2445 plurimum
1054 2390 1180 2440 vigent
1201 2390 1408 2437 doetrinae,
1443 2399 1506 2427 aut
1527 2391 1787 2429 contentiosae
1812 2395 1850 2432 &
1870 2407 1962 2447 pug-

343 2463 465 2498 naces,
505 2461 570 2490 aut
597 2448 781 2503 speciosae
815 2451 852 2486 ὃ(
884 2449 1039 2487 inanes5
1083 2446 1210 2494 quales
1238 2444 1409 2482 videlicet
1443 2445 1624 2483 assensum
1658 2457 1722 2484 aut
1755 2448 1960 2498 illaqueant

342 2517 407 2544 aut
434 2507 665 2544 demulcent.
730 2506 859 2556 Itaque
887 2501 1050 2540 maxima
1079 2502 1231 2550 ingenia
1259 2500 1514 2552 proculdubio
1542 2512 1608 2552 per
1636 2499 1795 2552 singulas
1823 2515 1962 2543 aetates

345 2560 424 2600 vim
451 2561 545 2613 paffa
573 2560 681 2602 sunt3
723 2561 817 2598 dum
836 2559 907 2597 viri
935 2567 1045 2607 captu
1074 2558 1111 2593 &
1140 2555 1334 2592 intellectu
1359 2567 1441 2591 non
1470 2556 1651 2604 vulgares,
1695 2557 1818 2596 nihilo
1849 2559 1964 2600 secius

345 2616 610 2653 existimationi
640 2615 724 2654 suae
750 2613 1001 2660 consulentes,
1038 2610 1221 2659 temporis
1246 2611 1284 2646 δε
1309 2609 1565 2647 multitudinis
1588 2611 1734 2657 judicio
1762 2612 1798 2651 se
1823 2613 1961 2654 submi·

346 2670 475 2708 serint.
531 2671 795 2722 Quamobrem
818 2670 971 2707 altiores
999 2665 1348 2715 contemplationiS,
1375 2662 1400 2702 fi
1421 2664 1520 2702 forte
1537 2664 1692 2714 usquam
1720 2670 1958 2718 emicuerint‚

346 2724 579 2776 opinionum
607 2725 819 2775 vulgarium
850 2722 969 2763 ventis
1000 2720 1155 2760 subinde
1184 2718 1340 2770 agitatae
1369 2719 1454 2757 sunt
1483 2723 1519 2758 ὃ(
1548 2722 1752 2768 εκῑίηξὶεε;
1794 2725 1890 2762 adeo
1916 2737 1963 2766 ut

345 2790 507 2830 tempuS,
541 2790 721 2829 tanquam
745 2780 892 2826 fluvius,
922 2779 1017 2816 levia
1040 2779 1077 2814 ὅ(
1100 2775 1228 2813 inflata
1249 2775 1294 2812 ad
1316 2786 1385 2813 nos
1405 2776 1605 2823 devexerit,
1634 2780 1758 2826 gravia
1781 2781 1818 2817 ὃ(
1842 2779 1960 2819 solida

344 2834 577 2873 demerserit.
635 2835 741 2886 Quin
760 2838 797 2873 ὅ(
821 2836 876 2871 illi
895 2831 960 2885 ipst
975 2833 1164 2877 authores,
1194 2832 1259 2878 qui
1280 2831 1502 2867 dictaturam
1518 2833 1708 2879 quandam
1731 2834 1772 2870 in
1793 2833 1959 2874 scientiis

343 2889 567 2936 invaserunt,
603 2891 641 2926 ὅ(
666 2900 770 2926 tanta
793 2887 1022 2926 confidentia
1045 2888 1091 2924 de
1116 2885 1226 2924 rebus
1247 2888 1521 2937 pronuntiant3
1557 2897 1645 2923 cum
1665 2897 1793 2925 tamen
1814 2901 1880 2939 per
1906 2892 1961 2928 iu-

346 2946 500 2983 tervalla
518 2945 564 2982 ad
584 2943 620 2981 se
635 2944 806 2991 redeunt,
835 2945 881 2981 ad
905 2940 1160 2993 querimonias
1179 2941 1226 2978 de
1247 2940 1447 2981 subtilitate
1462 2951 1628 2987 naturae,
1658 2945 1824 2981 veritatis
1845 2945 1959 2983 reces-

348 2998 455 3049 sibus,
483 3011 610 3039 rerum
633 2998 868 3046 obscuritate,
900 2999 1089 3040 causarum
1105 2995 1374 3054 implicatione,
1403 2994 1546 3049 ingenii
1562 2995 1716 3049 humani
1744 2998 1960 3040 infirmitate

969 3074 972 3077 ’
1925 3055 1962 3094 se
