2040 3439
175 248 274 310 236

378 232 477 292 ΒΕ
514 245 679 292 Auo·
702 221 870 292 ΜΕΝ
891 224 1018 290 T'is
1055 245 1081 289 s
1111 243 1189 288 oi
1211 226 1412 288 E‘sNTl
1436 232 1606 289 Ait-‘u
1632 239 1983 300 astsLiansm

350 342 542 385 recitante,
573 339 597 377 si
622 351 742 376 unum
763 339 924 387 aliquem
946 336 1169 376 versiculum
1193 350 1273 375 non
1303 337 1514 375 admodum
1545 337 1678 376 dixerit
1708 340 1981 389 probandum,-
2020 358 2022 360 v

351 397 476 434 audias
491 396 619 432 illico:
649 388 781 442 Atque
799 395 860 431 hic
875 393 996 430 versus
1017 393 1131 443 pluris
1156 392 1249 429 milii
1278 391 1456 440 constitit,
1486 403 1599 442 quam
1625 395 1858 442 reliquorum
1880 397 1982 447 «plu-s

354 450 450 488 rimi.
509 452 613 486 Tum
646 460 739 485 vcro
766 448 882 485 alium
913 450 1128 500 quempiam
1150 448 1296 486 versum
1325 449 1497 495 adducet,
1527 447 1626 496 quafi
1654 446 1718 485 fibi
1742 449 1962 501 suspectum,

355 509 392 542 &
412 506 458 541 de
479 516 538 550 eo,
569 502 656 551 quid
678 513 796 552 putes,
826 501 1078 550 sciscitabitur,
1107 515 1222 556 quem
1245 503 1328 540 l'atis
1349 505 1464 550 norit,
1494 505 1592 540 inter
1603 504 1789 555 plurimos
1803 505 1873 541 ess'e
1894 517 1981 555 op-

356 559 507 604 timum,
538 561 575 595 &
600 557 775 595 censurae
799 557 959 595 minime
987 559 1211 596 obnoxium.
1268 559 1374 596 Ante
1397 557 1527 595 omnia
1555 570 1647 595 vcro
1668 559 1715 595 ad
1744 559 1830 606 hoc,
1859 560 1981 611 quod*
2027 575 2030 578 ·

356 626 458 652 nunc
472 614 606 662 agitur,
637 623 677 649 ut
695 612 830 650 seilicet
846 613 1035 662 specimen
1051 614 1104 651 sui
1120 612 1201 662 quis
1216 613 1299 650 edat
1315 625 1444 651 coram
1461 613 1539 650 aliis
1552 612 1701 659 illustre,
1733 616 1768 650 δε
1784 615 1840 658 jus
1856 615 1968 652 tuum

358 669 396 705 in
421 669 600 705 omnibus
625 668 793 714 retineat,
823 670 877 705 nil
908 670 1026 718 magis
1054 668 1224 706 intercise
1249 669 1388 716 judico,
1417 681 1531 717 qnam
1556 681 1605 706 ne
1629 668 1712 717 quis
1726 681 1792 720 per
1807 668 1981 707 nimiam«

360 723 461 760 suam
479 734 631 760 naturae
652 722 864 761 bonitatem
882 727 918 761 ὃ(
934 723 1163 771 suavitatem,
1194 723 1229 761 se
1251 735 1425 770 exarmet,
1455 726 1490 760 ἃ
1509 724 1654 766 iniuriis
1672 726 1706 760 S<
1723 724 1970 762 contumeliis

359 788 519 827 exponat
538 793 545 814 :
577 780 670 826 quin
686 780 812 828 potius
834 778 870 817 in
888 780 1067 816 omnibus
1093 778 1236 831 aliquos
1265 780 1383 815 animi
1413 779 1522 815 liberi
1553 781 1588 815 ὃ(
1608 777 1790 828 generosi,
1821 779 1859 816 &
1880 791 1975 817 rnon.

356 834 474 870 aculei
491 834 616 870 minus
629 846 743 882 quam
755 835 880 871 mellis
896 836 994 872 intra
1010 834 1045 871 se
1060 833 1244 884 gestantiS,
1278 832 1460 883 igniculos
1476 832 1630 871 subinde
1646 835 1806 872 emittat,
1860 835 1970 887 Qae

360 888 517 938 quidem
534 891 682 926 munita
701 888 796 926 vitae
812 892 921 936 ratio,
951 902 1025 927 una
1046 902 1132 927 cum
1153 901 1338 942 prompto
1358 891 1395 926 δε
1415 899 1547 939 parato
1565 889 1611 926 ad
1632 888 1668 926 se
1686 902 1707 926 a
1726 888 1971 937 contumeliis

357 943 629 982 vindicandum
648 943 789 990 animo,
819 943 1002 997 aliquibus
1034 957 1076 982 cx
1112 944 1305 982 accidente
1331 945 1554 994 imponitur,
1585 947 1621 982 &
1646 941 1862 982 necestitate
1882 956 1972 993 qua.—

359 1001 447 1036 dam
468 999 688 1045 inevitabili,
715 1011 871 1051 propter
892 1001 1032 1049 aliquid
1053 1000 1207 1038 infixum
1230 1002 1269 1036 in
1291 999 1448 1049 persona
1467 1009 1529 1037 ant
1559 999 1711 1037 fortuna
1739 999 1829 1041 sua}
1853 1001 1973 1047 velut}

360 1054 402 1091 fit
430 1052 469 1090 in
498 1053 746 1102 deformibus,
777 1058 812 1092 ὅ(
835 1055 966 1107 spuriis
983 1057 1248 1105 &ignominia
1263 1055 1383 1104 aliqua
1399 1056 1606 1097 mulciatis5
1635 1055 1735 1092 unde
1750 1054 1972 1101 hujusmodi

361 1107 548 1155 hemines,
578 1106 603 1145 fi
618 1111 734 1146 virtus
754 1121 836 1147 non
853 1109 955 1158 defit,
983 1111 1110 1148 felices
1123 1112 1331 1160 plerunque
1347 1111 1520 1148 evadunt.
1959 1142 1962 1144 .

418 1166 560 1216 QUOD
588 1176 680 1201 vero
703 1165 747 1201 ad
772 1165 805 1201 se
828 1166 1096 1203 declarandum
1111 1168 1266 1207 attinet3
1296 1166 1334 1203 id
1356 1167 1426 1202 alia
1446 1178 1503 1202 res
1523 1166 1690 1202 omnino
1709 1165 1758 1202 est
1782 1165 1828 1202 ab
1852 1164 1974 1202 osten—

361 1221 507 1256 tatione
523 1218 587 1266 sui,
617 1220 664 1256 de
680 1232 752 1268 qua
767 1219 939 1258 diximus.
996 1223 1135 1269 Neque
1151 1223 1255 1258 enim
1275 1221 1322 1258 ad
1342 1223 1497 1259 virtutes
1512 1231 1575 1258 aut
1589 1221 1754 1258 defectus
1768 1220 1975 1258 hominum

361 1273 543 1314 refertum
573 1273 635 1311 led
670 1275 715 1311 ad
743 1275 909 1312 afflones
940 1277 1036 1314 vitae
1065 1277 1314 1325 particulares.
1369 1277 1454 1328 Qua
1478 1277 1519 1312 in
1541 1286 1644 1327 parte
1667 1275 1762 1312 nihil
1781 1276 1976 1313 invenitur}

361 1330 480 1377 magis
501 1329 715 1378 politicum,
745 1342 859 1378 quam
891 1341 933 1368 ut
960 1331 1201 1368 mediocritas
1229 1331 1411 1380 quaedam
1433 1330 1608 1378 servetur,
1635 1331 1799 1381 prudens
1819 1330 1976 1378 &¹sana,

362 1384 403 1419 in
420 1382 520 1421 sensa
536 1386 666 1431 animi,
678 1383 774 1422 circa
794 1386 959 1423 afflones
974 1387 1223 1436 particulach
1240 1386 1456 1439 aperiendo,
1474 1397 1536 1423 aut
1551 1386 1810 1424 recondendo.
1866 1386 1974 1423 hunt

363 1437 466 1474 enim
481 1439 669 1488 profunda
690 1442 937 1488 taciturnitas,
968 1444 1005 1479 ὅ(
1020 1440 1265 1480 consiliorum
1283 1443 1500 1488 occultatio,
1530 1444 1567 1479 ὃ(
1589 1444 1620 1479 is
1643 1453 1771 1480 rerum
1796 1441 1976 1491 gerenda-

362 1504 449 1530 rum
476 1495 626 1540 modus,
657 1496 722 1543 qui
746 1497 878 1534 omnia
904 1497 1022 1534 caecis
1045 1499 1081 1534 ὃς
1111 1497 1167 1544 (ut
1195 1498 1402 1535 modernae
1431 1496 1579 1547 linguae
1599 1498 1726 1546 potius
1747 1497 1975 1546 loquuntur)

361 1548 481 1585 surdis
506 1549 645 1586 artibus
666 1551 853 1588 &mediis
874 1563 1064 1603 operatur,
1092 1564 1148 1589 res
1170 1550 1213 1590 fit
1233 1556 1271 1591 ὃς
1299 1554 1412 1599 utilis,
1443 1555 1478 1590 ὅ(
1499 1553 1704 1589 mirabilis:
1734 1561 1863 1589 tamen
1890 1563 1976 1601 non

361 1616 448 1640 raro
469 1606 607 1652 evenit,
623 1615 664 1643 ut
696 1605 814 1655 (quod
830 1605 984 1657 dicitur)
1006 1603 1256 1645 dissimulatio
1266 1620 1411 1645 errores
1425 1610 1555 1659 pariat,
1577 1609 1642 1657 qui
1657 1603 1976 1645 dissimulatmem

362 1659 485 1707 ipsum
500 1660 714 1708 illaqueant.
772 1663 877 1700 Nam
893 1663 1075 1709 videmus,
1094 1665 1196 1700 viros
1210 1661 1398 1716 politicos,
1429 1665 1591 1700 maxime
1607 1664 1787 1700 omnium
1802 1660 1977 1712 insignes,

363 1714 482 1751 libere
498 1717 534 1752 ὃ(
554 1712 872 1754 indiffimulanter
887 1718 990 1765 fines,
1020 1730 1116 1767 quos
1134 1729 1319 1771 peterent,
1347 1719 1469 1770 palam
1492 1718 1662 1767 proferre
1686 1730 1768 1755 non
1783 1717 1975 1757 dubitasse.

368 1769 431 1805 Sic
450 1770 493 1805 L.
510 1771 611 1818 Sylla
630 1771 830 1809 manifesto
848 1785 935 1824 prae
956 1773 992 1811 se
1011 1775 1112 1820 tulit,
1120 1806 1125 1817 Ζ
1127 1771 1190 1826 fi’,
1218 1785 1347 1812 omnes
1369 1771 1552 1811 mortales
1572 1771 1645 1811 vel
1647 1770 1807 1825 felices,
1835 1770 1908 1810 vel
1916 1772 1975 1810 in-

354 1820 616 1875 felices-fieri,
648 1835 793 1878 czgpere,
813 1835 935 1880 prout
950 1826 1029 1878 sthi
1047 1823 1169 1880 effint
1188 1827 1260 1867 vel
1277 1829 1397 1867 amici
1425 1826 1496 1866 vel
1522 1828 1686 1866 inimici.
1745 1829 1806 1866 Sic
1823 1827 1975 1875 Caesar,

365 1891 454 1916 cum
474 1881 642 1929 primum
664 1882 855 1932 profecitus
876 1884 925 1921 est
948 1886 988 1921 in
1014 1883 1163 1931 Gallias,
1194 1886 1248 1922 nil
1264 1886 1401 1922 veritus
1417 1883 1465 1921 est
1480 1883 1667 1934 profiteri:
1688 1881 1737 1935 fi'
1761 1880 1879 1922 malle«
1891 1882 1978 1935 prii*-

364 1945 468 1971 mum
487 1932 559 1985 effe
577 1935 620 1972 in
640 1934 744 1974 villa
761 1933 931 1989 obfium,
961 1937 1294 1992 quamsbcundum
1311 1937 1469 1977 Romae.
1528 1940 1633 1976 Idem
1662 1938 1809 1986 Caesar,
1836 1948 1979 1988 coepto

363 1989 441 2034 jam
470 1990 584 2037 bello,
604 1988 933 2043 fdiffimulatofem
968 1996 1130 2033 minime
1163 1997 1252 2045 egit,
1280 1993 1306 2032 si
1335 1995 1538 2041 audiamus,
1569 1995 1662 2044 quid
1683 1993 1823 2032 Cicero
1842 1994 1981 2032 deisllo

362 2045 562 2093 praedicet.
618 2044 741 2086 Alter
763 2045 982 2098 (Caesarem
999 2052 1174 2099 innuens)
1199 2063 1272 2088 non
1294 2048 1457 2101 recusat,
1476 2048 1555 2102 secl
1571 2047 1842 2102 quodammodo
1851 2046 1995 2101 poslw'

365 2096 438 2146 lat,
467 2107 524 2148 ut,
558 2101 621 2151 (nt
653 2099 735 2151 cst,)
752 2100 813 2153 stc
841 2102 1055 2156 appelletur
1081 2113 1280 2157 tyrannus.
1341 2104 1519 2143 Similiter
1542 2106 1726 2153 videmus,
1755 2107 1796 2142 in
1827 2105 1980 2155 epistola

366 2155 528 2203 quadam
553 2158 754 2194 Ciceronis
773 2158 818 2195 ad
833 2159 1024 2207 Atticum,
1054 2174 1167 2209 quam
1195 2163 1356 2198 minime
1382 2161 1495 2198 fuerit
1510 2161 1700 2210 Augustus
1725 2156 1981 2198 Caesar-disfi-

366 2212 558 2252 1nulator5
588 2214 653 2260 qui
685 2214 725 2250 in
754 2214 836 2263 ipso
862 2216 1022 2265 ingress'u
1044 2217 1089 2254 ad
1110 2230 1166 2253 res
1185 2217 1378 2266 gerendaS,
1409 2228 1497 2253 cum
1517 2216 1637 2253 adhuc
1659 2216 1800 2253 senatui
1830 2215 1980 2253 ess'etin

365 2265 520 2313 deliciis,
550 2266 678 2304 solitus
702 2278 830 2306 tamen
852 2281 929 2308 erat
956 2270 994 2307 in
1019 2273 1272 2310 concionibus
1287 2272 1382 2321 apud
1399 2273 1586 2323 populum
1611 2272 1731 2317 jurare
1755 2273 1818 2308 illa
1836 2271 1979 2308 formu-

366 2322 427 2357 la:
456 2323 510 2358 lta
530 2324 692 2371 parentis
714 2323 879 2362 honores
893 2326 1075 2376 consequi
1091 2329 1211 2365 liceat.
1268 2328 1363 2365 Illud
1389 2338 1517 2364 autem
1541 2339 1623 2364 non
1648 2329 1775 2364 minus
1798 2327 1982 2376 quiddam

368 2386 455 2423 crat,
486 2389 599 2426 quam
615 2378 691 2428 ipsa
709 2382 890 2427 tyrannis.
947 2384 1093 2420 Verum
1107 2383 1167 2429 est,
1197 2383 1242 2420 ad
1259 2383 1440 2421 invidiam
1460 2383 1653 2431 paululum
1670 2381 1898 2429 leniendam,
1927 2381 1982 2419 so-

366 2432 478 2468 litum
496 2446 584 2470 eum
605 2431 712 2471 simul
727 2435 773 2472 ad
787 2436 940 2474 statuam
961 2437 1047 2486 Iulii
1065 2437 1246 2485 Caesaris,
1276 2440 1426 2487 quaein
1443 2437 1560 2474 rostris
1575 2436 1690 2489 posita
1706 2448 1794 2483 erat,
1822 2449 1981 2475 manum
2027 2439 2030 2442 ’

368 2488 606 2533 protendere.
662 2489 848 2528 Homines
870 2485 997 2530 autem
1018 2494 1202 2541 ridebant,
1234 2497 1269 2531 &
1293 2494 1531 2546 plaudebant,
1562 2496 1598 2530 e<
1623 2493 1916 2540 admirabantur,
1945 2495 1986 2531 δε

369 2540 465 2577 inter
482 2542 515 2579 se
532 2545 582 2580 ita
598 2545 868 2593 loquebantur:
898 2547 999 2600 Quid
1025 2549 1097 2586 hoc
1122 2548 1193 2586 cst?
1221 2550 1353 2601 Qualis
1373 2547 1613 2585 adolescens?
1646 2549 1718 2585 Sed
1736 2559 1865 2586 tamen
1887 2548 1981 2586 nihil

367 2597 531 2634 malitiae
553 2601 592 2636 in
622 2612 670 2636 eo
690 2600 978 2652 stispicabantur,
1007 2603 1069 2655 qui
1102 2615 1179 2641 tam
1210 2604 1367 2641 candide
1397 2605 1433 2639 &
1465 2604 1641 2651 ingenue,
1671 2605 1776 2652 quod
1814 2603 1981 2650 sentiret,

369 2650 598 2708 loqueretur.
657 2656 955 2708 Etistiquidcm,
986 2670 1082 2707 quos
1105 2658 1400 2704 nominavimus,
1430 2658 1605 2709 prospera
1630 2658 1760 2696 omnia
1788 2659 1983 2697 consecuti

371 2706 476 2741 lunt:
508 2708 708 2758 Pompeius
724 2723 869 2759 contra,
899 2715 964 2762 qui
981 2715 1025 2751 ad
1042 2714 1194 2751 eosdem
1210 2715 1387 2752 tendebat
1403 2713 1505 2759 fineS,
1539 2712 1598 2749 scd
1613 2715 1682 2750 viis
1699 2717 1816 2764 magis
1828 2715 1984 2752 umbro-

370 2757 413 2795 fis
430 2762 465 2796 ὃ(
480 2762 656 2811 obtem-is,
688 2765 796 2814 (licut
816 2769 968 2806 Tacitus
988 2771 1034 2806 de
1056 2782 1103 2806 eo
1127 2771 1309 2818 loquitur,
1342 2767 1556 2811 Occzsstf'er,
1588 2781 1661 2806 mn
1682 2768 1840 2807 melior:
1869 2780 1982 2818 atque

373 2815 558 2854 Sallustius
592 2817 760 2858 similiter
794 2824 898 2860 idem
928 2822 1128 2871 insimulat,
1161 2825 1241 2863 Ore
1264 2823 1395 2877 probo,
1439 2824 1566 2861 ammo
1596 2822 1897 2874 iaverecmzd0.·)
1942 2824 1982 2863 id

371 2869 519 2931 prorsus
539 2874 681 2921 agebat,
713 2879 747 2913 S<
769 2878 976 2916 innumeris
991 2880 1136 2917 technis
1152 2880 1392 2926 moliebatur,
1423 2891 1464 2917 ut
1479 2878 1701 2929 cupiditates
1719 2880 1796 2916 suas
1812 2882 1849 2917 &
1864 2880 1981 2918 ambi-

372 2933 520 2962 tionem
536 2929 609 2964 alte
626 2933 882 2979 recondendo,
913 2936 1067 2972 interim
1084 2937 1356 2984 rempublicam
1372 2938 1411 2972 in
1429 2933 1644 2971 anarcbiam
1662 2938 1698 2972 δε
1718 2933 1983 2973 confussonem

372 2980 571 3029 redigeret,
600 2996 678 3031 quo
707 2987 769 3022 illa
798 2988 833 3025 se
857 2990 1059 3027 necessario
1088 2993 1128 3028 in
1154 2990 1250 3028 finus
1272 2992 1348 3031 eius
1368 2991 1602 3036 conjiceretz
1632 3000 1741 3040 atque
1771 2990 1845 3027 hoe
1872 2991 1985 3042 pasto

371 3033 517 3073 summa
537 3049 661 3074 rerum
681 3040 725 3075 ad
742 3054 828 3077 eum
847 3044 1064 3089 deferretur,
1095 3044 1193 3094 quasi
1214 3048 1375 3083 invitum
1401 3048 1437 3082 ὅ(
1464 3044 1706 3081 renitentem.
1766 3046 1869 3083 Cum
1891 3058 1984 3084 vero

367 3087 442 3128 hoe
462 3090 498 3129 sc
516 3103 662 3143 putaret
682 3095 973 3146 constquurum,
1002 3100 1118 3140 factus
1140 3102 1271 3142 consul
1301 3101 1401 3140 solus
1432 3098 1549 3151 (quod
1593 3111 1789 3150 nunquam
1810 3103 1986 3150 cuiquam

1751 3159 1977 3210 contigiss'et)

1965 3278 1978 3289 ς

1962 3312 1963 3315 ,
1967 3296 1978 3312 7
