2040 3439
84 201 94 212 a.
306 209 310 215 ,
336 209 343 216 ⁴
377 211 384 215 ,
468 207 475 213 .
562 209 564 212 .
662 197 669 211 r
718 210 722 215 ,
772 210 779 215 ,
855 196 857 198 ·
935 195 937 199 ’
997 209 1004 213 ,
1164 192 1170 215 ζ

79 209 260 282 ’(ἶὲΡ.ΙῘ.
298 216 396 263 DE
446 215 943 264 AUGMENTIS
990 214 1602 266 SCIENTIARUM.

78 316 169 354 haec
190 317 303 354 etiam
325 311 559 365 impreffioni
574 316 615 353 in
637 307 787 362 chartis,
814 313 886 353 five
913 315 983 352 arti
1003 305 1305 366 typographicae,
1333 307 1433 354 viam
1455 316 1682 356 monstravitss

74 372 187 412 Item,
215 370 263 408 sal
285 372 324 408 in
359 371 578 419 coquinaria
606 381 734 407 earnes
766 370 912 416 condit,
944 369 1059 418 idque
1078 368 1211 407 melius
1226 371 1375 419 liyeme,
1403 383 1517 421 quarn
1537 371 1679 411 aestate.

71 425 223 463 'Annon
242 425 318 463 hoc
340 426 386 462 ad
397 425 534 478 ‘balnea
554 424 696 463 utiliter
711 425 903 462 transferri
928 420 1055 475 possit,
1090 435 1300 473 eorumque
1323 436 1679 477 temperamentum,

72 481 230 529 'quando
264 492 359 532 opus
390 479 516 527 fuerit,
553 481 614 517 vel
650 480 951 532 imprimendum
983 480 1043 517 vel
1081 479 1362 518 extrahendum.
1418 483 1526 533 Item,
1557 483 1605 520 sal
1637 485 1680 521 in

71 545 219 585 nupero
246 533 519 584 experimento,
558 534 606 572 de
634 535 997 584 conglaciationibus
1028 534 1290 582 artificialibus,
1325 543 1478 586 magnas
1507 540 1602 576 vires
1631 540 1677 576 ad

74 590 389 640 ‘condensandum
418 589 594 627 obtinere
615 591 821 641 reperitur:
849 594 978 627 annon
988 585 1103 640 poflit
1118 589 1192 626 hoc
1211 591 1402 628 transferri
1419 593 1462 630 ad
1478 593 1677 631 condensa-

71 645 198 683 tiones
223 644 496 695 metallorum:
526 651 613 681 cum
641 645 865 696 jampridem
895 654 1033 682 notum
1057 642 1109 689 fit,
1141 656 1252 692 aquas
1266 645 1394 693 fortes,
1424 660 1466 685 ex
1478 651 1676 687 nonnullis

70 698 206 737 salibus
233 696 470 751 compofitaS,
499 699 660 745 dejicere
679 701 716 737 ὅ(
743 701 984 749 praecipitare
1006 700 1175 735 arenulas
1194 700 1285 746 auri,
1315 713 1358 737 ex
1373 704 1533 740 metallis
1548 705 1678 753 aliqui-

71 754 152 802 bus,
181 766 274 793 auro
289 754 370 805 ipso
384 756 512 792 minus
526 752 643 791 densis
663 756 674 790 ἓ
702 755 797 791 Item
812 756 982 805 pictoria,
1012 751 1174 802 imagine
1189 756 1413 792 memoriam
1431 759 1482 794 rei
1500 770 1676 798 renovat:

69 820 202 847 annon
221 809 297 847 hoc
317 809 528 846 tradustum
549 809 653 846 estin
677 813 796 846 artem¹
820 816 916 849 earn,
946 819 1060 857 quam
1083 818 1233 855 vocant,
1264 813 1498 849 memoriae?
1535 815 1595 850 De
1619 815 1678 852 his

69 864 109 902 in
120 876 255 914 genere
269 865 465 901 monitum
479 861 544 904 sst3
573 864 689 916 Quod
706 865 801 901 nihil
816 863 861 900 ad
875 862 1035 899 imbrem
1048 863 1238 910 quendam
1254 865 1499 903 inventorum
1513 870 1677 915 utilium,

69 919 356 967 eorundemque
371 930 576 965 novorum,
605 920 721 957 veluti
738 917 896 956 coelitus
910 917 1186 966 deducendum,
1216 923 1367 955 tantum
1396 922 1517 958 valere
1549 920 1675 972 poffit,

69 978 267 1023 quantum,
295 971 322 1010 fi
341 975 594 1026 experimenta
622 974 879 1025 complurium
909 971 1045 1010 artium
1068 972 1385 1020 mechanicarum,
1415 974 1480 1012 uni
1507 976 1673 1026 homini,

67 1035 131 1067 aut
150 1027 285 1080 paucis,
314 1030 379 1078 qui
408 1028 444 1065 se
473 1027 634 1066 invicem
661 1027 860 1080 colloquiis
883 1034 1012 1065 acuere
1032 1024 1186 1079 possinr,
1216 1025 1255 1064 in
1280 1026 1454 1066 notitiam
1482 1035 1675 1072 venerint:

69 1094 111 1122 ut
130 1095 197 1136 per
223 1083 330 1131 hanc,
359 1095 485 1136 quam*
506 1084 678 1130 dicimus,
708 1085 1054 1133 experimentorum
1080 1081 1377 1130 transsationem,
1406 1096 1502 1123 artes
1530 1086 1566 1124 sc
1594 1101 1676 1127 mu-

67 1139 138 1177 tuo=
154 1139 294 1186 fo'vere,
324 1140 490 1177 &veluti
515 1138 790 1176 commixtione
820 1139 1024 1184 radiorum,
1054 1137 1259 1188 accendere
1283 1135 1437 1187 possin't.
1493 1142 1674 1194 Quamvis

68 1193 172 1232 enim
193 1192 249 1231 via
269 1195 460 1232 rationalis
478 1200 544 1243 per
560 1206 747 1243 organum
764 1196 879 1243 longe
896 1194 1040 1237 majora
1055 1192 1235 1242 spondeat
1254 1207 1260 1228 :
1291 1203 1456 1232 attamen
1472 1196 1561 1234 haec
1580 1198 1675 1242 saga-

65 1250 168 1296 citas,
197 1261 264 1301 per
287 1251 556 1299 experientiam
585 1245 782 1295 literatam,
811 1250 972 1300 plurima
994 1249 1147 1284 interim
1164 1260 1206 1283 cx
1232 1247 1285 1294 iis,
1314 1260 1406 1296 quae
1429 1250 1467 1287 in
1496 1244 1674 1302 proximo

61 1303 164 1352 sunt,
192 1306 233 1341 in
252 1316 369 1353 genus
383 1304 607 1351 humanum,
621 1314 800 1353 tanquam
822 1299 971 1340 miffilia
990 1303 1085 1352 apud
1100 1301 1272 1351 antiquos
1287 1303 1475 1352 donativa,
1504 1307 1676 1356 projiciet

59 1361 103 1398 ¹&
132 1359 286 1410 sparget.
346 1358 513 1408 Superest
550 1360 612 1396 illa
648 1359 846 1396 transsatio
882 1359 928 1395 de
956 1368 1061 1409 parte
1093 1359 1184 1393 artis
1213 1359 1254 1394 in
1287 1369 1431 1407 partem
1462 1361 1672 1406 diversam3

63 1427 159 1463 quae
189 1425 319 1464 parum
344 1412 472 1451 differt
498 1426 519 1450 a
544 1413 787 1452 transsatione
807 1413 853 1450 de
867 1418 946 1450 arte
962 1414 1001 1449 in
1028 1423 1168 1449 artem:
1198 1414 1343 1450 Verum
1359 1416 1445 1462 qu'ia
1465 1428 1560 1454 artes
1575 1431 1672 1457 non-

63 1470 190 1507 nullae
213 1469 327 1520 spatia
346 1475 482 1517 magna
502 1480 699 1518 occupant,
728 1479 769 1506 ut
785 1469 898 1506 ctiam
913 1466 1199 1505 translationem
1215 1466 1558 1518 experimentorum
1574 1473 1673 1512 ferre

60 1525 162 1562 intra
182 1523 218 1561 se
232 1523 323 1573 ipsas
343 1519 496 1572 possInt,
525 1523 622 1561 h'ane
636 1526 750 1561 ctiam
766 1522 925 1573 speciem
948 1521 1203 1559 transsationis
1224 1522 1444 1572 subjungere
1460 1526 1580 1563 visum
1601 1529 1671 1566 est:

59 1579 276 1631 Praecipue,
304 1579 392 1629 quia
420 1580 548 1628 magni
576 1578 726 1629 prorsus
749 1579 797 1616 est
820 1579 861 1615 in
885 1578 1072 1615 nonnulla
1100 1582 1177 1614 arte
1202 1578 1400 1615 momenti.
1458 1581 1673 1621 Plurimum

63 1635 169 1672 enim
197 1633 244 1671 ad
273 1643 391 1670 artem
417 1632 623 1670 medicinae
639 1632 940 1683 amplificandam
959 1632 1157 1681 profuerit,
1187 1629 1214 1668 si
1228 1634 1480 1681 experimenta
1504 1639 1615 1685 partis
1632 1640 1674 1676 il-

60 1689 139 1728 lius
149 1689 358 1726 medicinae
373 1688 420 1725 de
437 1687 687 1726 curationibus
702 1689 931 1726 morborum
952 1688 996 1724 ad
1016 1697 1137 1738 partes
1158 1688 1239 1723 illas
1265 1688 1312 1723 de
1337 1690 1474 1727 tuenda
1504 1691 1672 1741 sanitate,

59 1745 103 1782 δε
123 1744 420 1797 prolongatione
434 1744 543 1791 vitae,
570 1744 851 1781 transferantur.
911 1742 949 1781 si
968 1742 1070 1780 enim
1085 1743 1256 1792 opiatum
1272 1744 1426 1791 aliquod
1442 1744 1596 1795 insigne,
1625 1751 1672 1786 ad

61 1797 270 1851 spirituum,
286 1798 325 1836 in
340 1799 480 1836 morbo
493 1799 688 1851 pestilenti,
713 1799 953 1850 furibundam
969 1796 1227 1850 incensionem
1244 1800 1534 1848 reprimendam,
1566 1803 1672 1840 luffe-

56 1852 180 1895 cerit3
208 1866 291 1892 non
307 1852 452 1891 dubitet
474 1853 669 1903 quispiam,
698 1855 790 1902 quin
807 1851 925 1891 simile
940 1853 1106 1902 aliquod,
1135 1853 1259 1890 debita
1287 1852 1364 1889 doli
1389 1854 1568 1894 familiare
1592 1860 1669 1895 red-

60 1909 195 1956 ditum,
232 1911 345 1947 etiam
368 1907 624 1946 incensionem
640 1921 723 1946 earn
737 1908 969 1958 gliscentem,
1006 1911 1042 1945 δε
1068 1909 1326 1957 obrepentem,
1364 1921 1457 1956 quae
1483 1923 1548 1959 per
1577 1917 1671 1949 aeta-

57 1976 143 2003 'tem
164 1963 220 2012 fit,
249 1965 373 2013 aliqua
395 1976 438 2001 ex
458 1974 560 2015 parte
581 1964 748 2002 fraenare
771 1966 808 2002 ὅ(
828 1964 1014 2003 retardare
1036 1959 1161 2013 polilt.
1219 1963 1351 2012 Atque
1365 1965 1411 2000 de
1427 1965 1670 2005 transsatione

62 2018 307 2072 experimenti
336 2019 522 2056 haetenus.

114 2076 129 2113 Ι
136 2082 232 2113 ΝνΕ
243 2085 294 2112 Rs
305 2085 353 2111 10
378 2073 624 2126 experimenti
640 2073 693 2121 fit,
722 2087 809 2112 eum
831 2076 1063 2113 eontrarium
1086 2074 1162 2119 ejus
1178 2073 1282 2122 quod
1304 2075 1564 2125 experimento
1580 2089 1669 2114 con-

58 2129 136 2176 stat,
165 2131 355 2180 probatur.
381 2177 385 2180 .
411 2130 582 2179 Exempli
596 2131 733 2179 gratia:
763 2129 925 2167 calidum
941 2143 1005 2180 per
1021 2130 1164 2180 specula
1180 2129 1413 2165 intenditur:
1444 2143 1536 2166 num
1553 2134 1667 2169 etiam

58 2184 259 2234 frigidum?
289 2185 397 2229 Item,
426 2185 590 2222 calidum
620 2185 655 2221 se
684 2184 949 2232 diffundendo,
980 2186 1097 2223 fertur
1122 2195 1250 2221 tamen
1274 2185 1400 2232 potius
1430 2184 1467 2221 in
1498 2185 1667 2224 surium:

59 2251 153 2277 num
170 2241 283 2276 etiam
303 2239 485 2288 frigidum
502 2239 537 2276 se
554 2238 821 2287 diffundendo,
851 2240 969 2277 fertur
984 2239 1100 2290 magis
1114 2238 1153 2275 in
1169 2239 1344 2275 deorlum
1362 2242 1372 2273 ἓ
1402 2240 1571 2291 Exempli
1587 2255 1666 2290 gra-

56 2297 118 2341 tia,
159 2293 313 2344 accipias
345 2293 521 2331 bacillum
550 2294 726 2341 ferreum,
767 2293 933 2343 illudque
957 2294 1096 2331 inuno
1118 2294 1192 2330 fine
1223 2292 1408 2329 calefac-ias
1425 2308 1434 2334 3
1465 2298 1499 2331 ἃ
1528 2297 1666 2333 deinde

57 2352 174 2400 erigas
193 2350 345 2396 ferrum,
374 2359 479 2400 parte
499 2349 672 2387 calefacta
692 2348 816 2386 subtus
840 2351 987 2389 locata;
1017 2351 1056 2385 in
1078 2349 1266 2397 superiore
1291 2358 1393 2396 parte
1415 2360 1529 2386 manu
1553 2363 1664 2403 appo—

57 2403 133 2452 fi'ta,
161 2405 327 2442 actutum
354 2416 510 2441 manum
525 2400 655 2441 aduret
665 2418 676 2446 3
706 2413 807 2454 parte
836 2414 961 2441 autem
991 2403 1162 2440 calefacta
1188 2402 1293 2451 supra
1322 2404 1454 2450 locata,
1486 2407 1522 2441 ὃ(
1551 2417 1666 2445 manu

60 2460 198 2506 subtuS,
227 2459 353 2497 multo
381 2460 520 2496 tardius
548 2460 693 2496 aduren
747 2461 856 2498 Num
884 2458 1008 2505 etiam,
1038 2456 1063 2495 fi
1087 2469 1213 2495 totum
1241 2458 1417 2494 bacillum
1447 2460 1599 2507 calefiat,
1630 2465 1667 2500 <Sc

53 2515 142 2552 fi'ni's
166 2515 259 2552 alter
288 2516 386 2560 nive,
415 2515 473 2551 vel
500 2513 666 2566 spongia,
697 2515 738 2551 i‘n
767 2526 860 2563 aqua
893 2513 1026 2563 frigida
1055 2514 1181 2557 tinsta,
1211 2511 1407 2549 madefiat:
1451 2515 1488 2550 Si
1513 2517 1575 2551 nix
1604 2528 1667 2554 aut

56 2569 210 2622 spongia
231 2569 393 2619 superius
409 2570 566 2616 locetur,
596 2581 691 2607 num
720 2567 904 2620 (inquam)
926 2569 1042 2617 frigus
1063 2568 1237 2605 deoriiim
1254 2568 1379 2604 mittet
1396 2570 1515 2616 citius,
1551 2583 1664 2618 quam

52 2623 211 2663 'inferius
232 2626 365 2671 locata,
394 2623 565 2661 sursum?
594 2626 703 2672 Item,
731 2624 823 2661 radii
851 2624 938 2661 solis
967 2624 1072 2673 supra
1098 2624 1226 2659 album
1250 2617 1446 2669 dissiliunt,
1477 2624 1580 2676 supra
1611 2630 1665 2663 ni-

58 2691 169 2730 grum
185 2688 489 2729 congregantur:
518 2689 612 2716 num
642 2678 754 2716 etiam
780 2680 933 2716 umbrae
950 2678 1056 2730 super
1082 2677 1232 2726 nigrum
1253 2675 1527 2726 disperduntur,
1561 2681 1664 2732 super

57 2735 185 2773 album
202 2737 480 2784 congregantur
496 2736 506 2768 ?
535 2734 575 2771 Id
591 2736 697 2783 quod
712 2735 752 2771 in
769 2735 859 2771 loco
874 2733 1088 2779 tenebroso,
1120 2733 1199 2770 luce
1215 2743 1279 2783 per
1297 2732 1467 2769 foramen
1487 2736 1663 2784 exiguum

56 2793 206 2828 tantum
222 2789 392 2835 immiss'a,
420 2788 503 2825 fieri
521 2789 703 2835 videmus,
733 2787 801 2826 ubi'
825 2790 1006 2838 imagines
1027 2799 1162 2833 rerum,
1193 2799 1286 2834 quae
1304 2786 1403 2824 foras
1430 2787 1526 2836 sunt,
1558 2789 1662 2840 super

52 2856 252 2896 papyrum,
293 2856 385 2893 quae
411 2844 491 2880 alba
520 2844 579 2889 cst,
616 2845 863 2895 excipiuntur,
903 2844 1008 2895 super
1036 2842 1181 2891 nigram
1206 2842 1377 2878 minime.
1435 2845 1541 2890 Item,
1572 2859 1663 2882 vena

57 2899 196 2938 frontis
219 2900 265 2936 ad
285 2899 460 2936 dolorem
478 2898 771 2936 hemicranicum
788 2897 963 2935 inciditur
982 2912 989 2933 :
1021 2909 1112 2934 num
1129 2895 1240 2933 etiam
1264 2897 1538 2936 hemicranium
1562 2899 1662 2937 scari-

57 2954 185 2992 ficatur
206 2955 251 2991 ad
274 2953 401 2991 sodam
418 2956 428 2987 ?
457 2953 586 3001 Atque
602 2954 648 2990 de
664 2946 872 2990 inversione
888 2953 1133 3002 experimenti
1149 2952 1334 2989 hactenus.

117 3009 412 3046 COMPULSIO
445 3010 692 3057 experimenti
732 3007 785 3053 fit,
823 3008 887 3044 ubi
925 3017 1076 3057 urgetur
1108 3009 1145 3044 ὅ(
1178 3007 1398 3056 producitur
1435 3008 1663 3058 experimen-

60 3073 156 3110 tum,
185 3064 230 3100 ad
252 3063 564 3101 annihilationem
586 3064 643 3103 vel
672 3063 925 3114 privationem
941 3064 1110 3102 virtutis:
1139 3064 1180 3101 in
1203 3063 1355 3112 reliquis
1378 3065 1481 3100 enim
1499 3066 1665 3101 venatio-

58 3120 64 3128 *
112 3121 220 3157 Vor.
253 3119 278 3162 Ι,
833 3119 869 3155 Τ
1544 3120 1667 3167 nibus,

57 3236 93 3282 ιυ

1726 213 1818 283 145?
