2040 3439
39 248 233 320 ‘LibJIL
460 263 757 319 NoVUM
829 245 1269 320 o'RGAN‘UM.

44 367 48 370 ’
104 364 195 401 Lm
205 374 232 400 A
242 374 267 400 T
279 373 294 399 1
305 373 331 399 ο
357 373 449 400 vero
471 373 598 400 motus
610 364 912 414 congregationis
934 365 1104 409 minoris,
1133 376 1226 413 quac
1241 363 1283 401 fit
1297 375 1363 414 per
1379 363 1552 405 fraenum
1573 372 1654 405 cor-

46 419 152 473 poris
178 418 422 464 dominantis,
451 418 678 469 conspicitur
695 421 734 455 in
751 419 940 456 solutione
966 418 1153 468 sanguinis
1169 422 1202 455 6<
1221 420 1414 457 urinarum
1438 433 1502 472 per
1526 423 1650 472 frigus.

50 473 242 524 Qamdiu
265 473 373 510 enirn*
397 474 536 524 repleta
559 472 694 510 fuerint
717 486 876 523 corpora
891 475 954 510 illa
976 473 1103 523 spiritu
1122 473 1221 523 agili,
1249 475 1312 525 qui
1332 473 1489 525 singulas
1519 490 1651 514 eorum

49 527 169 581 partes
206 527 457 576 cujuscunque
486 528 644 577 generis,
684 528 758 578 ipse
791 540 831 566 ut
863 529 1042 566 dominus
1075 530 1192 566 totius
1225 529 1373 567 ordinat
1409 533 1445 568 &
1475 533 1650 574 cohibct3

49 583 195 622 'tamdiu
210 594 290 620 non
303 584 440 619 coe'unt
457 582 704 632 heterogcnea
729 594 881 635 propter
896 583 1084 622 fraenum:
1116 582 1176 620 sed
1191 583 1383 635 postquam
1418 585 1480 624 ille
1504 587 1652 639 spiritus

54 638 319 687 evaporaverit,
348 648 409 674 aut
430 636 629 675 suffocatus
654 638 763 676 fuerit
790 651 854 688 per
877 639 1005 687 frigus,
1033 649 1116 676 tum
1146 637 1287 676 solutae
1315 650 1433 690 partes
1459 655 1480 678 a
1507 642 1652 689 fraeno,

53 694 193 731 co'e'unt
209 691 413 729 secundum
433 691 652 729 desiderium
674 693 779 730 suum
801 695 976 730 naturale.
1032 694 1163 740 Atque
1183 691 1268 730 ideo
1282 693 1336 740 fit,
1365 706 1407 732 ut
1423 698 1554 733 omnia
1573 709 1656 734 cor-

52 755 157 799 pora,
185 758 279 798 quae
292 748 492 784 continent
510 748 679 797 spiritum
694 759 830 794 acrem,
861 749 915 795 (ut
937 747 1036 794 sales,
1066 747 1340 796 &hujusmodi)
1370 750 1506 788 durent
1522 754 1651 789 &non

54 802 258 849 solvantur,
288 802 339 839 ob
361 801 531 839 fraenum
560 814 782 852 permanens
811 806 846 841 ἃ
870 802 1037 840 durabile
1066 801 1208 851 spiritus
1228 803 1456 842 dominantis
1482 809 1518 843 ὃς
1539 808 1655 856 impe-

55 855 152 908 riost.

98 913 273 951 'LIGAT
288 922 339 948 10
371 921 460 948 vero
490 922 615 949 motus
639 911 940 962 congregationis
959 912 1132 958 minem,
1160 924 1254 963 quae
1273 912 1314 950 fit
1333 926 1398 964 per
1421 925 1573 953 motum
1598 928 1653 952 cx-

57 976 222 1014 ternum,
250 964 410 1003 maxime
443 966 667 1017 conspicitur
700 968 741 1004 in
768 965 1031 1017 agitationibus
1050 978 1270 1016 corporum,
1298 981 1364 1017 per
1392 982 1481 1020 quas
1511 980 1656 1007 arcetur

56 1021 289 1074 putrefactio.
345 1021 485 1059 Omnis
501 1024 604 1059 enim
619 1022 840 1074 putrefacftio
855 1017 1032 1060 fundatur
1053 1022 1093 1058 in
1114 1025 1408 1071 congregatione
1423 1025 1656 1075 homogenc-

56 1076 187 1118 drum3
216 1076 315 1113 unde
338 1076 518 1124 paulatim
537 1077 578 1114 fit
594 1077 788 1128 corruptio
810 1076 942 1128 prioris
972 1076 1105 1126 (quam
1130 1080 1280 1126 vocant)
1309 1078 1466 1126 formae,
1496 1082 1531 1117 &
1547 1092 1657 1130 gene-

57 1134 155 1170 ratio
177 1143 306 1169 novae.
364 1132 467 1169 Nam
487 1132 811 1182 putrefactionem,
840 1145 933 1184 quae
952 1131 1078 1169 sternit
1099 1132 1196 1170 viam
1217 1133 1262 1169 ad
1281 1136 1567 1183 generationem
1590 1147 1658 1173 no-

57 1198 125 1225 vae
138 1187 296 1234 formae,
324 1187 511 1238 praecedit
535 1187 676 1225 solutio
695 1191 844 1229 veteris;
874 1200 968 1236 quae
983 1187 1031 1224 est
1053 1186 1128 1236 ipsa
1153 1188 1273 1224 coitio
1294 1188 1340 1226 ad
1365 1189 1656 1239 homogeneam.·

59 1243 113 1282 Ea
128 1252 221 1282 vero
243 1239 269 1277 si
284 1253 365 1278 non
391 1242 570 1294 impedita
594 1243 716 1291 fuerit,
744 1243 785 1281 fit
811 1241 950 1280 solutio
969 1240 1138 1294 fimplex3
1167 1240 1220 1279 fin
1235 1255 1431 1282 occurrant
1450 1244 1545 1282 varia
1563 1257 1659 1297 quae

59 1297 218 1343 obstant,
247 1295 452 1345 sequuntur
467 1297 762 1347 purrefaffimes,
792 1297 985 1347 quaesunt
1009 1295 1219 1334 rudimenta
1247 1297 1497 1346 generationis
1524 1312 1657 1337 novae.

62 1354 180 1406 Quod
195 1351 221 1390 si
250 1351 302 1398 (id
321 1352 424 1399 quod
439 1364 542 1390 nunc
564 1352 700 1402 agitur)
729 1353 791 1390 fiat
819 1351 969 1402 agitatio
985 1352 1159 1401 frequens
1186 1363 1250 1400 per
1270 1363 1423 1391 motum
1443 1364 1660 1396 externum;

61 1418 146 1446 turn
165 1419 255 1446 vero
270 1417 395 1444 motus
411 1406 471 1444 iste
490 1406 664 1445 coitionis
692 1406 772 1458 (qui
791 1408 840 1445 est
854 1407 1029 1445 delicatus
1049 1409 1086 1444 &
1098 1408 1237 1453 mollis,
1267 1409 1304 1444 &
1319 1407 1460 1457 indiget
1475 1411 1600 1457 quiete
1614 1410 1661 1447 ab

62 1462 236 1508 externis)
267 1460 486 1499 disturbatur
517 1465 552 1515 ὅς
582 1464 708 1504 cefl'at3
738 1474 778 1501 ut
806 1463 886 1500 fieri
914 1461 1137 1501 videmusin
1160 1462 1384 1499 innumeris:
1413 1464 1541 1510 veluti,
1570 1476 1660 1502 cum

63 1518 286 1567 quotidiana
313 1516 465 1566 agitatio
493 1527 554 1554 aut
574 1518 800 1570 profluentia
828 1529 941 1569 aquae
967 1527 1088 1554 arceat
1122 1517 1449 1566 putrefactionem
1479 1521 1581 1555 venti
1608 1531 1662 1555 ar-

63 1576 172 1613 ceant
191 1571 434 1623 pestilentiam
458 1574 570 1616 aei-iffi
600 1586 713 1623 grana
737 1575 776 1610 in
801 1573 979 1622 granariis
1008 1571 1108 1609 versa
1132 1574 1169 1608 δε
1191 1574 1326 1621 agitata
1349 1583 1525 1610 maneant
1551 1585 1664 1625 pura3

65 1630 197 1667 omnia
210 1625 372 1675 denique
386 1626 519 1676 agitata
534 1630 691 1666 exterius
714 1640 794 1665 non
810 1628 916 1664 facile
931 1627 1127 1678 putrefiant
1143 1626 1309 1665 interius.

121 1684 218 1722 Sup
229 1685 290 1719 ER
302 1693 352 1719 Es
364 1694 388 1719 T
419 1692 459 1719 ut
476 1695 555 1719 non
567 1685 764 1720 omittatur
774 1681 892 1719 coitio
901 1681 963 1719 illa
974 1683 1139 1731 partium
1155 1694 1371 1734 corporum,
1400 1682 1500 1719 unde
1513 1682 1553 1719 fit
1567 1694 1667 1732 prae-

67 1740 176 1788 cipue
204 1737 396 1775 induratio
429 1740 465 1774 ὃ(
498 1736 702 1775 desiccatio.
759 1737 958 1786 Postquam
987 1739 1092 1774 enim
1123 1737 1281 1788 spiritus,
1310 1748 1371 1774 aut
1400 1737 1601 1774 humidum
1627 1739 1669 1774 in

70 1793 239 1844 spiritum
259 1791 416 1838 versum,
447 1795 646 1829 evolaverit
661 1792 699 1829 in
733 1792 858 1843 aliquo
877 1803 1037 1840 corpore
1052 1791 1254 1843 porosiore,
1285 1792 1343 1842 (ut
1372 1794 1412 1828 in
1433 1793 1549 1841 ligno,
1580 1791 1668 1837 offe,

70 1848 301 1893 membrana,
333 1848 368 1883 &
382 1847 610 1893 hujusmodi)
641 1858 723 1885 tum
740 1858 856 1896 partes
870 1843 1061 1883 crassiores
1082 1848 1224 1890 majore
1238 1848 1327 1882 nixu
1343 1847 1618 1883 contrahuntur
1631 1849 1669 1882 &

70 1905 223 1949 coeunt,
253 1901 353 1939 unde
368 1900 528 1950 sequitur
548 1900 736 1939 induratio
762 1912 824 1938 aut
844 1899 1054 1937 desiccatio:
1083 1901 1186 1949 quod
1209 1901 1455 1938 existimamus
1470 1900 1558 1946 fieri,
1587 1913 1671 1938 non

70 1969 152 1996 tam
176 1958 228 1995 ob
248 1966 399 1994 motum
423 1968 549 2003 nexus,
579 1969 627 1995 ne
642 1957 749 1994 detur
768 1967 938 2002 vacuum,
968 1968 1081 2005 quam
1104 1967 1169 2006 per
1189 1966 1340 1993 motum
1366 1954 1472 1993 istum
1487 1954 1672 1992 amicitiae

72 2016 110 2052 &
131 2012 294 2051 unionis.

128 2067 201 2105 An
229 2066 437 2104 coitionem
464 2079 553 2103 vcro
567 2067 613 2104 ad
628 2065 758 2104 distans
781 2066 885 2114 quod
900 2067 1047 2112 attinet,
1077 2077 1118 2102 ea
1142 2066 1356 2114 infrequens
1377 2065 1426 2102 est
1450 2067 1486 2102 δε
1508 2072 1603 2102 rara:
1634 2067 1674 2102 δε

75 2135 204 2161 tamen
231 2121 271 2159 in
299 2122 467 2171 pluribus
493 2121 593 2169 inest,
622 2133 734 2171 quam
768 2121 901 2172 quibus
927 2120 1150 2158 observatur.
1206 2122 1325 2166 Hujus
1359 2118 1549 2157 simulacra
1576 2120 1674 2166 sunt,

76 2190 166 2215 cum
188 2178 289 2214 bulla
322 2175 439 2213 solvat
468 2177 631 2217 bullam3
661 2175 933 2213 medicamenta
961 2187 1004 2212 ex
1019 2174 1260 2213 similitudine
1288 2174 1504 2212 substantiae
1524 2175 1671 2212 trahant

77 2234 276 2272 humores3
305 2231 443 2268 chorda
471 2233 511 2268 in
539 2229 686 2268 diversis
701 2230 833 2267 fidibus
857 2230 902 2266 ad
922 2229 1124 2267 unisonum
1154 2241 1308 2267 moveat
1325 2230 1523 2270 cltordam3
1553 2231 1590 2266 ὃς
1609 2229 1676 2266 hu—

78 2286 254 2333 jusmodi.
310 2287 433 2322 Etiam
456 2285 496 2322 in
521 2286 706 2335 spiritibus
732 2286 954 2322 animalium
972 2285 1073 2322 hunc
1088 2295 1241 2322 motum
1265 2286 1387 2334 vigere
1417 2283 1678 2330 existimamus,

79 2342 140 2380 sed
155 2343 265 2392 plane
284 2342 543 2389 incognitum:
574 2341 629 2378 At
658 2342 800 2377 eminet
823 2350 920 2376 certe
949 2340 987 2375 in
1009 2349 1183 2389 magnete
1203 2342 1238 2377 &
1253 2339 1356 2376 ferro
1383 2337 1514 2376 excito.
1575 2340 1681 2375 Cum

81 2406 206 2435 autem
231 2397 277 2433 de
300 2396 468 2433 motibus
496 2397 680 2445 magnetis
708 2395 911 2445 loquimur,
939 2394 1188 2444 distinguendi
1216 2395 1326 2446 plane
1354 2393 1449 2430 sunt.
1505 2394 1681 2444 Quatuor

82 2450 184 2489 enim
204 2450 356 2489 virtutes
372 2448 441 2487 five
461 2453 698 2500 operationes
719 2449 803 2486 sunt
824 2451 863 2486 in
887 2459 1074 2498 magnete,
1102 2461 1195 2500 quae
1219 2461 1299 2486 non
1322 2447 1521 2494 confundi,
1549 2448 1610 2485 sed
1631 2447 1682 2484 se-

82 2507 199 2558 parari
214 2506 365 2552 debent,
395 2504 480 2542 licet
497 2504 694 2542 admiratio
728 2503 929 2541 hominum
945 2506 980 2539 ὅ(
1000 2504 1123 2554 stupor
1145 2516 1201 2541 eas
1233 2502 1519 2546 commiscuerit.
1575 2503 1681 2547 Una,

84 2559 260 2599 coitionis
288 2561 471 2610 magnetis
485 2561 530 2597 ad
559 2570 788 2609 magnetem,
818 2560 875 2595 vel
892 2557 978 2594 fen-i
1006 2559 1051 2595 ad
1077 2569 1305 2608 magnetem,
1334 2559 1392 2594 vel
1413 2557 1498 2594 ferri
1516 2556 1622 2594 exciti
1638 2558 1684 2593 ad

84 2616 239 2654 fertum.
298 2615 477 2661 Secunda,
507 2613 717 2652 verticitatis
733 2615 809 2659 ejus
838 2614 882 2650 ad
907 2612 1173 2663 septentriones
1190 2613 1413 2658 &austrum,
1441 2623 1553 2660 atque
1576 2610 1683 2648 fimul

85 2669 345 2708 declinationis
367 2671 454 2715 ejus.
510 2668 650 2714 Tertia,
680 2667 950 2720 penetrationis
973 2669 1049 2712 ejus
1070 2680 1133 2718 per
1152 2679 1296 2713 aurum,
1326 2669 1480 2708 vitrum,
1509 2665 1685 2718 lapidem,

87 2727 230 2764 omnia.
286 2726 438 2776 (Quarta,
467 2723 824 2761 communicationis
856 2722 999 2760 vlrtutis
1020 2724 1096 2766 ejus
1115 2723 1161 2759 de
1185 2723 1305 2774 lapide
1332 2721 1369 2759 in
1396 2722 1551 2768 fetrum,
1581 2723 1617 2758 &
1638 2721 1685 2757 de

88 2780 190 2818 ferro
215 2779 252 2816 in
276 2779 430 2825 ferrum,
461 2779 595 2827 absque
623 2777 971 2816 communicatione
995 2776 1220 2814 substantiae.
1276 2778 1423 2815 Verum
1443 2776 1517 2813 hoe
1538 2777 1626 2812 loco
1641 2776 1687 2812 dc

90 2834 208 2885 prima
235 2833 367 2871 virtute
397 2835 473 2879 ejus
498 2844 646 2870 tautum
674 2831 876 2881 loquimur,
906 2832 1077 2869 videlicet
1099 2833 1288 2869 coitionis.
1346 2829 1498 2881 Insignis
1513 2832 1625 2867 etiam
1641 2831 1690 2866 cll

91 2899 219 2927 motus
241 2888 416 2926 coitionis
436 2887 577 2938 argenti
599 2886 670 2925 vivi
691 2890 726 2924 &
747 2886 841 2927 auti5
869 2887 965 2923 adeo
985 2896 1024 2923 ut
1041 2893 1172 2923 aurum
1192 2885 1325 2923 alliciat
1344 2897 1540 2935 argentum
1562 2886 1689 2921 virum

94 2945 182 2981 licet
197 2944 411 2981 confectum
441 2946 480 2980 in
496 2953 700 2992 unguenta,
727 2951 838 2990 atque
864 2943 1022 2990 operarii
1048 2940 1144 2978 inter
1170 2953 1322 2990 vapores
1338 2939 1481 2990 argenti
1502 2939 1571 2976 vivi
1603 2939 1692 2975 sole<

94 3009 158 3036 ant
172 3009 300 3036 tenere
318 3001 358 3035 in
384 3011 448 3035 ore
478 2997 631 3035 frustum
659 2996 736 3035 auti
759 2996 804 3033 ad
834 2995 1060 3045 colligendas
1083 2992 1298 3033 emissiones
1327 2994 1468 3044 argenti
1494 2993 1574 3038 vivi,
1605 2994 1689 3028 alias

96 3052 216 3090 emnia
231 3055 268 3090 δε
288 3054 361 3090 ossa
376 3065 506 3090 eorum
538 3052 734 3091 invasuras3
764 3051 863 3087 unde
879 3052 992 3088 etiam
1014 3050 1168 3088 frustum
1189 3051 1283 3087 illud
1306 3052 1418 3103 paulo
1438 3048 1517 3100 post
1531 3047 1691 3085 albescit.

97 3108 228 3156 Atque
244 3109 290 3146 de
319 3119 428 3147 motu
449 3108 752 3158 congregationis
776 3107 937 3142 minoris
960 3105 1048 3143 haec
1070 3104 1162 3143 ditia
1193 3102 1270 3142 sint.

150 3163 259 3202 VOL.
290 3165 315 3200 I,
844 3161 869 3197 Β
887 3161 909 3196 b
926 3160 948 3195 l>
1611 3156 1633 3194 5
1646 3167 1657 3184 ι
1670 3165 1696 3194 7?
