2040 3439
67 211 234 274 Cap.1.
278 212 380 256 DE
431 210 932 255 AUGMENTIS
984 208 1592 255 SCIENTIARUM.
1717 224 1812 271 1¹7

62 305 389 359 cumbendumest
407 306 639 355 diligentius.
693 307 794 344 Haec
814 306 964 345 scientia
984 305 1133 344 homini
1156 319 1228 356 pro
1246 305 1321 344 fine
1336 302 1386 343 est
1405 303 1668 348 scientiarum3

64 363 270 402 arf-naturae
285 356 393 413 ipsius
418 357 549 410 portio
575 371 735 410 tantum..
791 361 922 410 Atque
946 363 1020 399 hoc
1042 375 1114 414 pro
1141 361 1266 411 regula
1291 371 1455 411 ponatur
1478 361 1670 410 generali3

60 417 165 468 quod
189 428 323 455 omnes
346 414 582 453 scientiarum
608 417 829 466 partitiones
853 419 903 454 ita
923 416 1181 466 intelligantur
1202 420 1238 454 ὅ(
1259 415 1515 462 adhibeantur,
1546 425 1586 453 ut
1608 415 1672 452 sei-

62 474 181 511 entias
205 474 331 522 potius
353 469 498 520 signent
522 481 584 508 aut
600 470 836 519 distinguant,
864 484 976 523 quam
1005 472 1129 509 secent
1145 475 1181 509 ὃ(
1200 472 1392 518 divellant,
1423 481 1463 509 ut
1487 481 1671 520 perpetuo

61 530 220 566 evitetur
237 526 377 564 solutio
391 524 653 563 continuitatis
675 528 712 562 in
730 526 902 564 scientiis.
960 528 1079 571 Hujus
1100 529 1243 564 etenim
1258 527 1491 565 contrarium
1510 518 1671 577 particu-

60 584 154 621 lares
177 580 344 619 scientias
368 581 504 619 steriles
529 579 702 628 reddidit,
740 583 871 618 inanes
895 584 932 619 ὃ(
955 595 1139 629 erroneas,
1179 583 1271 620 dum
1295 594 1314 618 a
1341 581 1448 619 fonte
1473 583 1509 619 &
1532 580 1671 618 fomite

60 639 260 675 communi
281 648 362 673 non
392 637 554 684 aluntur,
595 636 839 674 sustentantur
861 639 897 674 ὃ(
920 637 1179 674 testificantur.
1237 638 1299 674 Sic
1325 637 1493 674 videmus
1515 636 1672 673 Cicero*

61 705 151 730 nem
174 702 381 738 oratorem,
420 692 467 730 de
490 693 642 729 Socrate
667 694 704 728 ὃς
727 693 804 734 eius
825 691 950 729 schola
973 702 1287 740 conquerentem,
1317 691 1420 742 quod
1441 692 1502 728 hic
1526 693 1669 740 primus

61 745 336 800 philosophiam
358 759 377 784 a
401 747 588 783 rhetorica
610 746 840 793 disjunxerit,
879 746 978 784 unde
1001 746 1094 783 facia
1118 744 1159 783 fit
1184 746 1368 783 rhetorica
1394 758 1450 783 ars
1472 748 1608 797 loquax
1633 749 1670 784 &

61 803 214 840 inania
251 802 409 841 Constat
430 800 599 838 {imiliter
623 801 845 839 sententiam
875 800 1080 853 Copcrnici
1100 802 1145 838 de
1170 803 1362 838 rotatione
1387 811 1518 847 terrae,
1558 801 1667 849 (quae

60 870 163 895 nunc
187 869 341 906 quoque
369 859 541 905 invaluit)
572 859 659 905 quia
687 857 960 906 phaenomenis
989 869 1070 893 non
1100 866 1296 907 repugnat,
1335 856 1382 892 ab
1410 854 1671 893 astronomicis

61 912 250 964 principiis
277 925 356 950 non
385 913 485 961 poss‘e
511 911 674 953 revinci3
712 925 731 948 a
757 913 933 948 naturalis
962 920 1090 948 tamen
1117 908 1376 962 philosophiae
1401 909 1590 962 principiis
1617 923 1672 948 re-

58 968 116 1005 cte
139 966 264 1020 politis
284 967 396 1019 poffe.
452 967 592 1004 Artem
615 967 779 1015 denique
800 967 987 1003 medicam
1008 967 1189 1012 videmus,
1220 963 1245 1002 fi
1265 978 1284 1002 a
1317 966 1478 1002 naturali
1507 964 1672 1014 philoso-

59 1022 146 1072 phia
173 1021 401 1070 destituatur,
442 1024 713 1074 empiricorum
743 1024 843 1073 praxi
873 1021 969 1059 haud
1001 1022 1166 1059 multum
1194 1020 1384 1072 praestare.
1440 1022 1526 1057 Hoc
1554 1021 1672 1070 igitur

61 1075 194 1128 posito,
233 1078 452 1118 accedamus
479 1079 523 1115 ad
550 1079 760 1115 doctrinam
789 1077 836 1113 de
865 1077 1035 1113 homine.
1093 1077 1144 1113 Ea
1172 1076 1308 1126 duplex
1339 1074 1408 1112 est:
1450 1075 1532 1112 Aut
1561 1077 1668 1113 enim

60 1134 339 1184 contemplatur
368 1133 565 1170 hominem
597 1132 842 1182 segregatum,
883 1142 944 1169 aut
973 1142 1247 1181 congregatum
1277 1141 1388 1179 atque
1415 1129 1454 1167 in
1483 1129 1670 1168 societate.

57 1189 233 1226 Alteram
248 1188 382 1226 harum
403 1188 681 1240 philosophiam
702 1188 969 1228 humanitatis3
1000 1189 1155 1223 alteram
1171 1185 1320 1224 civilem
1340 1197 1530 1224 vocamus.
1587 1186 1672 1224 Phi·

59 1243 230 1293 losophia
251 1243 494 1281 humanitatis
510 1241 579 1280 five
595 1244 757 1280 humana
774 1255 816 1280 cx
839 1243 1004 1292 partibus
1020 1240 1202 1278 similibus
1223 1242 1308 1288 illis,
1338 1253 1381 1277 cx
1397 1241 1533 1289 quibus
1549 1241 1674 1278 homo

58 1298 135 1351 ipse
164 1297 344 1337 confiuit:
375 1311 512 1351 nempe
545 1311 587 1335 cx
612 1297 786 1346 scientiis,
821 1309 916 1347 quae
938 1296 1035 1334 circa
1057 1309 1216 1349 corpuss
1248 1299 1284 1334 ὃς
1305 1308 1348 1333 ex
1371 1294 1546 1343 scientiis,
1577 1307 1672 1346 quae

59 1357 156 1392 circa
171 1356 337 1391 animam
352 1354 552 1392 versantur.

114 1410 215 1447 Van
227 1420 297 1447 UM
313 1409 526 1459 priusquam
541 1407 820 1446 distributiones
841 1406 1076 1458 particulares
1091 1406 1368 1456 persequamur,
1399 1404 1669 1444 constituamus

59 1463 253 1502 scientiam
278 1476 393 1500 unam
413 1465 639 1514 generalem,
675 1465 723 1501 de
746 1474 878 1500 natura
904 1465 940 1500 &
963 1461 1054 1499 statu
1075 1460 1258 1499 hominis:
1297 1461 1413 1510 digna
1439 1462 1544 1498 enim
1570 1471 1672 1497 certe

59 1531 116 1556 res
141 1519 200 1565 est,
238 1529 278 1556 ut
308 1521 567 1568 emancipetur
595 1519 685 1556 haec
716 1519 879 1565 scientia,
916 1520 953 1555 ὅ(
981 1519 1022 1555 in
1052 1516 1247 1554 seientiam
1274 1515 1439 1553 seorsum
1469 1515 1670 1564 redigatur.

63 1573 278 1626 Conficitur
305 1585 431 1611 autem
461 1575 523 1611 illa
550 1587 592 1610 cx
622 1573 664 1611 iis
695 1575 814 1620 rebus,
851 1585 946 1621 quae
977 1573 1063 1610 sunt
1093 1583 1172 1609 tam
1202 1572 1354 1623 corpori
1383 1582 1497 1619 quam
1528 1569 1675 1607 animae

61 1627 297 1666 cbnimunes.
354 1628 507 1675 Rursus,
551 1628 641 1666 haec
668 1628 820 1666 seientia
853 1629 901 1665 de
930 1638 1062 1665 natura
1092 1629 1129 1665 ὅ(
1157 1627 1250 1664 statu
1276 1628 1458 1672 hominis,
1501 1625 1673 1664 distribui

57 1678 179 1736 pbt‘est
201 1686 241 1722 in
256 1680 345 1722 duas
369 1695 509 1734 parte55
538 1685 781 1722 attribuendo
806 1685 911 1722 alteri
932 1693 1104 1720 naturam
1121 1682 1291 1719 hominis
1315 1680 1527 1727 indivisam,
1566 1681 1675 1720 alteri

60 1739 257 1789 viri'ml'um
276 1739 394 1789 ipsum
417 1742 563 1777 animae
579 1742 616 1777 δε
636 1741 828 1789 corporis:
857 1740 1028 1791 Qiarum
1045 1740 1206 1788 primam
1222 1737 1436 1774 docirinam
1456 1736 1501 1773 de
1517 1734 1676 1787 persona

60 1791 240 1842 h'omi'niS,
279 1795 479 1833 secundam
502 1795 715 1832 doctrinam
738 1795 785 1832 de
806 1795 960 1832 foedere
986 1794 1215 1831 vocabimus.
1274 1791 1410 1840 Liquet
1431 1801 1558 1828 autem
1582 1791 1673 1828 haee

61 1851 205 1896 onmia,
239 1862 326 1888 cum
350 1849 420 1887 sint
435 1852 656 1887 communia
679 1853 716 1887 ὅ(
734 1852 860 1897 mixta,
889 1851 1031 1901 primae
1048 1847 1103 1886 illi
1126 1846 1299 1886 divisioni
1315 1847 1555 1884 scientiarum
1575 1847 1675 1884 circa

61 1907 211 1957 corpus,
240 1908 277 1942 ὅ(
292 1905 531 1943 scientiirum
546 1907 644 1942 circa
666 1907 834 1943 animam
848 1903 1089 1945 versantium,
1118 1900 1292 1952 assignari
1308 1914 1388 1940 non
1404 1900 1573 1952 potuisse.

115 1961 385 1999 DocrmNA
410 1961 456 1998 dc
481 1960 639 2012 persona
662 1961 830 1999 hominis
850 1961 939 1998 duas
963 1972 1020 1997 res
1039 1960 1236 2011 praecipue
1256 1957 1544 2009 complectiturs
1583 1967 1674 1992 con-

60 2015 327 2065 templationes
352 2017 490 2053 (cilicet
513 2016 559 2053 de
584 2015 738 2053 miseriis
766 2017 921 2054 humani
938 2013 1107 2066 generis;
1137 2017 1174 2051 ὃ(
1198 2013 1246 2050 de
1271 2012 1437 2057 ejusdem
1453 2008 1675 2061 praerogati-

63 2069 114 2108 vis
140 2069 209 2111 live
224 2073 466 2109 excellentiis.
523 2072 654 2120 Atque
673 2070 884 2122 deploratio
912 2070 1164 2108 humanarum
1192 2079 1459 2106 aerumnarum
1486 2067 1675 2116 eleganter

61 2128 99 2163 ὃς
121 2126 272 2176 copiose
298 2139 318 2164 a
341 2126 598 2175 compluribus
623 2127 803 2164 adornata
826 2127 886 2174 est,
925 2137 1002 2163 tam
1029 2124 1067 2161 in
1095 2123 1233 2174 scriptis
1259 2122 1532 2175 philosophicis
1559 2132 1673 2170 quam

62 2181 313 2231 theologicis:
343 2182 476 2231 Estque
499 2194 554 2218 res
570 2185 605 2219 ὃ(
621 2181 738 2220 dulcis
754 2181 858 2220 simul
877 2185 913 2219 ὅ(
929 2181 1093 2218 salubris.

115 2235 277 2273 Arilla
306 2238 419 2274 altera
447 2237 492 2274 de
521 2239 797 2286 praerogativis,
839 2237 952 2286 digna
981 2235 1055 2273 visa
1086 2247 1141 2272 res
1171 2234 1293 2279 nobis,
1333 2244 1427 2281 quac
1457 2232 1557 2268 inter
1586 2228 1674 2267 desi-

58 2292 187 2329 derata
214 2303 460 2344 proponatur.
518 2289 801 2341 Elegantissime
825 2302 925 2330 certe
942 2291 1123 2328 Pindarus
1141 2289 1194 2331 (ut
1219 2290 1427 2340 plerunque
1445 2286 1551 2334 solet)
1574 2287 1674 2323 inter

63 2348 292 2388 laudandum
323 2348 532 2394 Hieronem
569 2349 631 2394 ait,
674 2345 780 2385 Eum
807 2345 1006 2399 decerpere
1024 2343 1278 2397 summitates
1309 2354 1359 2380 ex
1387 2338 1559 2379 omnibus
1590 2340 1672 2378 vir-

63 2399 223 2439 tutibus.
281 2402 470 2451 Equidem
511 2403 720 2451 plurimum
761 2403 805 2439 ad
847 2399 1197 2451 magnanimitatem
1238 2401 1275 2436 ὅ(
1310 2398 1520 2434 humanum
1559 2395 1673 2432 decus

63 2458 236 2495 conferre
278 2457 377 2508 poss'e
421 2468 605 2510 putarem,
658 2455 683 2494 fi
717 2457 935 2495 ultimitatcs
980 2458 1034 2503 (ut
1083 2457 1292 2502 loquuntur
1339 2450 1550 2498 scholastici)
1600 2448 1671 2488 five-

52 2512 307 2564 fitmmitates
356 2512 418 2560 (ut
464 2513 665 2561 Pindarus)
716 2513 901 2550 humanae
946 2522 1099 2548 naturae
1133 2510 1432 2557 colligerenturs
1474 2506 1669 2557 praecipue

62 2580 105 2605 ex
147 2567 314 2605 historiae
355 2568 439 2605 fide.
501 2569 598 2605 Illud
641 2568 690 2605 est
724 2569 815 2616 quid
851 2569 1032 2604 ultimum
1074 2568 1111 2603 δε
1156 2564 1371 2613 supremum
1412 2561 1539 2608 fuerit,
1592 2573 1672 2608 quo

64 2621 416 2674 unquam'liumana
437 2634 567 2660 natura
591 2636 656 2674 per
683 2622 718 2660 se
741 2623 959 2669 ascenderit,
997 2623 1038 2658 in
1062 2619 1212 2670 singulis
1237 2620 1274 2656 ὅ(
1296 2618 1465 2667 corporis
1490 2618 1528 2654 δε
1551 2617 1670 2653 animi

62 2679 225 2716 dotibus
281 2680 432 2731 Quanta
453 2691 519 2721 res,
558 2691 652 2730 quae
673 2678 718 2715 dc
745 2677 902 2715 Caesare
919 2687 1101 2721 narratur,
1130 2674 1234 2724 quod
1255 2670 1538 2711 amanuensibus
1561 2673 1670 2720 quin-

60 2746 133 2783 que
156 2732 262 2773 simul
280 2733 415 2771 dictare
441 2733 647 2771 suffecerit?
679 2735 782 2785 Qiin
808 2736 845 2771 &
861 2731 1144 2770 exercitationes
1166 2730 1250 2766 illae
1274 2728 1519 2776 antiquorum
1546 2726 1670 2763 rhcro-
1717 2754 1738 2776 ι,

62 2801 158 2835 rum,
190 2790 427 2838 Protagorae,
457 2789 641 2837 Gorgiam
671 2791 783 2826 ctiam
807 2787 1134 2838 philolbphorum‚
1167 2782 1416 2829 Callisthenis,
1446 2777 1670 2826 Possidonii,

64 2845 280 2888 Carneadis,
319 2855 358 2881 ut
382 2845 428 2880 de
444 2845 576 2892 quovis
599 2845 766 2881 themate
786 2845 827 2880 in
848 2854 1046 2890 utramque
1070 2850 1214 2890 partem
1237 2849 1469 2888 ex-tempore
1495 2836 1666 2874 disserere

63 2901 252 2949 eleganter
280 2902 318 2936 &
342 2898 494 2951 copiose
519 2901 738 2947 pomerium
778 2897 919 2947 ingenii
949 2898 1107 2934 humani
1132 2897 1226 2931 vires
1249 2893 1348 2931 haud
1373 2904 1505 2943 parum
1530 2889 1668 2929 nobili⁴

62 2965 154 2992 tant.
211 2957 285 2993 Res
300 2965 426 2991 autem
442 2954 507 2990 usu
525 2955 664 2999 minor,
695 2964 729 2990 at
746 2951 992 2990 ostentatione
1010 2955 1045 2989 ὃ(
1062 2951 1234 2988 facultate
1254 2949 1401 2986 fortasse
1416 2949 1537 2989 maior
1552 2957 1665 2994 quam

64 3011 109 3046 de
132 3010 270 3048 Archia
293 3009 463 3058 magistro
483 3009 549 3046 suo
569 3020 755 3046 memorat
774 3009 937 3044 Cicero:
971 3005 1075 3044 Eum
1094 3016 1272 3057 magnum
1295 3014 1490 3042 numerum
1510 3002 1664 3053 optime-

64 3075 148 3102 rum
171 3077 242 3105 ver
262 3076 350 3104 ctum
374 3062 420 3104 de
442 3064 495 3101 ijs
523 3062 647 3111 rebus,
684 3075 780 3117 quae
809 3070 893 3101 tum
918 3068 1135 3115 agerentur,
1163 3056 1330 3121 potuiffe
1356 3056 1481 3096 decere
1509 3063 1667 3092 cnr-tem-

1563 3120 1668 3161 POYC.
