2040 3439
37 261 243 301 ‚trudantur
271 260 308 296 ὃ(
330 259 608 310 compellantur
627 259 800 300 aliunde3
826 260 1149 311 quemadmodum
1169 260 1211 299 fit
1225 259 1263 298 in
1284 258 1416 308 fluviis,
1444 257 1515 310 qui
1530 254 1654 302 fluunt

47 318 86 356 δί
106 314 269 354 refluunt
292 313 338 351 acl
356 324 562 362 utrumque
579 315 685 352 littus
704 314 806 351 horis
829 313 971 361 iisdem,
1001 327 1087 353 cum
1113 326 1241 353 tamen
1264 315 1327 353 iste
1350 325 1477 354 motus
1502 315 1647 365 liquido

51 369 94 409 fit
119 379 250 407 motus
279 369 319 406 in
346 369 545 418 progressu,
573 380 710 418 nempe
729 381 910 417 aquarum
933 372 1224 419 ingredientium
1247 371 1336 407 ostia
1370 370 1572 409 fluminum
1601 379 1645 410 οἵ(

47 423 149 463 mari.
197 424 329 474 -Itaque
348 421 458 460 fimili
488 423 611 460 modo
636 423 715 460 fieri
740 424 869 473 potest,
897 434 941 462 ut
967 437 1082 474 aquae
1110 427 1302 463 venientes
1318 437 1452 476 magna
1481 428 1586 464 mole
1601 429 1648 465 ab

48 490 192 518 oceano
215 479 391 515 orientali
417 477 561 524 Indico,
589 479 867 528 compellantur
887 480 924 516 &
946 480 1142 518 trudantur
1168 481 1206 517 in
1223 482 1367 517 alveum
1389 479 1498 518 maris
1513 481 1646 519 Atlan-

49 533 125 581 tici,
152 536 189 571 &
217 542 414 585 propterea
434 533 621 570 inundent
649 543 851 581 utrumque
874 534 968 572 latus
980 532 1098 572 simul.
1154 535 1422 586 Quaerendum
1446 537 1569 585 itaque
1587 537 1647 584 est,

50 600 97 627 an
112 587 154 626 fit
168 587 260 625 alius
273 588 409 633 alveus,
438 598 502 637 per
521 599 634 636 quem
662 599 776 638 aquae
800 585 941 639 possint
971 588 1103 626 iisdem
1125 589 1357 641 temporibus
1379 590 1500 628 minui
1532 594 1568 628 ὅς
1597 604 1650 629 re-

51 644 173 681 fluere.
229 642 357 690 Atque
372 641 511 691 praesto
534 643 582 679 est
601 654 704 679 mare
728 643 889 690 australe,
917 645 1011 681 mari
1035 642 1232 681 Atlantico
1261 646 1479 693 neutiquam
1505 647 1651 688 minus}

51 697 113 736 sed
135 695 258 747 potius
277 699 396 746 magis
418 697 535 735 latum
562 699 598 734 δε
618 696 822 744 extensum,
851 699 954 746 quod
978 698 1023 736 ad
1046 698 1118 735 hoc
1138 695 1303 735 sufficere
1332 696 1455 751 possit.

103 754 154 790 11·
167 763 301 803 AQUE
331 753 404 795 iam
427 753 580 788 tandem
601 754 821 802 perventum
841 752 890 789 est
911 753 957 790 ad
984 753 1192 790 instantiam
1216 753 1332 790 'crucis
1352 753 1446 791 circa
1470 755 1543 793 hoe
1572 755 1651 794 sub-

54 808 211 854 iectum:
238 807 291 843 Ea
310 805 391 843 talis
411 806 470 843 est.
529 808 567 844 Si
588 819 658 856 pro
685 815 792 844 cetto
820 806 1040 854 inveniatur,
1068 808 1171 856 quod
1201 819 1289 844 eum
1317 808 1357 845 tit
1383 809 1502 846 fluxus
1523 811 1568 847 ad
1594 809 1651 848 lit-

55 873 139 900 tora
164 861 311 899 adversa
338 871 416 899 tam
446 860 625 908 Floridae,
654 873 767 910 quam
795 861 1003 913 Hispaniae,
1033 864 1073 899 in
1103 863 1197 898 mati
1218 862 1432 904 Atlantic03
1460 863 1523 901 fiat
1542 863 1651 902 simul

56 917 173 956 fluxus
199 916 244 954 ad
271 915 395 954 littora
424 915 610 963 Pctuviae‚
636 918 678 968 Ιὅ(
704 916 804 961 juxta
830 916 983 954 dorsum
1006 916 1149 954 Chinae
1178 919 1218 953 in
1244 919 1339 954 mari
1372 918 1529 960 australi3
1567 930 1652 957 tum

55 981 155 1010 certe
181 983 246 1022 per
276 971 373 1009 hane
395 971 606 1008 instantiam
634 969 850 1008 decisoriam
878 971 1119 1017 abjudicanda
1144 971 1192 1009 cst
1220 970 1376 1018 assertio,
1403 973 1507 1021 quod
1536 972 1654 1012 fluxu&

58 1029 97 1065 &
115 1026 272 1064 refluxus
286 1027 407 1072 maris,
436 1026 482 1063 de
501 1037 579 1078 quo
594 1026 808 1074 inquiritur,
836 1026 898 1063 fiat
913 1038 977 1079 per
1000 1037 1150 1064 motum
1176 1023 1459 1078 progrcssivum.
1518 1030 1655 1080 Neque

57 1083 162 1120 enim
181 1081 405 1132 relinquitur
420 1081 520 1119 aliud
545 1093 660 1128 mare,
688 1090 751 1118 aut
781 1082 896 1128 locus,
927 1081 991 1119 ubi
1011 1077 1122 1131 poffit
1151 1081 1196 1118 ad
1226 1081 1356 1119 eadem
1384 1091 1555 1133 tempora
1575 1084 1655 1122 fieri

57 1135 232 1187 regressus
260 1146 322 1174 aut
351 1135 520 1174 refluxus.
579 1132 902 1173 Commodiffime
929 1147 1053 1174 autem
1087 1137 1160 1173 hoc
1179 1135 1260 1173 sciri
1291 1132 1417 1187 possit,
1444 1136 1470 1175 si
1496 1138 1654 1188 inquira-

57 1189 329 1230 turabiucolis
341 1191 523 1229 Panamac
538 1192 726 1238 &Limae‚
757 1190 835 1237 (ubi
850 1201 1006 1240 uterquc
1024 1196 1196 1237 oceanuS,
1230 1191 1442 1229 Atlanticus
1466 1195 1503 1231 ὅ(
1525 1193 1653 1230 austrass

59 1246 117 1293 lis,
143 1256 226 1296 ‘per
253 1257 407 1298 parvum
435 1245 610 1283 isthmum
650 1244 878 1296 separantur)
920 1256 1048 1284 utrum
1076 1243 1122 1284 ad
1157 1245 1356 1284 contrarias
1391 1245 1511 1284 isthmi
1538 1254 1657 1299 partes

59 1299 125 1338 fiat
145 1298 264 1339 .fimul
284 1300 400 1338 fluxus
419 1303 456 1339 ὅ(
476 1301 634 1338 refluxus
654 1301 777 1348 mati-³,
805 1313 852 1338 an
881 1313 902 1339 e
928 1312 1070 1339 contra.
1127 1302 1272 1339 Verum
1297 1301 1385 1340 haec
1413 1299 1560 1349 decisio,
1588 1300 1659 1340 stvc'

59 1355 288 1401 abjudicatio
301 1365 400 1392 certa
426 1356 585 1402 videtur,
613 1353 747 1407 posito,
776 1356 879 1405 quod
913 1365 1008 1393 terra
1027 1356 1092 1393 stet
1112 1354 1329 1393 immobilis.
1383 1357 1500 1408 Quod
1524 1355 1549 1393 fi
1564 1368 1660 1394 tetra

62 1419 174 1457 rotet,
200 1409 279 1447 fieri
302 1409 450 1448 fortass'e
477 1411 605 1460 potest,
635 1420 675 1448 ut
701 1423 745 1448 ex
776 1410 958 1463 inaequali
978 1412 1168 1449 rotatione
1196 1409 1396 1460 (quatenus
1422 1412 1468 1448 ad
1497 1412 1661 1449 eelerita-

63 1474 144 1502 tem
173 1462 244 1502 five
272 1465 550 1514 incitationem)
587 1475 706 1503 terrae
733 1468 771 1502 &
798 1478 978 1515 aquarum
1005 1464 1128 1512 maris,
1156 1464 1324 1516 sequatur
1349 1465 1556 1516 compulsio
1583 1466 1660 1503 vio-

63 1520 167 1558 lenta
193 1531 370 1571 aquarum
398 1521 439 1557 in
466 1521 662 1558 cumulum
683 1519 838 1568 sursum,
866 1533 960 1570 quae
984 1518 1025 1558 fit
1040 1520 1157 1558 fluxus
1180 1523 1217 1557 ὅ(
1242 1521 1417 1558 relaxatio
1444 1521 1662 1568 earundem,

67 1573 279 1627 (postquam
303 1573 460 1626 amplius
474 1576 654 1613 cumulari
670 1587 750 1612 non
766 1574 1017 1625 sustinuerint)
1048 1577 1088 1612 in
1103 1574 1288 1621 deorsum,
1318 1580 1411 1624 'quae
1434 1573 1474 1613 fit
1491 1576 1662 1613 refluxus.

66 1630 211 1668 Verum
231 1628 368 1666 dehoc
386 1629 553 1670 facienda
581 1628 631 1667 est
657 1628 846 1679 inquifitlo
868 1630 1073 1681 separatim.
1128 1631 1314 1668 Attamen
1340 1631 1453 1667 etiam
1482 1630 1555 1667 hoc
1585 1631 1663 1682 sup-

67 1682 200 1734 posito,
240 1684 335 1721 illud
362 1696 478 1733 aeque
513 1694 640 1722 manet
667 1684 795 1732 fixum,
831 1687 934 1734 quod
965 1685 1104 1723 neecsse
1133 1683 1174 1722 fit
1211 1684 1290 1722 fieri
1318 1684 1453 1725 alicubi
1481 1685 1664 1722 refluxum

68 1737 178 1776 maris
191 1738 238 1776 ad
261 1739 392 1776 eadem
411 1749 594 1791 tempora,
623 1739 755 1788 quibus
774 1740 869 1778 fiunt
888 1740 1005 1778 fluxus
1036 1742 1074 1777 in
1096 1741 1175 1777 aliis
1199 1737 1372 1792 partibus.

125 1794 419 1844 SIMILITER
446 1792 487 1831 fit
515 1805 646 1832 natura
675 1793 855 1846 inquisita,
885 1796 1062 1845 posterior
1081 1793 1142 1833 ille
1170 1805 1297 1833 motus
1315 1806 1357 1832 ex
1385 1794 1542 1840 duobus,
1570 1805 1668 1843 quos

71 1848 348 1901 supposuimuss
390 1849 561 1886 videlicet
590 1858 716 1886 motus
756 1848 866 1886 maris
914 1850 950 1887 se
976 1851 1164 1895 attollenS,
1194 1852 1231 1886 ὅ(
1260 1848 1382 1886 rursus
1411 1847 1614 1889 subfidcns;
1643 1846 1669 1885 fi

70 1903 170 1940 forte
197 1903 248 1940 ita
281 1903 466 1950 acciderit,
494 1914 536 1941 ut
564 1903 753 1954 (diligenti
781 1904 880 1941 facio
911 1905 1095 1949 examine)
1125 1903 1307 1950 rejiciatur
1335 1914 1462 1941 motus
1490 1905 1594 1950 alter,
1622 1904 1671 1940 de

70 1970 152 2006 quo
171 1956 340 2004 diximus,
371 1954 628 2008 progteflivus.
684 1959 786 1995 Tum
802 1971 892 1997 vcro
911 1961 980 1996 crit
996 1957 1145 1996 trivium
1161 1960 1256 1995 circa
1277 1959 1370 1995 hanc
1393 1958 1563 1996 naturam
1584 1959 1670 1995 tale:

72 2012 226 2052 Necesse
254 2012 314 2059 est,
344 2022 384 2050 ut
414 2024 540 2051 motus
570 2012 644 2060 iste,
672 2025 736 2064 per
755 2025 870 2061 quem
898 2026 1010 2066 aquae
1038 2015 1078 2050 in
1106 2013 1316 2050 fluxibus&
1346 2011 1542 2050 refluxibus
1572 2012 1605 2050 sc
1619 2024 1671 2050 at-

72 2069 227 2114 tollunt,
257 2069 294 2105 &
326 2067 448 2105 rursus
476 2069 705 2114 relabuntur,
748 2068 883 2117 absque
909 2070 1029 2120 aliqua
1058 2065 1264 2105 accellionc
1297 2079 1475 2117 aquarum
1505 2066 1673 2114 aliarum,-

74 2135 169 2172 quae
194 2122 458 2170 advolvuntur,
485 2122 548 2160 fiat
576 2135 640 2173 per
667 2135 787 2160 unum
808 2136 849 2160 ex
874 2123 927 2160 his
948 2125 1065 2161 tribus
1091 2124 1236 2160 modis:
1265 2124 1321 2160 vel
1352 2123 1455 2170 quod
1482 2122 1542 2159 ista
1565 2134 1671 2172 aqua-

72 2190 160 2216 rum
187 2177 294 2226 copia
322 2188 471 2216 emanet
499 2191 541 2214 ex
571 2177 806 2215 interioribus
835 2189 964 2223 terrae,
995 2181 1029 2215 &
1062 2178 1181 2215 rursus
1203 2179 1242 2214 in
1271 2179 1334 2214 illa
1361 2177 1397 2214 se
1420 2177 1584 2227 recipiat3
1615 2179 1674 2215 vel

74 2232 180 2281 quod
194 2243 274 2269 non
303 2230 345 2269 fit
359 2232 478 2281 aliqua
500 2232 658 2284 amplior
681 2234 800 2270 moles
815 2245 1004 2284 aquarum,
1034 2233 1095 2270 sed
1115 2233 1219 2281 quod
1249 2233 1400 2269 eaedem
1428 2244 1542 2280 aquae
1574 2231 1674 2281 (non

75 2287 186 2325 auc'to
207 2296 351 2335 quanto
376 2285 460 2336 suo)
490 2288 745 2333 extendantur,
774 2285 844 2324 sive
867 2288 1048 2334 rai-etiant,
1078 2289 1128 2324 ita
1148 2298 1189 2324 ut
1213 2287 1399 2331 majorem
1419 2288 1547 2323 locum
1565 2289 1602 2323 δε
1622 2286 1674 2323 di·

75 2339 310 2379 mensionem
317 2352 515 2393 occupent,
524 2344 560 2379 &
571 2342 692 2380 rursus
699 2341 733 2379 se
742 2342 983 2383 eonttaliant3
1008 2343 1065 2380 vel
1075 2342 1178 2393 quod
1187 2353 1257 2378 nec
1266 2343 1372 2393 copia
1383 2343 1529 2379 accedat
1540 2340 1610 2391 maj
1616 2353 1673 2388 or,-

76 2408 148 2434 nec
166 2394 330 2433 extensio
344 2398 518 2445 amplior,
540 2396 600 2434 sed
616 2397 768 2434 eaedem
785 2409 900 2446 aquae
932 2396 1063 2448 (prout
1078 2399 1174 2441 lunt,
1203 2408 1282 2434 tam
1298 2398 1404 2445 eopia
1432 2394 1671 2444 quamdenfi-

77 2459 154 2489 tate
179 2461 242 2489 aut
269 2451 430 2500 raritate)
461 2464 525 2501 per
550 2451 626 2488 vim
639 2450 800 2503 aliquam
816 2454 1065 2500 magneticam
1091 2451 1245 2501 desuper
1268 2463 1326 2487 cas
1347 2451 1607 2497 attrahentem,
1637 2453 1676 2488 &

78 2516 310 2552 evocantem,
340 2508 376 2543 «Sc
393 2518 457 2555 per
470 2505 690 2545 consensum
707 2505 742 2543 se
754 2508 940 2554 attollant,
970 2509 1005 2544 &
1021 2507 1156 2544 deinde
1173 2507 1206 2543 se
1222 2507 1425 2543 remittant.
1459 2519 1464 2522 ·
1483 2507 1609 2554 Itaque
1625 2512 1677 2543 re-'

78 2560 232 2599 dueatur
260 2559 304 2611 (ss
318 2560 454 2610 placet)
485 2562 560 2607 jam
587 2558 776 2609 inquisitio
804 2558 936 2611 (missis
956 2562 1104 2599 duobus
1129 2561 1199 2598 illis
1215 2561 1382 2597 motibus
1398 2558 1601 2610 prioribus)
1633 2561 1678 2598 ad

80 2615 182 2653 hune
203 2615 403 2656 ultimum
433 2618 469 2653 δε
493 2618 703 2663 inquiratur
722 2614 748 2653 fi
765 2615 828 2653 fiat
843 2617 963 2667 aliqua
982 2615 1060 2653 talis
1075 2615 1234 2653 sublatio
1253 2627 1317 2664 per
1342 2615 1578 2662 consensum,
1608 2613 1678 2652 five

79 2668 157 2708 vim
165 2673 424 2720 magneticam.
468 2670 588 2718 Atqui
599 2672 725 2721 ptimo
735 2670 969 2708 manifestum
981 2671 1028 2708 est
1038 2670 1220 2708 universas
1229 2682 1351 2718 aquas,
1365 2680 1475 2723 prout
1484 2681 1679 2723 ponuntur

82 2725 122 2762 iu
148 2725 238 2762 foss'a
258 2724 327 2762 live
355 2737 446 2763 cavo
474 2727 596 2772 maris,
625 2737 706 2762 non
732 2725 832 2775 poss'e
861 2723 968 2763 simul
996 2727 1132 2771 attolli,
1161 2727 1247 2772 quia
1276 2724 1409 2762 dccss'ct
1437 2725 1539 2772 quod
1562 2725 1680 2762 succe-

83 2779 185 2816 deret
207 2781 248 2816 in
271 2780 413 2821 fundo;
441 2780 536 2818 adeo
554 2792 597 2818 ut
620 2778 645 2817 si
663 2779 760 2817 foret
781 2782 821 2816 in
850 2780 952 2828 aquis
973 2779 1103 2827 aliquis
1126 2779 1340 2822 huiusmodi
1367 2779 1548 2829 appetitus
1573 2780 1607 2817 se
1632 2790 1682 2816 at-

83 2834 254 2880 tollendi,
282 2834 344 2872 ille
372 2834 445 2883 ipse
473 2845 599 2872 tamen
633 2847 651 2872 a
672 2847 768 2872 nexu
794 2843 932 2881 rerum,
962 2833 1031 2871 five
1062 2835 1119 2884 (ut
1147 2836 1262 2883 vulgo
1292 2834 1514 2886 loquuntur)
1544 2847 1591 2872 ne
1619 2835 1674 2871 de-

84 2897 145 2926 tur
177 2899 346 2937 vacuum,
373 2890 506 2927 stadius
539 2889 638 2927 foret
660 2891 696 2926 &
724 2888 920 2926 cohibitus.
976 2891 1231 2938 Relinquitur,
1262 2900 1302 2926 ut
1324 2890 1544 2927 attollantur
1569 2901 1681 2938 aquae

86 2953 129 2980 ex
153 2943 274 2992 aliqua
293 2956 408 2994 parte,
436 2947 473 2983 ὅ(
497 2956 560 2995 per
579 2945 652 2983 hoc
681 2942 900 2983 minuantur
930 2946 967 2981 &
998 2945 1131 2982 cedant
1160 2956 1203 2981 ex
1230 2944 1311 2981 alia.
1369 2945 1576 2982 Enimvero
1608 2956 1682 2980 rur*

140 2997 246 3036 VOL.
275 3000 300 3037 I.
844 3000 876 3035 Y
905 3010 928 3047 y
1628 2996 1683 3033 sus

1721 177 1818 235 ³353
