2040 3439
66 190 226 268 nisti,
467 190 769 258 NovUM
840 195 1282 243 ORGANUM.

94 266 103 282 ι
120 285 174 324 IN
202 279 443 334 superstitiosa
464 293 590 321 autem
618 285 752 335 magia,
782 283 876 335 (fi&
902 286 948 324 de
971 286 1037 324 hac
1060 285 1260 325 dicendum
1285 282 1345 337 fit)
1376 289 1466 326 illud
1484 286 1668 340 imprimis

71 337 446 380 animadvertendum
480 339 540 385 est,
570 339 640 377 effe
667 341 939 378 tantummodo
958 343 1051 379 certi
1080 342 1270 388 cujusdam
1299 345 1336 381 ὅ(
1357 344 1504 383 definiti
1526 346 1670 395 generis

71 396 241 442 subjecta,
270 392 310 430 in
337 393 471 444 quibus
495 404 589 431 artes
613 394 777 432 curiosae
798 397 834 432 ὃ(
850 395 1123 445 superstitiosae,
1152 410 1215 449 per
1229 409 1362 436 omnes
1378 399 1546 438 nationes
1560 413 1669 452 atquc

71 460 219 496 aetates,
240 458 350 497 atque
366 446 478 484 etiam
492 447 701 498 religiones,
723 449 859 498 aliquid
871 450 1059 502 potuerint
1069 462 1130 489 aut
1143 452 1307 489 luserint.
1363 455 1490 502 Itaque
1499 454 1560 493 ista
1570 457 1673 494 miil'a

73 506 262 545 faciamus.
319 500 473 539 Interim
490 502 542 540 nil
563 503 699 541 mirum
716 503 775 551 cst,
804 503 828 542 fi
850 504 981 554 opinio
995 505 1122 556 copiae
1137 506 1282 544 causam
1297 506 1445 557 inopiae
1461 509 1618 549 dederit.
1634 521 1636 523 ·

128 558 332 597 LXXXVI.
364 557 399 592 A
414 568 550 608 TQUE
579 558 779 596 hominum
799 560 1040 598 admirationi
1065 562 1190 609 quoad
1216 562 1400 600 doctrinas
1421 567 1457 600 ὅ(
1472 575 1579 612 artes,
1609 578 1673 615 per

76 613 110 654 se
138 614 219 651 satis
246 610 400 661 fimplici
436 614 472 648 &
500 624 616 662 prope
645 614 789 663 puerili,
828 613 1106 653 incrementum
1129 613 1274 654 accessit
1301 618 1347 654 ab
1375 630 1508 656 eorum
1538 621 1609 658 astu
1635 624 1674 658 <Sc

75 668 241 714 artificio,
270 668 335 715 qui
351 665 515 703 scientias
536 669 781 706 rraCtaverunt
804 671 841 706 ὅ(
855 669 1100 707 tradiderunt.
1159 672 1214 707 llli
1231 673 1333 708 enim
1357 685 1398 709 ea
1412 675 1620 712 ambitione
1637 678 1674 712 ὅ(

77 723 311 764 εῆῗεᾶαῑὶοηε
326 733 387 758 eas
410 733 644 772 proponunt,
674 734 783 775 atque
798 725 838 761 in
857 736 947 761 eum
969 726 1128 762 modum
1151 725 1374 773 efformatas,
1402 740 1443 764 ac
1467 730 1580 766 veluti
1598 742 1676 780 pei·-

79 779 234 824 1bnatas,
265 778 304 813 in
333 776 537 813 hominum
564 778 808 827 conspe-&um
823 779 1049 831 producunt,
1078 792 1118 816 ae
1133 777 1158 816 fi
1174 781 1258 817 illae
1286 781 1393 818 omni
1415 795 1457 819 ex
1481 795 1582 834 parte
1598 797 1676 834 per-

78 834 196 872 ferrae
209 831 335 877 effent,
366 832 462 868 &ad
490 830 630 869 exitum
643 835 847 884 perdueiae.
905 835 943 871 Si
965 836 1069 871 enim
1095 834 1320 871 methodum
1349 836 1497 888 aspicias
1517 840 1552 874 ὅ(
1569 842 1678 890 parti-

78 887 219 934 tiones,
241 888 326 923 illae
351 885 499 937 prorsus
525 889 656 925 onmia
679 889 882 940 complecti
908 890 943 924 &
959 889 1184 926 concludere
1200 889 1386 936 videntur,
1415 903 1508 939 quae
1529 894 1567 929 in
1585 895 1677 931 illud

80 942 285 986 subiectum
308 941 436 977 cadere
460 941 620 992 posshnt.
679 944 810 991 Atque
833 945 919 980 licet
941 943 1110 980 membra
1130 945 1192 980 illa
1207 945 1306 981 male
1321 946 1484 994 impleta,
1514 950 1548 984 ὅ(
1566 950 1677 985 veluti

79 997 247 1048 capsulae
274 997 401 1033 inanes
421 994 508 1036 fint3
537 1006 664 1034 tamen
689 998 785 1047 apud
807 997 1039 1035 intelieetum
1065 999 1256 1048 vulgarem
1273 997 1444 1038 scientiae
1463 1001 1626 1039 formam
1642 1006 1680 1041 δε

82 1054 270 1092 tanmem
286 1052 450 1099 integrae
466 1062 553 1099 prae
581 1051 618 1088 se
632 1052 768 1089 ferunt.

125 1107 215 1143 -Ar
243 1103 355 1156 primi
375 1107 411 1142 &
426 1104 670 1154 antiquissimi
687 1108 851 1145 veritatis
869 1104 1114 1156 inquifitores,
1144 1106 1299 1145 meliore
1313 1108 1384 1146 fide
1410 1111 1446 1147 δε
1469 1109 1559 1157 fato,
1587 1123 1680 1161 cog-

83 1163 275 1205 nitionem
297 1160 414 1207 illam,
443 1172 557 1207 quam
571 1174 613 1198 ex
631 1174 756 1200 rerum
771 1164 1094 1213 contemplatione
1109 1163 1307 1214 decerpere
1326 1166 1412 1201 &in
1423 1164 1530 1203 usum
1552 1178 1681 1204 recon-

84 1215 404 1261 derestatuebant,
434 1214 472 1252 in
492 1215 737 1265 aphorismos,
766 1215 836 1255 sive
863 1218 1000 1263 breves,
1029 1216 1250 1266 easdemque
1273 1218 1418 1269 sparsas,
1447 1228 1516 1257 nec
1536 1221 1682 1259 metho-

85 1270 326 1310 dorevinstas
337 1269 543 1317 sententias,
569 1270 754 1318 conjicere
764 1272 932 1309 solebant
943 1286 952 1313 ς
968 1284 1090 1320 neque
1100 1272 1136 1309 se
1151 1282 1269 1309 artem
1280 1273 1488 1311 universam
1499 1287 1585 1312 com
1591 1278 1684 1325 plce-

87 1329 118 1364 εἰ
147 1324 366 1363 simulabant
385 1335 447 1362 aut
467 1325 748 1374 profitebantur.
804 1327 860 1364 At
884 1339 931 1364 eo
955 1339 1034 1374 quo
1052 1339 1155 1364 nunc
1185 1339 1241 1364 res
1269 1327 1386 1376 agitur
1420 1329 1552 1376 modo,
1581 1330 1686 1367 mini*

88 1392 155 1418 me
167 1382 308 1418 mirum
323 1378 383 1425 est,
411 1377 436 1416 fi
451 1380 623 1417 homines
638 1383 678 1417 in
698 1380 739 1418 iis
768 1382 945 1418 ulteriora
965 1394 1045 1418 non
1060 1391 1249 1431 quaerant,
1278 1394 1370 1429 quae
1385 1393 1454 1433 pro
1468 1385 1635 1432 persenis
1650 1388 1686 1422 ὅ(

88 1433 253 1485 numeris
281 1433 350 1471 suis
364 1435 585 1485 jampridem
611 1435 784 1474 absolutis
799 1437 1004 1473 traduntur.

143 1490 366 1527 LXXXViI.
398 1490 567 1526 ETIAM
607 1489 756 1537 antiqua
786 1502 968 1539 magnum
997 1488 1275 1526 existimationis
1304 1493 1339 1527 ὅ(
1368 1491 1454 1529 fidei
1483 1491 1688 1531 incremen-

82 1553 174 1583 tum
191 1553 423 1593 aeceperunt,
452 1556 494 1580 ex
510 1556 643 1581 eorum
658 1544 818 1582 vanitate
841 1548 876 1582 ὅ(
899 1546 1046 1582 levitate
1068 1543 1132 1592 qui
1147 1557 1244 1582 nova
1273 1546 1561 1596 proposuerunt5
1590 1560 1687 1597 prae-

79 1600 222 1638 sset-rim
237 1598 275 1636 in
290 1597 541 1648 philosophiae
560 1601 735 1637 naturalis
761 1609 864 1650 parte
879 1600 994 1636 acliva
1028 1602 1064 1636 &
1084 1601 1280 1648 operativa.
1340 1603 1476 1649 Neque
1505 1604 1607 1638 enim
1631 1604 1688 1639 de-

92 1655 244 1694 fuerunt
269 1653 441 1690 homines
461 1655 652 1702 vaniloqui
679 1657 715 1691 &
735 1653 958 1704 phantastici,
988 1656 1051 1702 qui
1081 1653 1214 1704 partim
1238 1666 1280 1691 ex
1303 1657 1530 1701 credulitate,
1562 1657 1694 1708 partim

94 1722 138 1748 ex
154 1708 373 1760 impostura,
402 1720 517 1757 genus
543 1708 752 1746 humanum
776 1706 962 1759 promillis
982 1720 1205 1746 onerarunt:
1233 1708 1327 1746 vitae
1350 1711 1694 1760 prolongationem,-

96 1763 290 1802 senectutis
314 1762 613 1808 retardationem,
642 1765 823 1801 dolorum
850 1765 1084 1805 levationem,
1115 1766 1343 1801 naturalium
1362 1765 1573 1803 defeeiuum
1597 1779 1695 1817 repa-

99 1822 298 1864 rationem,
329 1817 498 1855 sensmim
524 1819 775 1867 deceptiones,
802 1817 1003 1856 affeetuum
1028 1817 1223 1867 ligationes
1253 1821 1289 1855 δε
1314 1819 1559 1867 incitationes,
1590 1822 1696 1858 intel—

99 1872 310 1912 icstualium
341 1873 560 1910 facultatum
591 1874 889 1910 illuminationes
919 1877 954 1911 ὃ(
984 1874 1237 1919 exaltationes,
1283 1873 1557 1912 substantiarum
1585 1875 1697 1913 trans-

100 1929 341 1974 mutationes,
371 1929 592 1964 &motuum
608 1928 652 1966 ad
669 1926 817 1965 libitum
835 1927 1094 1965 roborariones
1110 1931 1144 1963 δ’
1161 1926 1503 1978 multiplicationes,
1533 1929 1698 1968 altisim-

100 1980 304 2037 preiiioncs
325 1984 360 2018 ἃ
383 1983 630 2029 alterationes,
661 1981 873 2019 coelestium
902 1981 1185 2019 iniiuentiarum
1210 1983 1449 2020 deduciioncs
1475 1992 1508 2020 <x
1527 1996 1699 2035 procura-

101 2041 237 2083 tiones,
269 2049 392 2074 renim
408 2038 616 2074 suturarum
641 2036 900 2083 divinationes,
929 2047 1160 2074 remotarum
1186 2037 1546 2086 repraesentationes,
1577 2041 1701 2077 occul·

101 2104 226 2131 tarum
249 2093 501 2138 revelationes,
531 2094 567 2129 ὃς
587 2093 657 2129 alia
674 2093 868 2141 complura
882 2090 1127 2143 pollicitando
1143 2093 1179 2128 δε
1199 2093 1431 2130 ostentando.
1487 2095 1629 2130 Verum
1653 2095 1700 2131 de

106 2146 178 2186 istis
203 2146 436 2196 largitoribus
461 2159 542 2184 non
573 2147 739 2185 multum
769 2147 1003 2193 aberraverit,
1031 2149 1095 2197 qui
1123 2145 1325 2183 istiusmodi
1354 2145 1533 2192 judicium
1558 2148 1701 2195 fecerit,

106 2211 255 2241 tantum
284 2202 467 2239 nimirum
489 2203 528 2238 in
557 2201 738 2239 docili-inis
768 2201 1036 2253 philosophiae,
1067 2203 1165 2237 inter
1185 2201 1323 2238 horum
1338 2203 1526 2248 vanitates,
1555 2205 1703 2241 &veras

106 2268 213 2303 artes',
243 2256 423 2302 interesse,
452 2256 743 2304 quantuminter
759 2269 816 2293 res
830 2255 1043 2307 gellasjulii
1061 2255 1237 2302 Caesaris,
1266 2267 1327 2294 aut
1339 2256 1544 2294 Alexandri
1557 2258 1703 2308 Magni,

107 2314 145 2349 &
162 2324 219 2349 res
237 2311 347 2360 gestas
362 2310 552 2347 Amadicii
567 2322 610 2348 ex
631 2312 761 2357 Gallia,
792 2321 853 2348 aut
868 2311 1026 2348 Arthuri
1043 2322 1084 2347 cx
1113 2309 1309 2356 Britannia,
1338 2309 1377 2348 in
1400 2310 1564 2349 historiae
1585 2324 1705 2350 narra-

107 2366 274 2406 tionibus
289 2363 438 2402 interlit.
494 2366 739 2403 Inveniuntur
764 2364 864 2403 enim
887 2361 1077 2402 clarissimi
1100 2363 1153 2401 illi
1169 2364 1410 2414 imperatores
1425 2378 1549 2403 revera
1565 2368 1706 2412 majora

108 2417 261 2472 gessiss'e,
290 2431 402 2469 quam
432 2421 646 2457 umbratiles
669 2419 722 2457 isti
748 2419 880 2457 heroes
909 2417 1021 2458 etiam
1050 2419 1170 2456 feciffe
1192 2419 1398 2469 finganturs
1429 2420 1490 2457 sed
1517 2420 1641 2459 modis
1669 2425 1707 2459 δε

109 2475 178 2514 viis
191 2475 328 2513 scilicet
357 2476 550 2512 :xenonum
578 2476 738 2512 minime
757 2473 930 2513 fabulosis
954 2476 990 2510 δε
1005 2472 1231 2523 prodigiosis.
1291 2476 1428 2523 Neque
1444 2486 1639 2527 propterca
1652 2489 1710 2513 ae-

111 2542 229 2580 quum
257 2530 305 2567 est
332 2541 438 2567 verae
467 2531 673 2567 memoriae
701 2529 814 2567 fidem
848 2527 1028 2578 derogari,
1057 2529 1160 2577 quod
1183 2540 1203 2565 a
1233 2529 1364 2566 fabulis
1389 2530 1452 2566 illa
1482 2530 1710 2581 quandoque

114 2583 261 2623 laesa-fit
283 2587 318 2622 ὃς
337 2583 483 2621 violata.
541 2585 612 2622 Sed
637 2584 786 2622 interim
811 2584 970 2622 minime
997 2581 1136 2620 mirum
1166 2583 1224 2628 est,
1254 2582 1278 2619 fi
1302 2582 1619 2634 propositionibus
1643 2598 1710 2622 no-

114 2639 166 2678 vis
192 2638 419 2691 (praesertim
441 2651 529 2676 eum
557 2641 756 2677 mentione
779 2637 953 2688 operum)
998 2649 1178 2687 magnum
1207 2636 1247 2674 iit
1276 2638 1414 2675 fastum
1445 2639 1712 2688 praejudicium

80 2722 83 2726 Α
106 2706 180 2745 -per
201 2694 283 2732 istos
307 2694 537 2743 impostores,
565 2695 629 2742 qui
650 2692 778 2731 similia
799 2704 1052 2733 tentaverunt3
1081 2705 1167 2730 cum
1191 2691 1356 2730 vanitatis
1385 2693 1538 2731 excefl'us
1562 2696 1598 2731 ὅ(
1622 2694 1712 2731 falli-

116 2749 233 2796 dium,
263 2747 490 2787 etiamnunc
513 2760 671 2786 omnem
690 2748 730 2786 in
752 2749 935 2795 ejusmodi
961 2746 1154 2785 conatibus
1182 2746 1529 2796 magnanimitatem
1557 2749 1714 2786 destrux—

118 2805 200 2842 erit.

148 2859 409 2897 ›LXXXVHL
438 2858 511 2895 Ar
539 2859 653 2907 longe
674 2858 815 2902 majora
839 2869 858 2894 a
881 2854 1194 2905 pusillanimitate,
1223 2859 1261 2894 δε
1289 2857 1503 2907 pensorum,
1533 2870 1627 2907 quae
1650 2858 1713 2895 hu-

119 2924 230 2950 mana
258 2911 429 2951 industria
444 2911 508 2949 fibi
525 2912 731 2964 proposuit,
760 2910 938 2962 parvitate
958 2914 995 2949 &
1018 2911 1210 2957 tenuitate,
1238 2913 1463 2950 detrimenta
1492 2912 1529 2950 in
1552 2912 1717 2950 scientias

122 2965 261 3004 inchta
282 2968 377 3005 sunt.
434 2968 481 3004 Et
506 2978 633 3005 tamen
664 2965 784 3018 (quod
809 2963 1010 3017 pessimum
1037 2964 1103 3015 est)
1133 2965 1410 3016 pusillanimitas
1438 2967 1499 3005 issa
1532 2979 1612 3004 non
1642 2965 1717 3003 fine

122 3022 328 3072 arrogantia
349 3024 386 3061 ὃ(
400 3021 542 3060 fastidio
567 3020 601 3060 se
621 3021 744 3060 offert.

1506 3077 1717 3113 Palmum

1745 217 1838 265 295
