2040 3439
186 246 253 290 60
389 239 489 285 DE
542 225 1048 283 AUGMENTIS
1100 215 1936 276 SCIENTIARUM.Lib.1}f.

317 335 541 391 prae-valet,
570 332 620 385 cst
638 332 841 386 shpientia.
897 332 1044 382 Quibus
1056 329 1174 368 verbis
1191 330 1328 375 innuit,
1345 327 1458 365 medii
1471 328 1697 377 prudentem
1714 330 1944 369 electionem

330 391 512 431 efficacius
537 382 746 428 conducere
763 388 807 424 ad
830 398 923 432 rem,
952 398 1065 434 quam
1085 386 1221 422 virium
1247 394 1309 421 aut
1333 385 1590 421 intentionem
1616 393 1678 422 ant
1702 387 1940 424 accumulati»

331 460 459 485 onem.
517 448 616 483 Haec
640 454 679 480 nt
710 444 832 479 dican]
860 441 950 477 illud
982 440 1157 490 impellit,
1185 439 1289 490 quod
1318 438 1434 484 (salvo
1455 437 1597 488 semper
1621 450 1755 476 eorum
1779 440 1944 488 honore,>

329 505 395 551 qui
417 503 463 539 de
488 497 602 538 literis
624 497 976 546 quomodocunque
1001 495 1234 541 meruerunt)
1252 493 1436 545 perspicio
1460 503 1572 542 atque
1595 494 1869 543 animadverto,
1898 499 1942 533 'o-

330 569 417 608 pera
432 566 566 593 eorum
595 564 705 602 atque
740 552 817 588 asta
845 551 1032 599 pleraque,
1062 549 1108 587 ad
1136 548 1456 598 magnificentiam
1478 546 1602 600 potius
1632 551 1670 586 ὃς
1695 551 1866 587 nominis
1887 550 1944 588 sui?

331 612 570 655 memoriam,
600 620 716 657 quam
736 606 782 643 ad
803 605 1044 643 scientiarum
1065 603 1227 655 ipsarum
1251 603 1462 654 profeCmm
1484 605 1520 640 &
1535 613 1738 652 augmenta
1753 604 1942 655 spectasse:

330 669 366 703 &
401 667 637 702 literatorum
661 663 785 712 potius
813 672 1021 699 numerum
1049 659 1194 706 auxiss‘e,
1223 671 1337 707 quarn
1366 658 1506 696 artibus
1526 656 1608 708 ipsis
1635 659 1803 698 multum
1824 660 1943 698 incre-

333 722 453 757 menti
471 718 640 756 attuli'ss‘e.

386 776 487 812 Act
501 781 585 811 ION
599 784 647 809 Es
675 782 801 810 antem
826 773 862 808 δε
893 782 1018 822 opera,
1047 780 1142 819 quae
1159 769 1203 806 ad
1221 770 1344 806 literas
1359 767 1635 818 amplificandas
1649 767 1850 818 pertinent,
1878 771 1946 808 cir-

333 843 374 867 ca
398 832 468 867 tria
492 828 684 866 versantur
707 827 872 873 objecta:
904 826 1015 862 Circa
1038 826 1232 862 literarum
1257 823 1356 861 sedes
1367 841 1380 866 ‚-
1412 825 1508 860 circa
1523 823 1661 864 libros;
1691 826 1729 861 ὅ(
1749 825 1846 863 circa
1865 836 1945 876 pet-

335 886 440 922 sonas
457 884 705 921 eruditorum.
763 881 1100 933 Quemadmodum
1122 881 1226 917 enim
1241 891 1346 927 aqua,
1375 876 1445 916 five
1462 890 1505 915 ex
1525 878 1675 916 coelesti
1695 891 1782 917 rore
1796 879 1943 918 descen-

334 942 438 985 dens,
456 938 525 976 sive
541 951 582 975 ex
593 936 765 975 fontibus
782 937 994 982 scaturiens,
1011 935 1118 972 facile
1130 934 1354 985 disperditur
1371 931 1651 985 &dispergitur,
1668 931 1735 971 nisi
1747 936 1945 985 colligatur

337 998 374 1032 in
391 997 512 1043 aliqua
529 993 770 1042 receptacula,
801 991 864 1028 ubi
880 1003 945 1041 per
961 993 1146 1028 unionem
1166 992 1201 1027 ἃ
1223 987 1559 1039 congregationem
1575 987 1611 1025 se
1627 987 1825 1027 sustentare
1840 993 1876 1028 ὅ(
1890 990 1947 1028 fo-

334 1062 419 1088 vere
437 1045 560 1099 possir,
592 1048 722 1099 (quem
737 1049 776 1084 in
792 1046 908 1082 finem
923 1044 1146 1096 excogitavit
1162 1045 1310 1082 solertia
1320 1044 1484 1081 humana
1496 1043 1947 1093 aquaeductus,cistcrnas,

333 1105 468 1154 stagna,
498 1116 613 1152 eaque
635 1105 748 1139 etiam
766 1103 873 1138 variis
894 1102 1128 1138 ornamentis
1152 1099 1433 1145 condecoravit,
1463 1111 1557 1147 quac
1579 1099 1883 1148 magnificentiae
1909 1103 1948 1139 &

335 1161 523 1208 dignitati,
554 1171 634 1195 non
652 1157 774 1193 minus
795 1168 909 1204 quam
924 1155 1004 1194 usui
1021 1158 1056 1192 ὃ(
1073 1151 1281 1193 necestitati·
1296 1154 1517 1202 deserviant)
1545 1151 1716 1191 similiter
1740 1155 1869 1204 liquor
1884 1155 1948 1194 iste

338 1215 510 1252 scicntiue
541 1209 832 1262 pretiolissimns,
863 1210 934 1248 sive
964 1223 984 1247 a
1008 1210 1135 1247 divina
1170 1208 1415 1260 inspiratione
1440 1208 1612 1255 destillet,
1642 1207 1715 1247 five
1747 1223 1769 1248 e
1789 1208 1950 1249 sensibus

335 1271 471 1314 exiliat,
501 1281 589 1304 mox
619 1269 757 1318 periret
787 1268 913 1302 omnis
939 1275 1050 1313 atque
1075 1264 1324 1310 evanesceret,
1352 1262 1422 1301 nist
1447 1262 1734 1302 conservaretur
1763 1266 1805 1302 in
1828 1266 1946 1313 libris,

338 1324 614 1369 traditionibus,
655 1320 867 1368 colloquiis,
904 1332 945 1357 ac
969 1321 1164 1370 praecipue
1193 1319 1239 1362 in,
1262 1320 1355 1355 locis
1383 1317 1492 1355 certis
1521 1317 1578 1354 hi's
1608 1319 1718 1356 rebus
1747 1319 1947 1368 destinatis,

337 1381 461 1425 quales
488 1378 569 1414 sunt
599 1377 821 1423 academiae,
849 1377 1022 1425 collegia,
1051 1375 1210 1421 scholae,
1240 1374 1304 1411 ubi
1333 1376 1369 1411 &
1395 1383 1659 1426 permanentes
1685 1375 1818 1413 habeat
1846 1375 1953 1414 sedes

338 1439 373 1471 <x
395 1433 582 1470 crescendi
600 1431 748 1482 insuper
771 1434 807 1468 ὃ(
824 1430 858 1467 se
872 1431 1130 1480 congregandi
1146 1431 1296 1480 copiam
1312 1431 1349 1466 ὃ(
1364 1428 1593 1465 facultatem.
1880 1433 1882 1437 “
1926 1476 1928 1478 q

388 1489 459 1525 Ac
490 1489 627 1539 prinu),
658 1498 783 1536 opera,
813 1499 908 1534 quae
936 1486 981 1523 ad
1010 1484 1202 1522 musarum
1232 1484 1332 1521 sedes
1361 1483 1538 1535 speciant,
1568 1493 1732 1531 quatuor
1750 1497 1953 1524 numeran-

337 1554 425 1580 tur:
454 1542 741 1579 AEdificiorum
772 1539 968 1582 structura3
998 1551 1254 1591 proventuum
1281 1540 1458 1577 dotati03
1486 1540 1773 1590 privilegiorum
1798 1541 1949 1580 conces-

337 1596 415 1639 fios
446 1596 661 1649 disciplinae
676 1598 733 1633 lex
750 1598 785 1632 ὃ(
801 1596 1005 1637 instituti03
1034 1608 1129 1644 quae
1144 1596 1275 1632 omnia
1294 1594 1339 1631 ad
1361 1592 1536 1630 secess'um
1557 1596 1594 1631 ὅ(
1613 1596 1738 1632 otium
1761 1596 1817 1643 (ut
1837 1597 1952 1646 pluti-

338 1654 460 1701 mnm)
478 1653 681 1690 conferunt
698 1653 734 1689 ὃ(
755 1651 800 1688 ad
810 1653 1046 1689 vacationem
1061 1662 1080 1687 a
1095 1653 1191 1688 curis
1207 1653 1243 1687 ὃς
1259 1647 1437 1686 molestiis
1454 1662 1461 1684 :
1492 1650 1614 1697 qualia
1631 1648 1715 1688 sunt
1731 1663 1824 1701 quac
1838 1652 1884 1690 ad
1899 1653 1950 1691 al-

339 1709 460 1748 vearia
475 1706 745 1754 constituenda,
776 1708 817 1745 in
832 1706 940 1745 usum
954 1707 1091 1754 mellis,
1122 1707 1278 1755 requirit
1292 1705 1476 1754 Virgilius
1492 1717 1506 1744 5-

561 1815 768 1868 Principio
777 1813 893 1869 st’des
911 1814 1046 1868 apibus
1058 1814 1256 1869 statioque
1274 1812 1456 1867 petenda,

562 1871 655 1925 Qto
675 1883 794 1925 neque
805 1869 862 1922 stt
886 1873 1022 1910 ventis
1049 1869 1196 1919 aditus,
1226 1874 1296 1909 &a

393 1981 468 2019 Ar
492 1994 606 2032 opera
625 1984 722 2021 eirea
742 1983 860 2020 libros
874 1982 951 2021 duo
968 1983 1051 2021 sunt
1071 1983 1278 2033 praecipua.
1335 1983 1508 2020 Primum
1521 1980 1786 2030 bibliothecae,
1816 1984 1856 2021 in
1872 1985 1952 2033 qui-

341 2037 408 2075 bus
419 2048 598 2087 tanquam
614 2038 824 2085 mausoleis,
852 2037 1060 2088 priscorum
1076 2038 1289 2075 sanctorum
1305 2039 1497 2086 reliquiae,
1525 2039 1673 2075 virtutis
1687 2038 1830 2087 plenae,
1860 2052 1951 2078 cond

341 2092 548 2130 ditaesunt.
607 2095 795 2140 Secundo,
811 2105 931 2131 novae
947 2094 1135 2131 editiones
1158 2093 1366 2139 austerum,
1395 2092 1715 2130 emendatioribus
1742 2091 1952 2146 impr-efflo-

341 2148 464 2194 nibus,
492 2148 725 2186 fidelioribus
760 2147 1000 2196 versionibus,
1045 2148 1276 2186 ultilioribus
1300 2148 1598 2196 commentariis,
1640 2150 1953 2189 annotationibus

341 2205 460 2252 magis
476 2201 731 2252 diligentibus,
761 2206 797 2241 ὅ(
813 2203 1029 2247 hujusmodi
1046 2202 1249 2250 famulitio,
1279 2202 1473 2241 instruitae
1487 2206 1525 2241 ὅ(
1539 2213 1706 2240 ornatae.

395 2260 568 2295 PORRo·
595 2271 719 2308 opera,
740 2271 834 2308 quae
854 2259 1093 2297 literatorum
1108 2257 1310 2296 hominum
1337 2257 1512 2308 personas
1533 2258 1747 2308 respiciunt,
1779 2259 1951 2310 (praetet—

342 2325 452 2360 quam
475 2314 578 2362 quod
599 2312 661 2366 ipsi
685 2314 846 2351 ornandi
871 2311 939 2350 sint
961 2316 997 2351 &
1018 2314 1285 2364 promovendi)
1303 2312 1387 2351 sunt
1403 2315 1518 2351 etiam
1534 2313 1613 2351 duo
1633 2327 1640 2349 :
1673 2315 1957 2354 Remuneratio'

343 2370 379 2404 δε
407 2366 612 2418 designatio
636 2370 835 2416 lestorum,
864 2370 904 2406 in
928 2371 1068 2407 artibus
1095 2369 1316 2416 jamdudum
1351 2367 1514 2406 inventis
1540 2371 1577 2406 &
1608 2368 1796 2418 cogniti„
1825 2373 1863 2408 &
1895 2383 1951 2409 re-

344 2426 557 2461 muneratio
574 2437 614 2461 ac
630 2423 836 2475 defignatio
856 2423 1093 2476 scriptorum,
1123 2426 1220 2462 circa
1234 2436 1292 2462 eas
1307 2424 1501 2462 doetrinae
1514 2433 1648 2476 parteS,
1676 2436 1772 2474 quae
1794 2437 1877 2463 non
1900 2425 1950 2465 sa-

344 2479 391 2513 tis
407 2478 581 2516 hactenns
597 2481 762 2518 excultae
777 2490 838 2517 aut
860 2479 1069 2517 elaboratae
1091 2479 1186 2517 sunt.

368 2580 371 2583 Ι
400 2534 530 2570 HAEC
561 2535 776 2572 suminatim
799 2547 915 2584 opera
945 2534 1028 2571 sunt
1054 2537 1091 2572 &
1114 2536 1204 2582 acta,
1233 2535 1274 2572 in
1300 2534 1436 2583 quibus
1461 2534 1697 2582 inclytorum
1719 2535 1948 2588 principum,

346 2586 581 2635 aliorumque
607 2591 803 2628 illustrium
831 2591 1000 2628 virorum
1024 2591 1242 2642 promerita,
1281 2601 1367 2639 erga
1395 2600 1475 2626 rem
1500 2587 1700 2626 literariam
1722 2591 1949 2630 claruerunt.

349 2641 406 2677 De
436 2645 644 2690 particulari
661 2646 813 2690 alicujus
838 2645 1222 2692 commemoratione,
1250 2646 1315 2694 qui
1341 2644 1389 2681 de
1418 2642 1533 2681 literis
1549 2645 1645 2681 bene
1668 2647 1820 2694 meruit,
1848 2649 1951 2696 cogi-

348 2699 454 2743 tanti,
484 2701 646 2736 occurrit
670 2702 759 2738 illud
794 2702 1006 2748 Ciceronis,
1036 2700 1139 2748 quod
1168 2712 1269 2747 eum,
1299 2699 1378 2749 post
1401 2699 1565 2736 reditum
1594 2698 1715 2748 suum,
1743 2701 1790 2738 ad
1814 2703 1952 2751 gratias

348 2751 558 2798 promiscue
593 2756 750 2802 agendas
784 2757 961 2806 impulit3
998 2752 1154 2793 difficile
1190 2767 1270 2792 non
1304 2756 1470 2804 aliquem
1507 2755 1698 2804 ingratum
1731 2768 1949 2805 quenquam

347 2809 557 2854 praeterire.
614 2810 755 2857 Potius,
794 2814 858 2859 (ex
884 2810 1148 2861 scripturarum
1176 2808 1354 2858 consilio)
1389 2808 1549 2859 spatium
1580 2810 1806 2859 intueamur,
1843 2811 1949 2860 quod

345 2860 466 2897 adhuc
495 2862 596 2900 restat
625 2865 665 2900 in
685 2864 798 2903 stadio
822 2866 1124 2907 decurrendum3
1153 2877 1269 2915 quam
1291 2866 1423 2903 oeulos
1448 2863 1679 2903 reflectamus
1698 2866 1745 2903 ad
1772 2878 1826 2914 ea,
1854 2874 1952 2916 ‘quae

347 2926 367 2951 a
382 2926 490 2965 tergo
509 2918 732 2969 jampridem
753 2922 985 2971 reliquimus.

406 2972 467 3008 PR
480 2982 493 3008 1
503 2983 537 3008 M
547 2983 617 3010 UM
641 2972 766 3022 igitur,
788 2978 887 3013 inter
903 2987 962 3014 tot
977 2975 1092 3014 totius
1106 2976 1278 3027 Europae
1292 2975 1464 3025 collegia,
1479 2971 1766 3026 praeclarissime
1780 2975 1949 3026 fundata,

347 3027 479 3063 onmia
507 3028 569 3064 illa
597 3030 705 3065 certis
732 3027 1025 3080 profeffionibus
1047 3031 1224 3069 destinata
1254 3030 1322 3069 effe
1343 3029 1521 3078 demiror,
1550 3031 1655 3068 nulla
1684 3031 1812 3069 liberis
1834 3042 1947 3082 atque

349 3081 614 3121 univcrlhlibus
638 3085 775 3122 artium
804 3087 839 3122 ὃς
868 3085 1104 3125 scientiarum
1131 3084 1256 3126 studiis
1274 3085 1452 3125 dedicata.
1509 3087 1613 3127 Nam
1640 3083 1666 3124 fi
1695 3087 1778 3137 quis
1805 3087 1947 3133 judicet

1736 3142 1953 3182 doctrinam·
