2040 3465
272 183 784 240 REDARGUTITO
810 192 1516 252 “PHIL'OSQP'HIARUM

133 283 316 320 Timar:
345 281 376 318 is
398 281 565 332 nothing
593 283 634 321 in
653 294 726 320 our
750 285 898 333 region,
927 284 1054 324 which
1073 287 1123 338 by
1142 289 1329 340 approach
1344 291 1393 330 of
1411 305 1433 330 a
1452 301 1591 334 matter
1612 296 1696 348 hot,

89 334 169 376 'will
179 345 251 374 not
265 335 354 374 take
368 335 455 374 heat
471 337 519 385 by
534 335 732 375 transition
747 349 793 375 or
806 338 1022 379 excitation.
1185 362 1187 365 ·

91 438 94 440 v
141 393 315 429 Tur-,nn
341 391 373 428 is
391 390 558 442 nothing
571 391 642 429 hot
654 392 745 430 here
760 392 854 432 with
876 402 929 442 us,
957 396 1024 434 but
1038 395 1067 434 is
1080 397 1122 435 in
1148 405 1170 436 a
1185 397 1278 437 kind
1293 400 1342 438 of
1354 402 1637 456 consumptioni,
1667 408 1704 446 if

89 449 119 486 it
133 458 235 495 carry
251 445 337 483 heat
347 446 389 483 in
404 447 435 483 it
452 445 537 488 self3
565 446 691 484 forali
706 446 796 485 fired
807 448 935 499 'things
944 461 1005 488 are
1021 452 1132 501 ready
1146 464 1190 490 to
1199 454 1393 503 consume,
1420 458 1553 497 ehafed
1573 461 1697 514 things

89 514 151 540 are
169 500 279 549 ready
299 499 435 542 tofirc,
464 501 539 538 and
554 501 618 539 the
634 502 718 539 hear
733 502 781 540 of
795 514 905 542 mens
924 505 1056 542 bodies
1070 508 1233 546 ncedeth
1249 511 1407 549 aliment
1422 521 1466 550 to
1480 514 1628 554 restore.

146 558 250 594 Tim
278 553 476 593 tranfitiOn
491 556 540 594 of
553 556 637 594 heat
653 559 683 594 is
703 558 868 596 without
883 571 954 608 any
972 559 1175 612 imparting
1189 563 1238 600 of
1249 564 1448 614 substance,
1477 571 1550 607 and
1566 582 1628 619 yet
1644 585 1698 609 re·

90 609 259 651 maineth
281 610 375 647 after
400 610 466 648 the
494 611 597 660 body
617 611 751 650 heated
775 612 803 650 is
827 614 1072 657 withdrawm
1102 616 1164 655 for
1189 619 1217 655 it
1239 620 1267 655 is
1281 628 1352 658 not
1373 620 1448 659 like
1472 624 1605 672 finem,
1636 627 1696 664 for

88 668 177 716 they
186 666 288 703 leave
304 664 409 702 some
422 667 493 703 aits
507 674 553 704 or
573 677 671 716 parts
685 678 756 705 not
771 669 848 706 like
863 669 971 718 light,
1000 670 1060 711 for
1074 671 1153 709 that
1169 674 1319 712 abideth
1339 687 1408 713 not
1425 679 1535 716 when
1552 680 1615 718 the
1625 681 1697 719 first

89 722 204 770 bodyv
221 721 251 757 is
279 721 473 767 removed,
502 731 574 759 not
599 722 732 759 unlike
760 733 805 759 to
830 724 894 760 the
930 726 1081 763 motion
1112 727 1161 763 of
1179 728 1243 766 the
1263 730 1489 779 mad-stone,
1519 734 1642 772 which
1668 738 1697 773 i<

89 779 170 816 lent
184 775 349 812 without
358 774 534 813 adhesion
547 776 596 814 of
604 776 809 819 substance3
837 778 897 815 for
909 778 943 815 if
948 780 1010 817 the
1025 782 1109 818 iron
1121 782 1166 819 be
1177 783 1261 820 iiled
1279 785 1404 823 where
1418 786 1444 824 it
1458 800 1529 827 was
1544 790 1697 835 rubbed,

90 842 155 884 yet
163 831 294 870 inwill
304 830 413 868 -draw
428 843 474 869 or
489 841 588 870 turn.

169 1030 1530 1202 ⁴[REDARGUTIO

92 1207 1701 1304 PHILOSOPHIARUMz

91 1390 339 1528 DUM
369 1389 459 1427 haee
469 1389 678 1437 trastarem,
695 1391 897 1428 intervenit
909 1392 1048 1430 amicus
1063 1405 1170 1431 meus
1184 1393 1337 1445 quidam
1352 1397 1395 1434 e'x
1409 1397 1530 1436 Gallia
1540 1400 1700 1446 rediens,

241 1457 377 1497 'quem
397 1457 486 1482 eum
507 1444 724 1492 salutass'em‚
753 1456 863 1497 arque
887 1459 960 1497 ego
985 1446 1106 1495 illum,
1134 1448 1197 1487 ille
1223 1462 1285 1487 me
1313 1451 1360 1488 de
1381 1452 1488 1491 rebus
1504 1454 1636 1492 nostris
1652 1455 1700 1492 fa-

263 1498 458 1547 miliariter
479 1499 821 1549 interrogass'emus:
853 1503 914 1539 Tu
942 1514 1046 1549 vero,
1075 1502 1210 1552 inquit,
1239 1507 1360 1543 vacuis
1379 1508 1453 1544 tuis
1477 1508 1522 1545 ab
1547 1512 1704 1560 o'ecup'a-

90 1551 259 1593 tionibus
273 1555 443 1594 civilibus
459 1555 673 1602 intervallis,
702 1567 764 1593 aut
781 1555 910 1593 liutem
927 1559 1207 1597 remittentibus
1223 1560 1384 1610 negotiis
1399 1561 1487 1610 quid
1499 1563 1595 1612 agis?
1626 1567 1704 1614 Op-

90 1612 269 1662 portune,
298 1609 465 1658 inquam,
495 1621 584 1647 nam
608 1622 657 1647 ne
682 1610 733 1647 nil
760 1622 821 1649 me
849 1623 956 1661 agere
982 1611 1173 1660 existimes,
1203 1616 1370 1653 meditor
1399 1618 1704 1656 instaurationem

92 1664 365 1716 philospphiae,
394 1664 577 1710 ejusmodi
598 1677 692 1716 quae
716 1665 808 1701 nihil
836 1666 955 1702 inanis
979 1678 1041 1704 aut
1065 1668 1229 1706 abstraffi
1251 1667 1395 1718 habeat,
1424 1681 1593 1722 quaeque
1609 1673 1702 1711 vitae

94 1719 535 1758 humanaeconditiones
555 1721 595 1756 in
612 1721 746 1757 melius
767 1721 957 1771 provehat.
1015 1723 1225 1761 Honestum
1240 1724 1412 1775 profesto
1427 1738 1533 1778 opuS‚
1562 1727 1695 1776 inquit:

94 1768 131 1812 ἃ
156 1787 253 1823 quos
274 1774 391 1812 socios
411 1775 540 1812 habes?
569 1775 652 1822 Ego
677 1785 789 1820 certe,
818 1774 984 1824 iuquam,
1013 1777 1186 1827 profesto
1206 1780 1351 1816 nullos:
1380 1782 1472 1832 quin
1490 1794 1559 1819 nec
1584 1790 1705 1834 quen-

92 1842 208 1879 quam
229 1830 351 1867 habeo
370 1842 449 1878 quo
478 1841 565 1866 eum
587 1829 818 1865 familiariter
837 1830 885 1866 de
912 1831 1129 1876 hujusmodi
1151 1833 1258 1870 rebus
1278 1834 1448 1883 colloqui
1481 1833 1632 1885 possim‚
1663 1840 1705 1877 ut

95 1898 158 1922 me
181 1885 310 1922 stlitem
340 1883 520 1936 explicem
541 1882 579 1920 &c
608 1895 794 1920 exacuam.
853 1885 992 1931 Durae,
1024 1886 1159 1934 inquit,
1190 1898 1309 1936 partes
1332 1896 1417 1926 tuae
1444 1889 1549 1927 sunt:
1579 1894 1616 1929 δε
1644 1891 1706 1931 sta-

94 1943 168 1977 tim
180 1939 339 1986 addidit,
367 1944 479 1988 at'que
496 1940 623 1976 tamen
644 1938 738 1975 scito
758 1939 846 1976 haee
862 1940 941 1976 :iliis
956 1952 1064 1978 curae
1084 1942 1163 1979 ess'e.
1221 1944 1324 1979 Tum
1341 1951 1414 1994 'ego
1428 1945 1598 1983 laetatus:
1627 1959 1709 1998 gut-

94 1992 187 2042 tulfi,
216 1993 384 2043 inquam,
412 2006 474 2031 me
485 1991 668 2045 aspersisti,
697 1997 807 2042 atq'ue
823 1996 989 2031 animam
1006 1995 1201 2033 reddidisti.
1258 1998 1454 2047 Egoehim
1465 2012 1581 2038 anum
1596 2013 1712 2050 quan·

95 2051 186 2088 dam
201 2049 393 2087 fatidicam
409 2050 557 2086 nonita
571 2047 717 2098 pridem
732 2048 905 2095 conveni,
936 2062 1030 2098 quac
1047 2052 1141 2088 mihi
1158 2051 1285 2089 neseio
1298 2052 1385 2101 quid
1402 2054 1711 2103 obmurmurans,

95 2106 296 2143 vaticinata
310 2105 370 2149 est,
401 2104 550 2141 foetum
574 2115 704 2140 meum
734 2102 771 2140 in
804 2103 1006 2142 solitudine
1029 2108 1251 2155 periturum„
1308 2108 1385 2156 Vis,
1414 2108 1550 2159 inquit,
1579 2123 1620 2149 ut
1640 2114 1710 2150 tibi

98 2170 253 2198 narrem
277 2171 370 2212 quae
392 2159 487 2196 mihi
513 2160 553 2195 in
583 2157 703 2195 Gallia
726 2160 821 2195 circa
843 2159 1059 2205 hujusmodi
1084 2161 1281 2212 negotium
1302 2162 1519 2205 evenerunt.
1575 2166 1710 2206 Liben-

96 2211 251 2262 'ti-ffime‚
279 2217 448 2263 inquam,
479 2224 590 2262 atque
605 2212 751 2264 insuper
766 2215 923 2263 gratiam
947 2214 1106 2254 habebo.

151 2272 270 2308 TUM
298 2268 424 2306 retulit
451 2269 485 2306 se
501 2266 643 2306 Parisiis
659 2279 835 2305 vocatum
851 2282 871 2306 a
886 2270 1052 2318 quodam
1069 2270 1192 2309 amico
1218 2272 1296 2318 suo,
1325 2282 1435 2322 atque
1451 2271 1712 2315 introdustum

98 2324 368 2363 inconsonum
389 2326 573 2370 virorum,
603 2324 766 2371 qualems
796 2325 930 2375 iuquit,
961 2327 1018 2362 vel
1047 2335 1088 2364 tu
1117 2327 1242 2364 videre
1267 2328 1396 2369 vellem
1426 2328 1520 2366 nihil
1542 2333 1646 2368 euim
1671 2335 1711 2369 in

95 2383 172 2418 vita
194 2380 289 2417 mihi
312 2379 444 2416 accidit
466 2377 675 2424 jucundius.
736 2380 854 2416 Erant
879 2386 1004 2417 autem
1024 2382 1172 2419 circiter
1193 2382 1464 2432 quinquaginta
1483 2383 1562 2432 viri,
1593 2391 1713 2438 nequ'e'

100 2448 144 2473 ex
166 2437 210 2473 iis
223 2434 421 2484 quisquam
438 2433 664 2477 adolescens,
694 2431 752 2470 scd
770 2445 904 2470 omues
920 2446 1037 2472 aetate
1058 2437 1322 2486 proveffior‘es,
1351 2437 1489 2487 quique
1510 2441 1615 2478 vultu
1632 2442 1714 2491 ipso

100 2492 329 2540 dignitatem
353 2501 440 2526 cum
457 2490 642 2541 probitate
667 2486 798 2537 singuli
825 2500 911 2541 prae
936 2490 971 2527 se
999 2491 1151 2528 ferrent.
1209 2494 1310 2529 Inter
1330 2490 1425 2543 quos
1439 2495 1559 2532 aicb'at
1577 2495 1611 2533 se
1626 2493 1714 2547 eog-

100 2545 244 2583 noviffe
259 2546 468 2582 nonnullos
483 2544 693 2581 honoribus
719 2543 947 2594 permistos,
976 2557 1085 2596 atque
1101 2547 1194 2584 alios
1210 2558 1252 2584 cx
1277 2547 1422 2590 senatu;
1450 2548 1562 2586 'etiam
1578 2552 1715 2589 antisti-

98 2610 157 2639 tes
169 2600 358 2638 sacrorum
375 2598 547 2648 insignes,
578 2608 687 2646 atque
709 2610 750 2635 ex
773 2598 880 2635 omni
896 2599 972 2637 fere
991 2602 1126 2638 o‘rdine
1146 2603 1401 2640 eminentiore
1416 2605 1579 2655 aliquos;
1607 2617 1715 2644 erant

100 2655 214 2693 etiam
233 2655 400 2706 quidam,
431 2665 470 2691 ut
486 2652 617 2699 aiebat,
647 2655 838 2703 peregrini
859 2665 901 2690 ex
930 2654 1078 2693 diversis
1102 2657 1331 2694 nationibus.
1389 2658 1520 2707 Atque
1540 2669 1628 2697 eum
1649 2662 1713 2699 ille

104 2712 232 2762 primo
266 2710 476 2754 introiisset,
506 2710 651 2744 invenit
679 2720 744 2745 eos
771 2709 1004 2747 familiariter
1025 2713 1124 2748 inter
1161 2712 1196 2748 se
1229 2713 1512 2762 colloquentes3
1540 2714 1714 2754 sedebant

103 2776 231 2803 tamen
247 2765 384 2801 ordine
402 2763 571 2800 sedilibus
586 2761 782 2813 dispofitis,
810 2775 851 2800 ae
867 2763 981 2802 veluti
1000 2766 1203 2803 adventum
1220 2768 1373 2809 alicujus
1384 2768 1623 2818 expediaiites.

115 2844 123 2862 z
161 2822 336 2871 NEQUE
368 2822 416 2856 ita
438 2820 564 2854 multo
594 2818 673 2866 post
703 2817 879 2867 iugress'us
902 2819 951 2857 est
973 2820 1017 2856 ad
1047 2832 1113 2857 cos
1138 2820 1192 2857 vir
1215 2821 1383 2870 quidam,
1413 2822 1577 2873 aspeflus
1609 2826 1662 2871 (ut
1679 2827 1713 2863 ei

103 2875 313 2921 ridebatur)
343 2872 698 2921 admodumplaeidi
715 2875 750 2910 ὃ(
768 2871 896 2920 sereni,
926 2872 990 2911 nisi
1007 2875 1111 2923 quod
1123 2875 1432 2926 oriscompositio
1447 2889 1524 2915 erat
1535 2882 1713 2928 tanquam

106 2928 324 2975 mist-rantis,
354 2930 413 2965 cui
443 2940 530 2965 eum
556 2939 691 2963 omnes
724 2927 1001 2975 assurrexissent‚
1032 2929 1093 2966 ille
1117 2931 1421 2980 circumspicienss
1445 2935 1479 2971 ὅ(
1504 2933 1713 2972 subridens:

106 2986 331 3033 Nunquam,
360 2984 496 3032 inquit,
527 2981 729 3019 existimavi
741 2982 896 3031 potuine
912 2984 1004 3030 fieri,
1033 2994 1073 3022 ut
1089 2987 1215 3022 otium
1232 2989 1409 3025 omnium
1426 2987 1597 3029 vestrum,
1628 3001 1715 3025 cum

1558 3041 1719 3092 singulo<

148 3097 165 3114 ⁹
183 3097 255 3127 vide
271 3097 369 3136 scripta
388 3108 404 3126 a
420 3098 541 3126 Grutero
554 3097 635 3131 edita,
661 3098 742 3135 1653.
756 3108 773 3136 p
801 3100 854 3135 31ss

1777 213 1873 274 ib?
