2040 3439
187 211 287 254 ¹04

391 184 488 239 DE
543 178 1036 237 AUGMENTIS
1089 172 1691 231 SCI'E‘NTIARU'M.
1730 163 1925 232 Liui-111

320 290 377 327 bis
405 285 657 330 arass‘antibus,
695 284 864 320 ubertate
893 282 930 318 &
958 281 1108 316 caritate
1143 277 1313 327 frugum,
1353 278 1475 325 bellis,
1515 276 1773 326 seditionibus,
1813 278 1929 327 sefiis,

320 328 713 391 transmigrationibus
735 337 988 389 populorum3
1016 334 1180 382 denique
1199 334 1245 370 de
1269 332 1446 370 omnibus
1469 344 1595 369 retum
1617 334 1675 370 vel
1698 336 1926 372 naturalium

321 400 381 438 vel
407 398 575 434 civilium
599 394 780 437 motibus,
808 401 870 428 aut
894 388 1456 434 innovationibusmajoribus:
1493 387 1540 424 ad
1563 388 1680 437 magis
1704 401 1829 426 autem
1852 388 1928 438 spe-

325 452 440 498 cialia,
471 454 507 488 &
529 450 627 487 forte
643 445 848 496 singularia,
876 444 1144 494 praedictiones
1165 441 1247 480 istae
1272 443 1374 490 (licet
1389 444 1538 479 minore
1558 441 1793 493 certitudine)
1815 444 1928 482 dedu-

325 510 358 545 ci
375 503 527 559 possint,
547 501 572 540 {i
588 503 742 552 repertis
757 500 880 550 primo
896 498 1111 544 hujusmodi
1125 508 1344 549 temporum
1360 497 1668 535 inclinationibus
1681 500 1928 548 generalibus,

326 564 401 600 aeri
428 560 569 607 judicio
594 559 651 595 vel
676 554 831 606 physico
851 555 910 592 vel
933 555 1104 604 politicO,
1141 551 1372 605 applicentur
1401 551 1472 589 illis
1497 551 1682 602 speciebus
1706 563 1768 590 aut
1796 552 1927 592 indivi-

326 616 418 662 duis,
456 626 549 662 quae
574 611 790 656 huiusmodi
815 609 1069 647 accidentibus
1092 610 1254 644 maxime
1278 605 1349 644 lint
1373 609 1558 648 obnoxia3
1596 609 1710 645 veluti
1735 607 1759 645 si
1783 607 1863 657 quis
1886 621 1930 646 ex

326 670 637 723 praecognitione
660 666 919 715 tempestatum
941 663 1041 710 anni,
1079 675 1137 700 eas
1164 662 1320 712 reperiet
1347 663 1522 711 (exempli
1542 663 1672 712 gratia)
1699 665 1815 713 magis
1835 664 1932 700 oleis

327 737 441 774 quam
465 723 613 769 vitibus,
649 723 765 771 magis
789 717 973 772 phthisicis
994 730 1107 767 quam
1124 717 1311 768 hepaticis,
1347 719 1465 766 magis
1484 716 1616 754 incolis
1636 719 1793 755 collium
1817 730 1931 767 quam

326 779 492 825 vallium,
524 779 642 827 magis
662 777 857 814 monachis
881 786 993 824 quarn
1019 772 1156 820 aulicis,
1196 773 1363 825 (propter
1386 773 1501 810 vietus
1522 774 1709 810 rationem
1732 772 1932 818 diversam)

328 833 501 885 propitias
516 843 577 870 aut
594 831 826 884 perniciosas.
883 831 964 867 Aut
985 827 1010 866 fi
1026 828 1105 878 quis
1126 841 1168 866 ex
1184 829 1408 878 cognitione
1429 828 1602 875 influxus,
1630 840 1745 877 quern
1761 828 1932 866 coelestia

328 892 467 928 habent
492 888 596 937 super
621 887 768 937 spiritus
790 886 988 931 humanos,
1025 885 1180 935 reperiat
1205 896 1292 920 eum
1318 884 1433 920 talem
1459 883 1540 930 effe,
1579 894 1620 921 ut
1646 881 1762 933 magis
1783 881 1934 932 populis

330 957 445 995 quam
469 943 624 993 regibus,
664 943 780 991 magis
807 940 889 978 viris
914 938 1032 976 dofris
1057 942 1093 976 ὅ(
1119 936 1267 976 curiosis
1292 950 1406 987 quam
1434 935 1606 975 animofis
1633 941 1668 975 ὅ(
1694 939 1934 984 militaribus,

328 1001 445 1050 magis
467 999 684 1050 voluptariis
707 1009 819 1045 quam
843 993 1042 1045 negotiosis
1061 1004 1122 1031 aut
1147 995 1322 1044 politicis,
1350 993 1468 1031 faveat
1491 1004 1552 1030 aut
1578 993 1799 1030 adversetur.
1855 993 1932 1031 Hu-

329 1054 494 1103 iusmodi
514 1064 637 1090 autem
665 1055 863 1089 innumera
891 1050 987 1097 sunt,
1024 1049 1085 1086 sed
1111 1049 1448 1100 (quemadmodum
1474 1049 1647 1096 diximus)
1675 1060 1755 1085 non
1777 1058 1927 1086 tautum

331 1111 595 1160 cognitionem
621 1109 723 1144 illam
744 1107 970 1156 generalem,
1007 1116 1100 1153 quae
1127 1105 1284 1141 sumitur
1305 1116 1347 1140 ex
1374 1102 1479 1149 astris,
1518 1104 1627 1152 (quae
1649 1103 1732 1140 sunt
1753 1105 1929 1153 agentizu)

331 1177 463 1203 verum
486 1162 597 1200 etiam
618 1163 875 1212 particularem
901 1160 1152 1204 lubjectorum
1174 1159 1281 1206 (quae
1307 1157 1389 1196 sunt
1415 1155 1562 1207 pafliva)
1584 1160 1791 1207 requirunt.
1857 1159 1934 1196 Ne-

331 1232 406 1269 que
429 1219 627 1256 clecCtiones
650 1216 797 1269 prorsus
817 1214 1037 1261 rejiciendae
1061 1213 1164 1254 sunt3
1201 1213 1262 1250 sed
1285 1212 1423 1262 parcius
1444 1214 1516 1250 iilis
1538 1226 1651 1262 quam
1674 1214 1936 1265 praedistioni-

330 1276 401 1312 bus
421 1273 626 1310 fidendum.
682 1272 867 1310 Videmus
882 1271 985 1306 enim
1010 1271 1049 1305 in
1073 1267 1366 1318 plantationibus
1387 1270 1423 1305 δ(
1446 1268 1770 1315 seminationibus²
1797 1271 1834 1306 δ(
1854 1266 1937 1305 insi-

331 1329 510 1374 tionibus,
539 1338 703 1364 aetatum
723 1327 833 1363 lunae
856 1324 1146 1370 observationes,
1176 1336 1256 1361 non
1277 1323 1346 1360 ess'e
1368 1336 1424 1360 res
1444 1322 1606 1360 omnino
1626 1321 1784 1360 frivolas.
1841 1323 1940 1361 Sunt

334 1388 371 1422 ὁ(
394 1384 513 1420 multa
533 1383 610 1428 ejus
632 1380 787 1432 generis.
844 1382 989 1418 Verum
1013 1382 1049 1416 δε
1069 1380 1269 1416 cleffiones
1292 1377 1375 1416 istae
1399 1378 1508 1415 etiam
1533 1380 1664 1428 magis,
1701 1390 1815 1427 quam
1837 1388 1938 1428 prae-

332 1440 530 1485 dieiiones,
559 1449 623 1487 per
645 1437 784 1474 nostras
808 1436 950 1485 regulas
973 1433 1203 1471 cohibendae
1229 1434 1324 1471 sunt.
1379 1433 1509 1482 Atque
1534 1435 1627 1471 illud
1651 1432 1794 1485 semper
1817 1443 1941 1471 atten-

330 1494 520 1533 dendum3
548 1493 669 1531 valere
692 1492 894 1529 elestiones
919 1492 957 1527 in
979 1489 1050 1526 illis
1075 1500 1224 1526 tantum
1250 1487 1396 1535 casibus,
1427 1488 1489 1525 ubi
1515 1492 1551 1526 ὅ(
1575 1490 1692 1526 virtus
1718 1487 1935 1538 coelestium

332 1549 414 1587 talis
435 1547 488 1595 sit,
519 1559 613 1596 quae
637 1559 717 1584 non
743 1546 867 1583 subito
890 1544 1071 1585 transeat3
1101 1547 1137 1581 &
1162 1544 1260 1581 affio
1286 1543 1510 1581 inferiorum
1532 1542 1695 1580 {imiliter
1717 1544 1814 1590 talis,
1843 1548 1940 1592 quae

333 1616 416 1643 non
431 1603 552 1640 statim
574 1601 804 1642 absolvatur3
834 1601 1157 1649 quemadmodum
1181 1599 1222 1636 fit
1237 1601 1277 1636 in
1293 1598 1366 1636 illis
1386 1598 1576 1648 exemplis,
1605 1611 1698 1647 quae
1714 1600 1941 1636 memoravi-

335 1671 419 1696 mus
434 1672 443 1695 ;
471 1670 560 1695 nam
576 1670 645 1694 nec
661 1660 891 1694 incrementa
906 1657 1016 1693 lunae
1032 1654 1156 1692 subito
1170 1653 1435 1703 transiguntur,
1465 1666 1534 1691 nec
1550 1656 1781 1705 incrementa
1800 1655 1944 1705 planta-·

333 1726 432 1752 rum.
487 1711 736 1751 Punuualitas
758 1723 849 1749 vero
867 1710 1047 1762 temporis
1068 1708 1231 1746 omnino
1251 1709 1488 1761 repudianda.
1545 1710 1796 1746 Inveniuntur
1812 1716 1942 1746 autem'

335 1772 373 1807 &
387 1770 474 1806 talia
489 1769 684 1817 complura
700 1767 816 1815 (quod
838 1765 918 1814 quis
934 1767 1059 1802 minus
1075 1766 1192 1816 putet)
1211 1766 1250 1801 in
1266 1763 1509 1801 eleeiionibus
1523 1766 1620 1801 circa
1635 1765 1768 1801 civilia.
1807 1763 1942 1816 -Qod

337 1823 363 1862 fi
388 1823 467 1873 quis
488 1836 559 1860 nos
580 1823 781 1872 compellat
807 1834 854 1858 eo
876 1823 1046 1866 nomine,
1084 1821 1187 1868 quod
1212 1832 1254 1856 ex
1277 1818 1408 1868 quibus
1435 1818 1498 1856 ista
1521 1818 1715 1868 astrologia
1739 1818 1941 1870 emendata

338 1881 424 1916 elici
439 1875 574 1928 possit3
603 1881 639 1915 ὃ(
660 1876 792 1923 rursus,
820 1877 864 1913 ad
881 1888 974 1927 quae
990 1877 1133 1913 utiliter
1153 1875 1333 1921 adh-iberi,
1362 1873 1501 1922 aliquid
1522 1872 1804 1911 monstravimus
1813 1869 1829 1915 ἐ
1857 1875 1943 1923 quis

336 1946 429 1972 vero
454 1931 495 1970 sit
522 1933 697 1970 eliciendi
724 1932 872 1978 modus,
910 1929 1129 1979 neutiquam
1153 1930 1374 1967 docuimus:
1411 1930 1475 1966 ille
1502 1931 1628 1966 minus
1652 1941 1789 1977 aequus
1815 1926 1945 1977 fuerit,

338 2001 427 2026 cum
452 1999 569 2025 artem
594 1987 708 2037 ipsam
737 1988 853 2033 (eujus
873 1985 1061 2024 debitores
1084 1998 1164 2022 non
1187 1984 1323 2033 sumus)
1348 1996 1366 2021 a
1388 1985 1497 2021 nobis
1520 1986 1652 2033 exigat.
1708 1985 1793 2021 Hoc
1813 1978 1942 2023 tamen

340 2045 437 2080 circa
453 2044 545 2080 illud
561 2043 693 2095 ipsum,
722 2042 824 2090 quod
841 2043 946 2091 petit,
977 2041 1238 2081 monebimus;
1267 2050 1428 2088 quatuor
1444 2049 1593 2077 tantum
1609 2039 1677 2076 esse
1694 2039 1842 2086 modos,
1863 2040 1947 2088 qui-'

341 2100 409 2136 bus
429 2099 474 2135 ad
494 2099 589 2135 hane
616 2097 806 2134 scientiam
827 2099 883 2133 via
906 2096 1095 2133 sternatur.
1151 2097 1282 2133 Primo
1306 2107 1371 2146 per
1392 2095 1645 2144 experimenta
1667 2094 1815 2135 futuras
1853 2094 1953 2132 dein*

340 2166 408 2206 per
428 2152 677 2205 experimenta
696 2154 914 2203 praeterita3
944 2150 1065 2188 rursus
1080 2162 1145 2199 per
1165 2151 1405 2190 traditi01ie53
1435 2148 1572 2186 ultimo
1592 2162 1656 2198 per
1673 2150 1835 2186 rationes
1854 2149 1946 2200 phy-·

341 2207 436 2246 sicas.
493 2209 620 2259 Atque
636 2208 738 2256 quod
754 2207 798 2244 ad
821 2208 1074 2256 experimenta
1095 2205 1230 2252 futura,
1259 2206 1349 2257 quid
1364 2205 1497 2242 attinet
1514 2205 1634 2241 dicere
1649 2208 1659 2240 ?
1690 2205 1858 2241 eum'illa
1872 2203 1944 2241 sae-

341 2265 434 2301 culis
459 2264 716 2312 compluribus
732 2263 776 2299 ad
801 2274 932 2299 eorum
949 2263 1098 2310 copiam
1121 2261 1412 2310 comparandam
1439 2260 1657 2308 indigenum
1686 2270 1726 2296 ut
1746 2259 1792 2296 de
1815 2258 1944 2297 iisdem

343 2318 614 2368 cogitationem
633 2317 814 2366 suscipere
838 2317 964 2354 frustra
979 2316 1103 2353 fuerit.
1159 2316 1275 2367 Quod
1290 2328 1382 2353 vero
1397 2314 1441 2351 acl
1462 2315 1713 2364 experimenta
1728 2315 1945 2364 praeterita3

342 2386 383 2410 ea
398 2384 496 2410 certe
514 2375 551 2410 in
570 2385 682 2410 manu
700 2373 900 2409 hominum
915 2373 998 2408 stint
1014 2385 1024 2411 3
1056 2372 1141 2408 lieet
1158 2384 1213 2408 res
1230 2369 1269 2407 sit
1285 2369 1470 2407 laboriosa
1485 2372 1520 2406 &
1537 2371 1647 2407 multi
1664 2371 1745 2406 otii,
1801 2365 1950 2406 Possint

344 2430 446 2464 enim
462 2427 634 2478 astrologi
653 2426 690 2473 (st
707 2426 769 2464 sibi
789 2440 866 2464 non
889 2425 1023 2475 desint)
1046 2438 1180 2462 omnes
1196 2425 1294 2462 casus
1309 2426 1482 2471 majores,
1514 2424 1647 2474 (veluti
1666 2424 1948 2471 inundationes,

346 2482 575 2533 pestilentias,
605 2482 756 2532 proelia,
788 2481 998 2527 seditiones,
1028 2492 1168 2517 mortes
1185 2492 1328 2530 regum,
1356 2478 1526 2529 siplaeet,
1557 2481 1592 2516 &
1613 2477 1758 2529 similia)
1781 2492 1821 2516 ex
1839 2479 1948 2516 histo-

348 2539 421 2573 riae
445 2537 515 2574 fide
532 2539 778 2589 depromere3
808 2540 843 2574 ὃ(
861 2535 969 2573 litum
992 2534 1222 2582 coelestium,
1253 2547 1333 2571 non
1351 2534 1553 2571 secundum
1577 2533 1787 2571 thematum
1809 2532 1947 2571 subtili-

348 2601 476 2636 tatem⁷
509 2592 566 2628 sed
593 2595 691 2637 juxta
716 2593 856 2641 regulas
881 2603 938 2627 eas
956 2592 1254 2636 revolutionum,
1289 2601 1382 2637 quae
1410 2601 1428 2624 a
1456 2589 1565 2625 nobis
1586 2590 1821 2626 adumbratae
1849 2587 1948 2636 sunt,

347 2645 464 2693 qualis
485 2647 594 2684 suerit
622 2648 685 2685 sub
711 2647 839 2684 iisdem
856 2646 1101 2694 temporibus,
1130 2643 1289 2681 intueri:
1320 2654 1360 2680 ut
1388 2645 1450 2680 ubi
1468 2642 1678 2680 manifestus
1703 2644 1815 2681 fuerit
1839 2655 1948 2682 even-

347 2711 454 2737 tuum
479 2702 676 2739 consensus
697 2706 732 2739 ὃ(
753 2701 993 2750 conspiratio,
1024 2701 1075 2736 ibi
1097 2699 1358 2748 praediffionis
1383 2710 1517 2734 norma
1532 2699 1737 2747 probabilis
1755 2697 1954 2736 constitua->

348 2766 419 2791 tur.
476 2757 668 2807 Quatenus
688 2758 732 2793 ad
754 2757 996 2795 traditiones;
1024 2757 1146 2791 casita
1166 2755 1346 2791 ventilare
1368 2764 1532 2802 oportet,
1563 2765 1601 2790 ut
1617 2765 1709 2801 quae
1729 2765 1815 2790 cum
1837 2755 1954 2790 ratio-r

350 2811 459 2846 nibus
474 2808 625 2858 physicis
642 2812 834 2848 manifesto
851 2821 1030 2860 pugnent,
1060 2821 1079 2845 e
1096 2808 1221 2845 medio
1238 2810 1419 2846 tollantur
1435 2822 1444 2848 3
1474 2821 1567 2856 quae
1583 2821 1673 2845 v<ero
1689 2821 1775 2845 cum
1793 2810 1836 2844 iis
1853 2809 1951 2846 bene

350 2864 600 2908 consentiant,
636 2865 746 2902 etiam
772 2865 995 2903 authoritate
1015 2865 1076 2901 sua
1099 2865 1255 2900 valeant.
1312 2865 1508 2915 Quantum
1532 2863 1691 2913 denique
1718 2865 1760 2899 ad
1789 2860 1952 2914 physicas

351 2917 532 2956 rationesi
564 2921 646 2956 illae
668 2920 826 2958 maxime
842 2921 928 2957 huic
948 2918 1180 2967 inquisitioni
1202 2919 1505 2955 accommodatae
1522 2918 1616 2965 sunt,
1647 2930 1739 2965 quae
1756 2919 1800 2954 ad
1824 2917 1950 2954 catho-

353 2975 433 3010 licis
454 2963 625 3010 materiae
646 2977 867 3023 appetitibus
883 2978 918 3011 δε
935 2972 1173 3023 pastionibus,
1203 2975 1237 3010 ὃ(
1254 2973 1299 3009 de
1318 2974 1484 3009 motibus
1505 2985 1708 3022 corporum
1727 2971 1951 3021 simplicibus

355 3031 391 3066 &
417 3028 587 3077 genuinis
614 3028 815 3079 inquirunt.
873 3031 938 3065 His
965 3030 1069 3066 enim
1095 3030 1160 3065 alis
1180 3028 1224 3064 ad
1251 3028 1420 3065 coelestia
1441 3027 1500 3064 ista
1526 3026 1715 3065 materiata
1741 3027 1950 3065 ascenditur

353 3080 543 3120 tutiliin-e.
600 3085 729 3131 Atque
745 3085 789 3121 de
811 3083 1001 3132 astrologia
1021 3083 1101 3120 sana
1118 3083 1302 3120 lna-enus.
1706 3084 1853 3119 le.iN
1867 3086 1950 3118 ι’ΛΕ
