2040 3439
207 226 305 287 ,126
405 223 512 271 DE
546 218 1052 271 AUGMENTIS
1087 214 1713 263 SCIENTIARUM.
1752 207 1947 263 Lib.lV*.

343 324 447 362 mori
467 323 669 367 videretur,
697 329 810 368 quam
836 315 938 353 dulci
961 316 998 352 ὅ(
1015 314 1095 351 alto
1116 311 1251 361 sopore
1274 312 1405 362 excipi.
1464 310 1646 349 Scribitur
1669 312 1784 349 etiam
1805 313 1852 350 de
1866 314 1951 363 Epi-

343 390 450 425 cure,
479 378 583 428 quod
600 377 674 414 hoe
694 372 814 423 ipsum
839 368 912 407 sibe
936 366 1213 421 procuraverit;
1240 378 1328 404 cum
1344 367 1448 404 enim
1473 366 1629 403 morbus
1656 367 1732 410 ejus
1754 366 1955 406 haberetur

296 436 299 438 ’
346 446 419 486 pro
442 434 651 485 desperato,
679 425 933 466 ventriculum
962 426 999 461 &
1023 422 1157 469 sensuS,
1195 423 1292 459 meri
1316 420 1477 471 largiore
1503 419 1631 458 haustu
1659 423 1696 459 ὅ(
1719 420 1956 473 ingurgitati-

347 501 424 527 one
444 489 583 526 obruit.
642 483 761 525 Unde
777 480 871 519 illud
894 481 936 516 in
959 477 1228 531 epigrammate
1251 490 1259 513 :

621 582 703 593 --
717 557 830 598 Hinc
839 553 991 609 stygias
1010 552 1136 593 ebrius
1155 550 1279 604 haustt
1303 564 1438 607 aquas.

347 651 456 690 Vino
482 648 622 687 scilicet
645 646 752 696 stygii
780 644 899 682 laticis
929 641 1221 680 amaritudinem
1250 640 1401 678 sustulit.
1458 638 1514 677 At
1546 637 1679 676 nostris
1707 640 1958 688 temporibus,

348 705 507 744 medicis
531 701 630 753 quali
657 699 792 750 religio
818 699 879 746 est,
919 698 1094 747 aegrotis,
1133 696 1328 746 postquam
1358 696 1546 744 deplorati
1570 692 1652 741 fint,
1680 690 1866 736 affidere3
1895 693 1960 733 ubi

349 772 442 798 meo
461 759 615 806 judicio,
643 754 670 794 fi
692 752 822 794 officio
850 753 931 802 suo,
961 763 1072 802 atque
1097 752 1193 789 adeo
1213 751 1437 788 humanitati
1458 748 1524 801 ipsi
1549 749 1668 787 deess‘c
1684 750 1826 796 nolint,
1854 752 1891 788 &
1905 761 1960 787 ar-

350 826 432 854 tem
452 813 616 852 ediscere
648 814 686 850 &
715 810 955 860 diligentiam
982 807 1159 859 praestare
1187 806 1382 852 deberent,
1414 817 1488 854 qua
1507 806 1673 842 animam
1698 814 1851 854 agentes
1873 804 1962 843 faci-

352 871 423 908 lius
441 872 480 908 &
494 869 625 907 mitius
649 879 671 905 e
685 867 761 905 vita
775 866 1004 914 demigrent.
1059 864 1167 900 Hanc
1187 871 1313 899 autem
1332 870 1491 910 partem,
1522 857 1807 908 inquisitionem
1829 859 1877 898 de
1899 872 1963 898 eu-

352 922 514 964 thanafia
533 923 713 962 exteriori
739 921 797 968 (ad
821 919 1077 958 differentiam
1103 918 1181 963 eius
1209 913 1449 962 euthanafiae‚
1479 927 1574 963 quae
1597 916 1745 952 animae
1775 926 1965 966 praepara-

353 981 503 1019 tionem
523 977 683 1029 respicit)
713 976 967 1028 appellamus3
995 985 1154 1022 eamque
1171 973 1268 1009 inter
1283 968 1484 1008 desiderata
1499 971 1729 1020 reponimus.

408 1038 537 1074 ITEM
559 1036 601 1072 in
629 1032 888 1070 curationibus
915 1029 1142 1067 morborum
1171 1026 1265 1065 illud
1298 1027 1523 1075 generaliter
1555 1023 1753 1062 desiderari
1786 1026 1962 1074 repeti03

355 1092 460 1141 quod
480 1088 619 1127 medici
634 1087 783 1132 hujusce
799 1086 939 1131 aetatis,
970 1086 1056 1121 licet
1073 1083 1264 1133 generales
1284 1082 1519 1118 intentiones
1534 1082 1774 1118 curationum
1791 1092 1872 1118 non
1889 1092 1965 1118 ma-

356 1148 393 1184 le
412 1144 692 1196 persequantur,
721 1143 958 1192 particulares
977 1150 1105 1176 tamen
1127 1138 1345 1183 medicinas,
1373 1148 1467 1184 quae
1495 1136 1540 1173 ad
1570 1137 1782 1173 curationes
1810 1136 1966 1174 morbo-

357 1214 444 1239 rum
471 1198 699 1249 finguloram
728 1197 957 1246 proprietate
985 1193 1145 1243 quadam
1170 1191 1344 1242 speciant,
1381 1201 1449 1228 aut
1473 1203 1555 1229 non
1588 1191 1684 1228 bene
1714 1200 1871 1232 norunt,
1900 1201 1965 1230 aut

356 1268 440 1294 non
460 1253 632 1305 religiose
648 1251 855 1290 observant.
914 1252 1018 1287 Nam
1042 1249 1181 1285 medici
1196 1247 1452 1285 traditionum
1473 1248 1508 1282 ὃ(
1526 1247 1772 1295 experientiae
1788 1247 1967 1296 probatae

355 1311 521 1349 fruslum
546 1304 881 1358 magistralitatibus
909 1302 979 1342 suis
1003 1303 1258 1340 destruxerunt
1280 1304 1316 1339 ὅ(
1346 1300 1594 1342 sustulerunt3
1623 1301 1812 1347 addendo,
1840 1303 1876 1339 ὅ(
1903 1301 1964 1339 de-

356 1365 514 1411 mendo,
543 1366 581 1402 &
603 1362 790 1401 mutando
809 1362 905 1398 circa
925 1359 1142 1404 medicinas,
1171 1366 1282 1408 prout
1302 1358 1346 1394 iis
1368 1356 1519 1394 libitum
1544 1357 1682 1398 fuerit3
1713 1357 1750 1393 ὅ(
1764 1356 1840 1394 fere
1859 1356 1966 1408 phat-

356 1431 658 1472 macopoeorum
681 1429 789 1454 more
804 1416 894 1467 quid
911 1426 982 1467 pro
996 1425 1075 1465 quo
1090 1412 1346 1451 substituendo
1361 1426 1371 1453 3
1400 1413 1450 1449 ita
1467 1410 1620 1463 superbe
1644 1412 1872 1462 imperantes
1887 1423 1968 1449 me-

356 1476 518 1523 dicinae,
546 1484 587 1512 ut
610 1474 800 1511 medicina
820 1483 902 1508 non
916 1468 1072 1519 amplius
1088 1471 1248 1521 imperet
1264 1468 1416 1505 morbo.
1471 1468 1645 1516 Demptis
1665 1468 1767 1503 enim
1793 1466 1968 1514 theriaca,

346 1533 398 1571 v&
418 1528 666 1576 mithridatio‚
697 1530 734 1565 δε
753 1526 902 1565 fortasse
922 1524 1147 1569 diascordio,
1176 1526 1211 1561 ὅ(
1233 1522 1473 1561 confeffione
1490 1522 1686 1567 alkerrncs,
1715 1525 1750 1559 &
1767 1523 1891 1571 paucis
1905 1523 1969 1560 ali-

360 1589 392 1624 is
407 1583 615 1631 medicinis,
645 1583 691 1621 ad
716 1583 820 1620 nulla
843 1581 921 1618 fere
940 1590 1039 1617 certa
1062 1580 1259 1629 pharmaca
1283 1578 1318 1616 se
1343 1577 1517 1627 religiose
1544 1579 1580 1615 ὅ(
1604 1577 1724 1614 severe
1747 1578 1966 1627 astringunt.

359 1643 466 1680 Nam
485 1640 761 1677 medicamenta
776 1639 850 1683 illa,
880 1648 974 1684 quae
996 1636 1036 1671 in
1062 1631 1225 1672 officinis
1247 1633 1412 1685 prostant
1431 1633 1588 1679 venalia,
1617 1634 1744 1684 potius
1758 1634 1800 1670 in
1814 1644 1969 1684 promp-

360 1708 403 1736 tu
424 1695 507 1733 sunt
527 1695 572 1732 ad
588 1692 819 1732 intentiones
842 1691 1044 1741 generales,
1073 1701 1186 1740 quam
1209 1688 1495 1726 accommodata
1516 1690 1552 1725 δε
1573 1689 1722 1737 propria
1749 1688 1794 1726 ad
1809 1688 1970 1727 curatio-

360 1764 427 1790 nes
456 1751 715 1801 particularem
756 1745 937 1795 liquidem
964 1746 1154 1796 speciatim
1177 1745 1326 1781 nullum
1356 1744 1538 1781 morbum
1567 1754 1798 1792 magnopere
1824 1744 1971 1796 respici-

361 1817 444 1854 unt,
473 1817 602 1843 verum
624 1805 829 1854 generatim
847 1803 891 1839 ad
920 1801 1189 1838 obstructiones
1204 1800 1429 1849 aperiendas,
1459 1799 1728 1836 concoctiones
1752 1799 1972 1838 confortan-

361 1863 438 1908 das,
467 1860 707 1909 intemperies
732 1857 940 1895 alterandas
961 1855 1161 1906 pertinent.
1218 1854 1348 1903 Atque
1368 1854 1458 1891 hinc
1483 1852 1676 1903 praecipue
1698 1853 1752 1900 fit,
1781 1863 1824 1891 ut
1852 1855 1971 1907 empi-

363 1916 427 1954 rici
460 1917 496 1953 &
523 1916 667 1953 vetulae
696 1913 963 1964 saepenumero
988 1914 1028 1948 in
1057 1908 1228 1949 curandis
1253 1910 1398 1947 morbis
1436 1908 1580 1946 felicius
1610 1919 1828 1958 operentur,
1856 1921 1972 1961 quam

362 1972 502 2009 medici
525 1968 669 2015 eruditi,
698 1970 785 2017 quia
806 1968 1076 2005 medicinarum
1100 1966 1341 2018 probatarum
1364 1963 1644 2002 confectionem
1671 1966 1708 2001 &
1731 1962 1972 2016 compositio-

362 2039 454 2065 nem
468 2025 626 2063 fideliter
642 2026 676 2061 δι
699 2022 908 2072 scrupulose
924 2024 1099 2059 retinent.
1154 2021 1342 2070 Equidem
1363 2018 1531 2066 memini,
1561 2019 1752 2056 medicum
1781 2020 1972 2068 quendam

362 2082 461 2134 apud
480 2093 551 2118 nos
573 2079 613 2117 in
633 2079 775 2128 Anglia
803 2076 956 2127 prastica
985 2077 1184 2122 celebrem,
1215 2076 1399 2124 religione
1421 2087 1536 2126 prope
1551 2073 1752 2127 Judaeum,
1782 2074 1968 2113 librorum

363 2138 526 2174 lectione
551 2146 731 2183 tanquam
757 2133 937 2179 Arabem,
967 2131 1121 2169 solitum
1150 2131 1272 2168 dicere
1295 2144 1304 2166 :
1341 2127 1492 2168 Medic)
1521 2126 1640 2179 vestri
1663 2126 1860 2181 Europaei
1871 2129 1973 2182 ficnt

364 2189 518 2245 quidem
554 2190 638 2228 viri
670 2186 785 2235 doctri,
817 2186 896 2240 fid
923 2199 997 2225 non
1034 2192 1176 2225 norunt
1195 2183 1459 2238 particulares
1490 2185 1712 2222 curationes
1747 2183 1968 2224 morborum.

363 2245 585 2300 Quinetiam
609 2245 711 2282 idem
737 2244 864 2281 ludere
889 2242 1043 2289 solebat,
1073 2254 1207 2294 parum
1235 2240 1384 2287 decore,
1414 2240 1603 2282 dicendo;
1633 2236 1811 2277 Medicas
1829 2238 1973 2290 nostros

354 2299 503 2352 similes
523 2298 594 2352 effe
608 2297 827 2352 Episcopis,
855 2295 1006 2350 ligandi
1027 2293 1272 2349 &fhlvendi
1300 2293 1435 2334 claves
1459 2292 1611 2341 habere,
1642 2291 1689 2338 ὅγ’
1714 2292 1820 2333 nihil
1838 2293 1974 2349 ampli-

364 2369 422 2394 us.
482 2357 553 2394 Sed
581 2366 622 2393 ut
652 2355 761 2400 serio,
792 2355 897 2402 quod
922 2366 979 2391 res
1007 2352 1056 2391 est
1078 2354 1272 2392 dicamus÷
1312 2353 1517 2400 plurimum
1552 2350 1687 2388 referre
1713 2349 1919 2398 censemus,
1947 2350 1974 2388 fi

364 2413 501 2449 medici
524 2412 652 2460 aliqui,
689 2413 726 2447 δ(
753 2409 968 2447 eruditione
995 2411 1034 2446 ὃς
1065 2408 1223 2458 praefica
1254 2404 1485 2456 insigniores,
1521 2418 1614 2455 opus
1639 2406 1792 2453 aliquod
1822 2407 1974 2444 confici-

365 2477 442 2514 ant,
479 2467 526 2504 de
563 2465 762 2503 medicinis
797 2465 965 2514 probatis
993 2466 1030 2501 &
1058 2463 1423 2512 experimentalibus‚
1462 2462 1506 2498 ad
1539 2461 1692 2497 morbos
1721 2462 1974 2509 particulares.

368 2523 472 2559 Nam
497 2521 601 2570 quod
628 2519 789 2573 speciosa
816 2518 896 2568 quis
912 2521 1058 2556 ratione
1078 2519 1194 2564 nixus,
1224 2515 1403 2554 existimet
1431 2516 1574 2562 decere,
1603 2515 1795 2553 medicum
1817 2517 1976 2554 dostum

371 2576 510 2621 (habita
530 2578 676 2613 ratione
698 2575 973 2625 complexionis
993 2585 1206 2622 aegrorum,
1236 2574 1377 2617 aetatis,
1407 2570 1630 2620 tempestatis
1646 2572 1748 2617 anni,
1778 2571 1975 2610 consuetu-

368 2631 503 2669 dinum
519 2630 805 2678 &liujusmodn
829 2632 957 2682 potius
980 2629 1185 2665 medicinas
1207 2640 1248 2664 ex
1273 2637 1446 2676 tempore
1475 2636 1611 2675 aptare,
1641 2637 1755 2674 quam
1775 2628 1886 2664 certis
1913 2628 1978 2664 ali-

368 2687 504 2734 quibus
533 2686 761 2735 praescriptis
790 2683 972 2725 insssterc3
1001 2684 1039 2720 id
1065 2683 1173 2720 fallax
1190 2694 1246 2719 res
1265 2683 1365 2719 est&
1394 2683 1641 2730 experientiae
1660 2693 1740 2718 non
1766 2680 1847 2719 satis
1876 2681 1977 2719 attri-

370 2741 464 2787 buit,
494 2741 633 2785 judicio
660 2742 740 2790 plus
758 2741 884 2777 nimis,
943 2740 1051 2785 Sane,
1079 2738 1405 2787 quemadmodum
1430 2735 1467 2773 in
1496 2736 1683 2786 republica
1710 2738 1898 2783 Romana,
1927 2736 1975 2775 ci-

370 2807 432 2833 ves
460 2805 565 2832 erant
585 2791 767 2832 utilillimi
788 2798 824 2833 &
844 2796 990 2847 optime
1009 2792 1221 2843 compositi,
1250 2795 1314 2840 qui
1338 2802 1399 2829 aut
1429 2791 1602 2829 consules
1630 2792 1778 2840 populo
1790 2791 1975 2837 favebant,

370 2860 434 2887 aut
462 2851 605 2887 tribuni
635 2851 674 2887 in
701 2861 822 2899 partes
849 2850 993 2888 senatus
1016 2849 1273 2886 inclinabant:
1303 2850 1353 2884 ita
1380 2849 1419 2884 in
1441 2846 1509 2883 hac
1534 2845 1701 2892 materia,
1728 2846 1775 2883 de
1807 2859 1880 2898 qua
1903 2848 1976 2897 agi-

371 2916 467 2951 mus,
496 2905 664 2942 medicos
678 2917 742 2942 eos
762 2906 977 2956 probamus,
1005 2906 1070 2954 qui
1085 2914 1147 2941 aut
1164 2905 1203 2940 in
1219 2914 1354 2952 magna
1374 2902 1599 2947 eruditione,
1627 2902 1850 2939 traditiones
1873 2914 1978 2952 expc-

372 2959 526 2997 rientiae
557 2958 760 3009 plurimum
784 2960 951 3001 faciunt3
988 2971 1050 2997 aut
1077 2959 1116 2996 in
1149 2958 1305 3008 practica
1333 2955 1467 3006 insigni
1497 2956 1700 2994 methodos
1726 2958 1762 2993 &
1791 2955 1978 3006 generalia

371 3016 460 3052 artis
481 3027 563 3052 non
594 3013 850 3062 aspernantur.
909 3014 1218 3052 Modificationes
1245 3024 1336 3051 vero
1366 3010 1640 3049 medicinarum
1667 3009 1706 3057 (si
1732 3013 1900 3059 quando,
1933 3009 1976 3049 fit

371 3082 467 3122 opus
485 3082 543 3108 eas
558 3068 744 3119 adhibere)
760 3070 887 3121 potius
902 3071 943 3108 in
967 3069 1147 3109 vehiculis
1174 3080 1303 3106 carum
1332 3067 1563 3106 exercendae
1588 3066 1685 3113 sunt,
1714 3078 1829 3115 quam
1856 3065 1897 3105 in
1924 3067 1977 3115 ip-

1935 3120 1979 3159 so
