2040 3439
184 335 277 431 ιρὃ
539 367 630 413 DE
667 361 1106 411 AUGMENTIS
1140 357 1673 410 sclENT1ARUM.
1745 331 1966 416 LiquIIJ

362 461 477 512 magis
493 462 708 498 communis
734 461 901 497 minores
929 458 1110 508 appetitus
1139 457 1178 495 in
1210 458 1383 495 ordinem
1419 456 1569 507 redigat.
1625 457 1682 495 At
1714 458 1967 510 praerogativa

365 517 428 555 ista
454 514 545 553 boni
559 513 842 552 communionis
863 510 1025 562 signatur
1045 511 1237 562 praecipue
1262 515 1302 549 in
1318 513 1487 557 homine,
1516 511 1540 549 fi
1569 524 1649 550 non
1665 511 1966 562 degeneraverit3

368 573 469 617 juxta
497 570 745 606 memorabile
777 567 870 605 illud
890 565 1059 619 Pompeii
1083 568 1216 616 Magni
1236 568 1390 613 dicium,
1419 568 1484 616 qui
1511 579 1589 618 quo
1614 578 1784 618 tempore
1798 569 1967 606 Romam

367 625 482 663 fames
509 634 708 676 premeret,
738 635 912 661 annonae
931 621 1190 674 importandae
1218 620 1452 673 praepositus,
1495 618 1821 659 vehementissime
1840 634 1967 660 autem

368 680 413 716 ab
428 677 552 715 amicis
567 678 819 728 interpellatus
835 690 883 715 ne
897 676 1001 724 mari,
1031 686 1157 714 atroce
1171 677 1382 726 tempestate
1394 678 1607 726 ingruente,
1638 677 1671 714 se
1687 679 1967 720 committerem

368 733 462 770 illud
491 743 638 771 tantum
667 733 869 785 respondit,
899 731 1038 769 necesse
1061 730 1120 778 est,
1149 741 1191 768 ut
1212 743 1307 778 eam,
1335 744 1416 768 non
1444 742 1484 769 ut
1513 730 1656 768 vivam:
1685 732 1801 768 Adeo
1815 742 1856 769 ut
1871 734 1967 770 vitae

370 786 589 825 desiderium
612 787 732 838 (quod
750 790 789 825 in
805 786 1000 825 individuo
1014 788 1222 824 maximum
1238 784 1306 836 est)
1324 785 1494 823 amori&
1524 786 1610 823 fidei
1633 789 1674 823 in
1697 786 1968 838 rempublicam

369 843 464 893 apud
481 855 568 880 eum
583 855 663 880 non
683 842 1004 893 praeponderaret.
1061 842 1133 879 Sed
1149 840 1237 890 quid
1258 844 1472 878 moramur?
1502 843 1631 889 Nulla,
1659 839 1836 878 omnibus
1851 840 1969 879 saccu—

369 900 426 945 lis,
455 908 598 949 reperta
624 898 671 935 est
700 899 757 935 vel
784 896 1028 947 philosophia,
1056 898 1115 934 vel
1144 896 1248 942 festa,
1276 897 1334 934 vel
1366 895 1510 945 religio,
1541 897 1597 933 vel
1622 898 1690 943 lex,
1720 907 1782 934 aut
1813 895 1969 946 discipli-

370 965 429 999 na,
457 965 550 1003 quac
574 951 612 989 in
635 963 784 990 tantum
812 951 1093 990 communionis
1122 952 1268 988 bonum
1302 952 1485 997 exaltavit,
1516 952 1660 988 bonum
1684 949 1971 988 veroindividu-'

370 1009 425 1044 ale
439 1004 626 1056 depreflit,
655 1015 838 1056 quantum
862 1007 982 1044 saneta
1013 1006 1103 1044 fides
1128 1005 1350 1043 Christiana:
1381 1006 1481 1043 unde
1504 1005 1648 1054 liquido
1675 1016 1808 1055 pateat,
1848 1018 1968 1047 unum

370 1063 606 1110 eundemque
622 1064 748 1100 Deum
771 1062 886 1107 fuiss'e,
915 1061 979 1111 qui
1013 1060 1184 1099 creaturis
1209 1062 1308 1110 leges
1337 1061 1414 1098 illas
1436 1071 1599 1108 naturae,
1629 1061 1848 1098 hominibus
1879 1073 1970 1098 vero

370 1118 493 1166 legem
510 1116 755 1154 Christianam
772 1116 933 1154 dediss'et.
991 1117 1190 1168 Propterea
1205 1116 1372 1165 legimus,
1401 1117 1609 1154 nonnullos
1628 1128 1671 1152 ex
1693 1114 1816 1152 eleffis
1837 1117 1876 1153 &
1891 1115 1968 1152 san-

368 1171 431 1208 &is
456 1170 551 1218 viris,
596 1172 732 1223 optass'e
755 1171 790 1209 se
813 1173 936 1222 potius
959 1170 1077 1212 erasos
1102 1183 1143 1207 ex
1166 1170 1264 1207 libro
1286 1170 1393 1218 vitae,
1429 1183 1542 1219 quam
1572 1181 1613 1208 ut
1640 1170 1731 1207 lalus
1764 1169 1811 1214 ad
1831 1169 1968 1208 fratres

368 1226 451 1264 suos
476 1238 558 1263 non
586 1229 794 1275 perveniret
804 1245 819 1269 ,-
859 1224 975 1263 ecstasi
997 1226 1158 1275 quadam
1180 1225 1364 1263 charitatis
1394 1227 1647 1275 &impotenti
1675 1223 1853 1263 desiderio
1873 1225 1964 1262 boni

366 1292 652 1317 communionis
668 1292 819 1318 1nc1tat1.

419 1336 518 1372 Hoc
547 1333 721 1384 positum,
764 1335 814 1373 ita
838 1346 878 1373 ut
917 1334 1124 1374 immotum
1153 1345 1301 1372 maneat
1331 1334 1369 1371 &
1398 1334 1668 1382 inconcussum,
1702 1334 1898 1372 nonnullis
1918 1347 1968 1373 *ex

369 1386 590 1439 graviss'lmis
605 1391 645 1427 in
663 1392 797 1427 morali
818 1389 1049 1442 philosophia
1073 1388 1334 1428 controversiis
1350 1390 1466 1427 finem
1487 1390 1662 1440 imponit.
1720 1389 1849 1427 Primo
1863 1391 1967 1427 enim

368 1444 618 1495 quaestionem
642 1444 745 1482 illam
773 1446 1022 1486 determinat3
1052 1445 1098 1482 de
1127 1444 1199 1482 vita
1226 1445 1516 1494 contemplativa
1541 1447 1676 1483 activae
1704 1444 1966 1495 praeferenda:

369 1500 482 1547 idque
496 1509 627 1536 contra
648 1499 870 1537 sententiam
885 1500 1108 1537 Aristotelis.
1167 1502 1314 1537 Omnes
1334 1498 1514 1548 liquidem
1538 1500 1710 1546 rationes,
1740 1511 1834 1548 quac
1854 1499 1900 1536 ab
1925 1499 1966 1536 il-

368 1555 409 1590 lo
423 1566 492 1602 pro
514 1553 804 1604 contemplativa
823 1554 1040 1602 afferuntur,
1072 1556 1216 1592 bonum
1245 1557 1430 1604 privatum
1459 1555 1670 1607 respiciunt,
1699 1566 1809 1603 atque
1837 1553 1967 1591 indivi-

367 1609 433 1645 dui
448 1619 596 1645 tantum
611 1607 718 1661 ipsius
738 1611 983 1658 voluptatem,
1012 1620 1074 1647 aut
1097 1611 1346 1659 dignitatem5
1375 1609 1508 1658 quibus
1536 1613 1576 1647 in
1599 1611 1706 1647 rebus
1735 1610 1964 1660 contempla-

368 1665 442 1700 tiva
456 1665 619 1712 palmam
646 1664 742 1702 haud
758 1664 868 1702 dubie
884 1675 1058 1713 reportat.
1114 1664 1265 1701 Etenim
1290 1664 1579 1714 contemplativa
1605 1677 1685 1702 non
1714 1662 1888 1701 absimilis
1915 1664 1964 1703 est

369 1720 655 1769 comparationi,
684 1732 756 1767 qua
771 1720 852 1757 usus
881 1718 929 1756 est
955 1720 1192 1769 Pythagoras,
1228 1730 1269 1756 ut
1297 1719 1551 1771 philosophiae
1580 1722 1616 1757 ὃ(
1649 1718 1965 1768 contemplationi

370 1773 557 1810 honorem
587 1785 628 1810 ac
651 1774 762 1811 decus
785 1774 972 1812 assereret:
1002 1776 1079 1826 Qui
1108 1775 1153 1811 ab
1167 1776 1346 1821 Hierone,
1375 1774 1546 1825 quisnam
1574 1774 1672 1821 effer,
1702 1776 1964 1823 interrogatuS,

370 1828 585 1876 respondit3
614 1830 824 1866 Hieronem
844 1841 925 1866 non
947 1831 1073 1876 latere,
1118 1827 1155 1876 (fi
1174 1829 1271 1866 forte
1292 1842 1458 1877 unquam
1482 1828 1678 1879 olympicis
1699 1829 1964 1866 certaminibus

366 1880 595 1930 interfuiss‘et)
634 1882 671 1920 id
695 1884 746 1920 ibi
768 1886 843 1920 loci
872 1883 1103 1933 contingere,
1133 1895 1172 1921 ut
1196 1886 1346 1922 veniant
1362 1897 1430 1925 eo3
1458 1886 1519 1922 alii
1536 1885 1709 1922 fortunae
1727 1883 1808 1921 suae
1823 1883 1862 1920 in
1877 1895 1965 1934 ago-

365 1937 476 1973 nibus
502 1936 710 1986 periculum
726 1939 877 1975 facturi:
906 1938 965 1976 alii
994 1951 1083 1976 vero
1111 1949 1151 1977 ut
1185 1950 1421 1986 mercatores,
1450 1940 1495 1976 ad
1524 1952 1665 1977 merces
1693 1937 1963 1976 distrahendas:

364 1991 426 2028 alii
443 2002 482 2029 ut
503 1994 644 2029 amicos
669 1994 834 2044 undique
849 1994 1083 2031 confluentes
1097 1993 1355 2040 convenirent,
1386 1996 1421 2031 ἃ
1445 1994 1560 2044 epulis
1579 2007 1621 2032 ae
1645 1993 1817 2032 hilaritati
1844 1992 1965 2033 indul-

364 2058 514 2095 gerent:
543 2049 605 2084 alii
626 2047 785 2097 denique
810 2059 850 2086 ut
879 2060 1115 2086 caeterorum
1143 2049 1256 2086 ess'ent
1280 2049 1519 2098 spceratorcs:
1550 2049 1585 2087 se
1601 2060 1727 2087 autem
1747 2060 1867 2086 unum
1895 2049 1967 2087 esse

366 2115 408 2138 ex
430 2100 513 2148 illis,
543 2103 607 2150 qui
626 2102 809 2154 speclandi
825 2103 939 2152 gratia
959 2105 1113 2141 venerit.
1170 2105 1314 2142 Verum
1335 2105 1509 2142 homines
1523 2105 1626 2142 noss'e
1646 2105 1796 2150 debent,
1826 2105 1866 2140 in
1885 2103 1961 2141 hoc

365 2156 548 2194 humanae
580 2156 673 2194 vitae
707 2158 866 2205 theatro,
895 2160 982 2195 Deo
1013 2161 1048 2196 ὅ(
1076 2158 1236 2208 Angelis
1264 2159 1386 2197 solum
1417 2162 1634 2206 convenire,
1675 2169 1716 2196 ut
1746 2158 1962 2208 spectatores

364 2209 444 2249 fint.
501 2213 636 2263 Neque
653 2212 735 2250 sane
759 2213 837 2250 fieri
863 2215 999 2265 potuit,
1040 2224 1082 2251 ut
1114 2214 1180 2251 hac
1204 2214 1250 2250 de
1273 2227 1312 2251 rc
1341 2213 1525 2251 dubitatio
1549 2217 1588 2251 in
1615 2212 1761 2252 ecclesia
1794 2226 1964 2263 unquam

363 2266 613 2304 suscitaretur:
644 2266 849 2319 (utcunque
866 2270 1035 2317 plurimis
1058 2268 1096 2305 in
1118 2281 1184 2305 ore
1200 2269 1311 2306 fucrit
1334 2268 1474 2307 distum
1498 2268 1601 2316 illud,
1623 2267 1795 2321 pretiofiz
1817 2268 1861 2306 in
1880 2279 1962 2322 ocra-

362 2319 413 2358 lis
427 2320 597 2359 ‘Domini
618 2333 718 2359 mors
731 2321 955 2374 fichorum
983 2322 1090 2376 cjjns:
1117 2325 1169 2361 Ex
1199 2337 1277 2372 quo
1305 2325 1393 2361 loco
1416 2336 1583 2361 mortem
1611 2327 1716 2361 illam
1745 2325 1894 2361 civilem
1923 2326 1962 2360 δε

364 2377 525 2414 instituta
545 2379 620 2414 vita
635 2376 854 2415 monasticae
886 2380 921 2415 c&
937 2378 1110 2427 regularis
1137 2381 1310 2416 attollere
1326 2379 1493 2417 solebant
1506 2381 1528 2427 :)
1561 2377 1625 2416 nist
1651 2379 1742 2416 illud
1757 2378 1869 2415 ctiam
1889 2390 1963 2416 una

367 2430 531 2477 subess'et,
564 2432 666 2482 quod
683 2431 754 2470 vita
777 2432 838 2470 illa
862 2433 1061 2470 monastica
1090 2447 1192 2471 mere
1215 2436 1504 2483 contemplativa
1530 2446 1611 2472 non
1626 2432 1679 2480 sit,
1708 2445 1839 2471 verum
1853 2434 1964 2484 plane

371 2487 412 2521 in
432 2483 566 2522 officiis
590 2485 830 2524 ecclesiasticis
852 2488 1034 2529 versetur3
1058 2490 1179 2540 qualia
1203 2489 1287 2526 sunt
1310 2489 1403 2539 jugis
1427 2488 1559 2535 oratio,
1589 2491 1624 2525 ὅτ
1644 2498 1826 2527 votorum
1853 2488 1961 2525 sacri-

372 2539 462 2586 ficia,
492 2542 577 2577 Deo
592 2542 735 2579 oblata:
765 2544 968 2580 Librorum
998 2545 1088 2581 item
1117 2543 1434 2593 theologicorum,
1464 2545 1587 2580 multo
1603 2545 1643 2581 in
1668 2544 1752 2580 otio
1778 2542 1962 2594 conscrip-

374 2595 442 2639 tio,
471 2595 515 2631 ad
529 2595 618 2644 legis
633 2596 777 2635 divinae
806 2597 1014 2635 doni-inam
1037 2600 1332 2648 propagandam:
1359 2599 1682 2647 quemadmodum
1705 2601 1742 2635 δε
1761 2597 1889 2635 Moses
1908 2598 1962 2636 fe-

374 2650 436 2693 cit,
465 2661 551 2685 cum
567 2663 629 2700 per
644 2662 701 2688 tot
717 2652 791 2689 dies
811 2655 850 2690 in
868 2655 1008 2690 montis
1036 2653 1191 2690 succeffu
1206 2664 1373 2690 moratus
1399 2653 1495 2690 ess'et.
1553 2652 1771 2705 Quinetiam
1787 2653 1961 2699 Henoeh,

374 2702 419 2738 ab
435 2702 586 2740 Adamo
604 2704 787 2755 septimus,
819 2707 881 2756 qui
909 2709 1054 2745 videtur
1075 2707 1177 2745 fuiss'e
1200 2710 1370 2759 princeps
1399 2709 1493 2745 vitae
1519 2707 1853 2760 contemplativae,'
1874 2707 1960 2753 (ete-

374 2756 453 2815 nim
463 2769 550 2793 eum
565 2759 650 2796 Deo
665 2762 860 2800 ambulasse
875 2763 1100 2813 perhibetur)
1136 2762 1383 2800 nihilominus
1411 2761 1599 2800 ccclefiam
1627 2763 1843 2812 prophetiae
1865 2761 1961 2800 libro

377 2812 453 2870 (qui
479 2813 590 2848 ctiam
612 2826 632 2850 a
655 2815 778 2853 fanno
796 2817 893 2869 juda
914 2816 1062 2866 citatur)
1083 2819 1237 2855 dotavit,
1296 2817 1641 2868 Contemplativam
1669 2829 1761 2855 vero
1786 2817 1890 2865 quod
1908 2828 1958 2854 at·

374 2875 467 2903 tinet
488 2878 642 2915 meram,
667 2871 702 2906 ὅ(
731 2872 770 2907 in
792 2872 825 2908 se
849 2872 921 2921 ipsa
943 2874 1193 2919 terminatam,
1230 2885 1397 2924 quaeque
1431 2873 1552 2909 radios
1578 2874 1714 2919 nullos,
1743 2870 1813 2910 five
1827 2870 1959 2923 caloris

372 2919 442 2958 sive
459 2921 622 2968 luminis,
651 2924 689 2959 in
706 2923 919 2964 societatem
934 2927 1137 2965 humanam
1150 2927 1349 2975 diffundat,
1370 2927 1483 2964 nescit
1498 2939 1580 2965 eam
1594 2938 1692 2964 certe
1704 2926 1916 2977 theologia,

426 2975 764 3015 DETERMINAT
798 2980 909 3018 etiam
937 2983 1203 3033 quaestionem,
1244 2993 1345 3020 tanta
1373 2984 1620 3020 contentione
1648 2983 1844 3031 agitatam,
1863 2980 1958 3019 inter

373 3028 514 3066 scholas
530 3033 741 3069 Zenonis&
759 3035 916 3072 Socratis
934 3049 975 3073 ex
993 3049 1065 3073 una
1075 3048 1188 3088 parte,
1222 3040 1285 3085 qui
1312 3037 1528 3074 felicitatem
1546 3039 1585 3074 in
1612 3039 1758 3082 virtute,
1792 3047 1854 3074 aut
1870 3035 1957 3083 sola,

371 3095 434 3121 aut
449 3085 635 3132 adornata,
666 3087 780 3131 (cujus
804 3089 943 3139 semper
966 3090 1004 3127 in
1034 3089 1166 3128 officiis
1194 3094 1288 3129 vitae
1311 3102 1429 3143 partes
1456 3087 1677 3143 potiffimae)
1703 3093 1956 3130 collocarunt:

332 3189 342 3194 q
373 3141 410 3176 &
426 3141 581 3197 reliquas
608 3143 819 3190 complures
839 3144 946 3180 sectas
962 3148 996 3181 ὅ(
1022 3145 1173 3192 scholas,
1206 3159 1248 3184 ex
1267 3149 1377 3184 altera
1397 3157 1515 3198 parte:
1546 3148 1661 3184 veluti
1685 3147 1826 3183 scholas
1843 3148 1956 3195 Cyre-

372 3195 566 3233 naicorum
590 3197 626 3233 ὅ(
652 3195 940 3246 Epicur-eorunm
969 3199 1031 3250 qui
1055 3213 1136 3237 eam
1165 3200 1203 3237 in
1230 3203 1420 3251 voluptate
1449 3199 1737 3240 constituerunt:
1768 3201 1956 3239 Virtutem

1834 3266 1956 3293 autem

1929 3396 1956 3434 4
