2040 3439
196 239 294 292 128
399 236 500 283 DE
552 223 1055 281 AUGMENTIS
1092 222 1951 273 SCIENTIARUM.Lib.1V.

328 333 391 373 cui
411 333 622 372 medicinae
655 331 806 369 scientia
826 327 1093 367 inaedificctur.
1154 327 1363 364 Caeterum
1387 326 1453 363 illa
1481 337 1562 362 non
1594 324 1644 363 est
1659 325 1810 372 hujusce
1829 328 1957 366 trasta·

331 400 405 428 tus.

387 446 631 482 TERTIAM
659 450 805 492 partem
834 439 1061 485 medicinae,
1092 436 1286 487 posuimus
1315 436 1420 472 illam
1446 436 1493 472 de
1520 436 1817 488 prolongatione
1845 438 1956 486 vitae,

335 511 432 549 quae
453 510 551 535 nova
566 498 614 534 est
636 499 672 533 δ(
688 493 914 532 desideratur
932 508 940 530 2
972 493 1103 544 Estque
1125 493 1303 529 omnium
1332 487 1577 528 nobilissima.
1637 493 1675 529 Si
1691 492 1795 528 enim
1811 494 1958 532 taleali-

337 554 429 603 quid
458 551 616 589 inveniri
638 547 765 601 poffit,
795 561 877 586 non
900 548 1104 587 versabitur
1122 557 1272 584 tantum
1294 546 1484 583 medicina
1514 548 1552 583 in
1580 547 1821 584 curationum
1840 547 1956 587 sordi-

339 610 431 649 bus5
463 619 533 645 nec
562 607 702 644 medici
733 603 797 657 ipsi
826 613 981 654 propter
1010 599 1268 640 neceffitatem
1295 600 1865 650 solummodohonorabuntur,
1894 601 1958 642 sed

339 662 469 712 utique
493 671 646 711 propter
669 661 817 698 donum
848 659 1086 705 mortalibus,
1115 670 1157 695 ex
1181 657 1352 702 terrenis,
1383 654 1481 705 quasi
1507 658 1728 703 maximum,
1758 658 1863 703 cujus
1890 671 1959 711 po-

340 716 454 755 terint
472 717 553 763 css'e,
585 716 790 753 secundum
806 717 948 761 Deum,
977 713 1251 764 dispensatores
1272 714 1308 748 δε
1324 710 1540 748 administri.
1598 713 1704 749 Licet
1719 712 1825 749 enim
1847 724 1958 752 mun-

337 773 406 810 dus
421 772 573 809 homini
591 771 819 818 Christiano,
840 771 885 807 ad
900 781 1037 807 terram
1055 763 1315 819 promissionis
1331 767 1594 812 contendenti,
1611 775 1791 818 tanquam
1807 778 1959 807 eremus

336 826 403 869 fit3
431 837 560 864 tamen
580 826 620 863 in
649 838 781 863 eremo
809 825 885 876 ipsa
908 822 1244 877 proficiscentibuS,
1274 823 1418 859 calceos
1442 824 1478 858 &
1505 821 1617 858 vestes
1643 822 1792 873 (corpus
1818 822 1958 863 scilicet

337 882 521 930 nostrum,
551 882 655 932 quod
671 880 816 918 animae
832 884 922 918 loco
937 881 1115 930 tegminis
1137 878 1198 926 cst)
1230 879 1357 915 minus
1385 878 1508 923 atteri,
1539 879 1679 926 gratiae
1703 879 1853 915 divinae
1873 889 1956 918 mu-

337 949 408 975 nus
429 937 623 986 quoddam
653 936 934 974 aestimandum.
991 936 1071 972 Hac
1094 934 1141 971 de
1169 946 1220 979 re,
1251 934 1338 980 quia
1362 932 1411 969 est
1430 945 1472 969 cx
1498 931 1649 982 optimis
1675 944 1836 982 eamque
1858 935 1960 972 inter

338 991 539 1031 desiderata
555 991 761 1043 posuimus,
790 1004 833 1028 ex
852 1003 959 1028 more
974 988 1113 1037 nostro,
1145 991 1181 1026 &
1197 990 1346 1025 monita
1360 988 1545 1034 dabimus,
1575 989 1611 1024 δὲ
1629 988 1778 1034 indicia,
1807 990 1844 1025 ὅ(
1859 999 1961 1039 prae·

339 1057 458 1100 cepta.

394 1104 562 1140 PRIMO
586 1113 804 1148 monemus,
834 1114 877 1138 ex
902 1100 1154 1153 scriptoribus,
1186 1101 1282 1136 eirca
1298 1098 1371 1135 lioc
1388 1107 1668 1147 argumentum,
1699 1100 1896 1137 neminem
1912 1100 1963 1138 es-

346 1157 395 1205 se,
425 1159 490 1206 qui
506 1157 647 1206 aliquid
662 1158 806 1206 magni,
836 1169 884 1193 ne
908 1157 1075 1193 dicamus
1097 1153 1237 1203 aliquid
1262 1153 1351 1199 sani,
1383 1154 1574 1204 repererit.
1632 1152 1856 1192 Aristotcles
1883 1167 1962 1193 cer-

341 1223 380 1250 te
396 1213 719 1250 commentarium
734 1211 867 1248 dehoc
883 1211 1000 1248 edidit
1016 1208 1268 1263 perpusillum,
1287 1211 1325 1245 in
1337 1221 1415 1256 quo
1429 1207 1606 1244 nonnihil
1619 1207 1709 1246 inest
1718 1210 1817 1246 acuti
1831 1224 1838 1246 z
1857 1211 1962 1259 quod

342 1266 419 1317 ipse
450 1268 581 1304 onmia
610 1266 680 1304 ess'e
702 1267 794 1314 vult,
825 1276 865 1303 ut
893 1265 997 1303 solet.
1059 1267 1112 1302 At
1137 1265 1364 1301 recentiores
1385 1275 1462 1299 tam
1488 1262 1702 1311 oscitanter,
1732 1266 1768 1302 ἂ
1799 1264 1961 1317 supersti-

345 1322 442 1359 tiose
463 1322 510 1359 de
533 1322 608 1360 hoc
632 1321 870 1373 scripserunt,
898 1331 941 1359 ut
963 1330 1232 1371 argumentum
1250 1318 1372 1371 ipsum
1396 1319 1447 1355 ob
1469 1329 1604 1355 eorum
1628 1321 1849 1368 vanitatem,
1878 1331 1960 1359 ran·

349 1389 465 1426 quam
481 1389 620 1414 vanum
636 1379 672 1414 ὅ(
688 1389 817 1414 vecors
833 1376 961 1414 haberi
979 1377 1158 1428 eoeperit.

400 1433 638 1470 SECUNDO
672 1443 888 1478 monemus,
917 1430 1007 1483 ipsas
1024 1432 1270 1475 intentiones,
1301 1428 1484 1477 quaehuc
1506 1428 1681 1480 spernant,
1712 1430 1964 1480 medicorum,

347 1499 404 1524 res
420 1486 527 1524 nihili
559 1487 641 1535 effe,
672 1489 709 1524 δ(
736 1488 989 1536 cogitationes
1009 1488 1214 1524 hominum
1232 1496 1251 1522 a
1272 1496 1311 1521 re
1332 1483 1457 1535 potius
1479 1484 1675 1532 abducere,
1703 1497 1818 1533 quam
1839 1487 1965 1525 versus

345 1554 429 1579 eam
446 1543 622 1592 dirigere.
682 1542 995 1579 Sermocinantnr
1017 1543 1136 1581 enirn,
1167 1550 1334 1578 mortem
1351 1540 1390 1577 in
1405 1537 1648 1576 destitutione
1664 1541 1774 1577 calidi
1792 1543 1828 1579 &
1843 1541 1965 1580 humi-

345 1597 386 1634 di
409 1595 602 1634 consistere
620 1611 627 1633 :
658 1597 799 1634 Deberi
816 1599 943 1646 itaque
959 1599 1123 1635 calorem
1142 1597 1350 1634 naturalem
1365 1594 1587 1640 confortari,
1618 1596 1821 1633 humorem
1837 1606 1965 1635 autem

347 1651 547 1690 radicalem
562 1652 704 1690 foveri:
735 1651 894 1689 Perinde
915 1664 956 1690 ae
982 1651 1006 1690 si
1029 1653 1119 1690 haee
1139 1664 1194 1688 tes
1222 1649 1381 1697 jul'eulis,
1412 1660 1474 1686 aut
1497 1650 1647 1687 lactucis
1673 1653 1708 1687 ὃ(
1729 1650 1871 1700 malvis,
1901 1663 1966 1692 aut

348 1708 504 1757 amydo,
532 1718 594 1745 aut
611 1707 759 1754 jujubis,
790 1718 852 1745 aut
869 1707 991 1745 rursus
1006 1708 1248 1753 aromatibus,
1278 1716 1340 1742 aur
1355 1707 1448 1742 vino
1470 1705 1668 1754 generoso,
1688 1716 1750 1744 aut
1766 1708 1882 1744 etiam
1897 1707 1965 1758 spi-

348 1763 424 1800 ritu
442 1764 521 1799 vini
538 1765 574 1800 ὃς
590 1763 684 1800 oleis
699 1762 894 1811 chymicis,
925 1763 1062 1800 confici
1087 1758 1211 1813 possit.
1269 1762 1375 1812 Quae
1392 1762 1524 1798 omnia
1539 1759 1675 1798 obsunt
1688 1763 1827 1812 potiuS,
1851 1774 1967 1813 quam

349 1817 519 1866 prosunt.
1913 1867 1915 1870 Α

403 1874 602 1910 TERTIO
632 1884 847 1919 monemus,
878 1883 920 1910 ut
944 1873 1122 1910 homines
1145 1873 1278 1922 nugari
1305 1869 1486 1917 desinant,
1526 1883 1593 1907 nee
1618 1881 1695 1908 tam
1727 1872 1854 1910 faciles
1873 1871 1965 1923 ⁴sint,

350 1936 392 1964 ut
411 1927 575 1973 credant,
605 1927 746 1976 grande
767 1928 862 1965 illud
878 1940 986 1980 opus,
1015 1929 1124 1976 quale
1148 1926 1198 1964 est
1222 1937 1388 1973 naturae,
1418 1925 1567 1962 cursum
1584 1929 1763 1964 remorari
1786 1930 1822 1965 δ(
1846 1938 1967 1967 retro-

350 1992 507 2029 vertere,
538 1982 637 2032 posse
657 1983 785 2020 haustu
807 1983 934 2032 aliquo
958 1982 1159 2028 matutino,
1198 1993 1259 2019 aut
1284 1981 1348 2019 usu
1374 1982 1527 2026 alicujus
1551 1982 1733 2030 pretiosae
1756 1984 1968 2024 medicinae

352 2037 398 2073 ad
424 2039 566 2074 exitum
582 2037 757 2086 perduci:
791 2051 871 2075 non
893 2051 987 2076 auro
1009 2039 1182 2090 potabili,
1214 2050 1293 2074 non
1315 2038 1600 2086 margaritarum
1617 2037 1790 2085 ess'entiis,
1820 2040 1857 2076 ὃ(
1871 2037 1969 2078 fimi·

353 2092 451 2129 libus
471 2094 581 2142 nugis
599 2106 606 2128 :
637 2091 698 2129 sed
720 2103 760 2130 ut
784 2106 855 2144 pro
879 2104 986 2131 certo
1009 2094 1182 2139 habeant,
1212 2093 1549 2142 prolongationem
1570 2093 1666 2129 vitae
1691 2093 1760 2130 effe
1778 2105 1859 2130 rem
1879 2107 1968 2148 ope—

353 2147 490 2194 rosam,
521 2151 557 2185 &
573 2160 666 2199 quae
682 2160 724 2185 ex
741 2149 1000 2198 compluribus
1024 2147 1212 2195 remediiS,
1243 2158 1354 2196 atque
1379 2159 1514 2184 eorum
1536 2148 1634 2183 inter
1665 2148 1700 2185 se
1723 2151 1968 2188 connexione

353 2203 503 2243 idonea,
531 2202 685 2240 constet.
743 2205 881 2253 Neque
908 2206 1013 2241 enim
1037 2202 1235 2252 quisquam
1262 2204 1312 2240 ita
1337 2203 1501 2254 stupidus
1522 2202 1591 2239 css'e
1611 2203 1736 2251 debet,
1764 2214 1806 2241 ut
1829 2206 1969 2253 credat,

353 2258 459 2306 quod
488 2270 685 2306 nunquam
714 2258 854 2297 fastum
883 2258 932 2296 est
947 2259 1079 2306 adhuc,
1110 2259 1148 2295 id.
1170 2258 1249 2296 fieri
1274 2259 1349 2304 jam
1364 2258 1477 2310 poffe,
1508 2255 1574 2294 nisi
1599 2271 1666 2310 per
1689 2260 1828 2296 modos
1853 2262 1969 2298 etiam

354 2325 551 2362 nunquam
575 2324 753 2351 tentatos.

407 2370 516 2420 QUA
527 2381 554 2406 R
565 2381 623 2406 To
652 2380 869 2416 monemuS,
899 2381 940 2407 ut
970 2369 1149 2407 homines
1164 2370 1235 2406 rite
1251 2368 1552 2406 animadvertant
1569 2371 1604 2406 ὅ(
1620 2368 1857 2419 distinguant,
1872 2371 1970 2410 circa

355 2435 408 2470 ea,
439 2436 534 2472 quae
563 2425 609 2461 ad
633 2426 750 2461 vitam
776 2423 915 2471 sanam,
946 2428 983 2463 ὃς
1004 2436 1058 2470 ea,
1086 2437 1181 2473 quae
1204 2425 1249 2461 ad
1277 2423 1390 2462 vitam
1411 2425 1578 2473 longam,
1608 2424 1781 2462 conferre
1805 2425 1967 2477 possunt.

357 2480 452 2516 Sunt
476 2480 580 2516 enim
596 2481 797 2526 nonnulla,
825 2492 920 2528 quae
943 2480 989 2517 ad
1011 2479 1205 2529 spirituum
1235 2480 1477 2524 alacritatem,
1508 2481 1543 2516 ὅ(
1568 2479 1811 2517 funeiionum
1839 2481 1969 2530 robur,

357 2535 396 2570 ὅ(
419 2535 578 2571 morbos
597 2535 792 2581 arcendOS,
818 2535 996 2584 prosunt3
1026 2547 1120 2583 quae
1144 2545 1271 2571 tamen
1296 2534 1343 2571 de
1365 2533 1509 2570 summa
1525 2535 1620 2571 vitae
1635 2534 1849 2583 detrahunt,
1880 2539 1917 2576 ὅ(
1935 2550 1971 2576 a·

358 2589 550 2637 tropliiam
566 2589 724 2627 senilem
744 2589 881 2638 absque
899 2591 1042 2628 morbis
1059 2591 1287 2627 accelerant:
1319 2590 1414 2626 Sunt
1430 2591 1465 2625 ὃ(
1482 2589 1562 2634 alia,
1586 2601 1680 2637 quae
1696 2590 1742 2626 ad
1765 2592 1970 2644 prolonga-

359 2641 506 2680 tionem
529 2645 638 2692 vitae‚
667 2646 705 2682 ὃ(
730 2645 942 2695 atrophiam
959 2645 1115 2682 senilem
1143 2646 1294 2694 longius
1311 2643 1621 2680 summovendam
1643 2645 1799 2690 juvant:
1829 2646 1891 2685 sed
1919 2659 1971 2686 ta·

359 2709 451 2735 men
472 2710 553 2735 non
574 2700 797 2750 usurpantur
822 2700 958 2750 absque
981 2701 1152 2750 periculo
1175 2699 1418 2739 valetudinis3
1447 2700 1542 2736 adeo
1558 2710 1598 2736 ut
1613 2702 1678 2749 qui
1696 2701 1740 2738 iis
1755 2710 1909 2740 utentur
1924 2705 1970 2741 ad

359 2754 695 2804 prolongationem
710 2757 819 2802 vitae,
848 2757 1008 2793 debeant
1037 2753 1143 2792 simul
1170 2753 1426 2791 incommodis
1445 2766 1653 2801 occurrere,
1684 2768 1778 2804 quae
1798 2757 1970 2807 alioquin

362 2820 405 2844 ex
425 2820 560 2845 eorum
576 2809 641 2846 usu
659 2810 891 2860 supervenire
907 2807 1061 2861 poss'mt.
1118 2810 1248 2859 Atque
1264 2808 1410 2846 monita
1431 2810 1605 2846 hactenus
1620 2811 1804 2849 dedimus.

415 2865 557 2915 QUOD
586 2865 630 2901 ad
657 2866 795 2903 indicia
809 2868 971 2908 attinet3
999 2867 1073 2903 tale
1096 2865 1204 2910 hujus
1228 2865 1281 2901 rei
1299 2865 1427 2913 (quam
1454 2866 1585 2900 animo
1606 2867 1800 2914 metimur)
1831 2867 1971 2917 plasma

362 2917 422 2955 est.
469 2918 754 2957 Conservantur
767 2934 826 2958 res
842 2923 1024 2959 &durant
1037 2921 1185 2958 duobus
1204 2919 1348 2956 modis:
1378 2919 1489 2956 autin
1506 2920 1701 2956 identitate
1718 2921 1799 2963 sua3
1829 2933 1891 2970 aut
1905 2935 1972 2973 per

362 2975 649 3026 reparationem.
706 2977 749 3012 ln
765 2977 963 3014 identitate
981 2977 1052 3022 sua,
1083 2986 1123 3014 ur
1139 2974 1265 3012 musca
1281 2985 1343 3012 aut
1358 2974 1519 3011 formica
1535 2976 1572 3010 in
1588 2975 1764 3017 suecin03
1794 2977 1878 3025 flos,
1907 2988 1972 3018 aut

360 3040 535 3081 pomum,
568 3040 630 3066 aut
664 3031 827 3080 lignum,
857 3030 896 3068 in
928 3031 1218 3068 conservatoriis
1246 3031 1456 3070 nivalibu33
1486 3030 1639 3066 cadaver
1672 3032 1770 3068 inter
1799 3032 1968 3070 balsama.

367 3085 437 3123 Per
460 3085 749 3134 reparationem,
765 3095 805 3123 ut
821 3087 861 3122 in
876 3086 1027 3124 flamma
1044 3088 1081 3124 δε
1096 3087 1135 3127 in
1154 3085 1392 3124 mechanicis.
1450 3085 1635 3136 Operanti
1652 3086 1696 3123 ad
1712 3087 1972 3138 prolongatio-

1883 3155 1973 3190 nem
