2040 3439
162 235 227 283 .ffi

627 211 1211 270 DISTRIBUTIO
1280 209 1590 255 OPERI&

306 325 413 362 tione
430 319 794 357 demonstrationum
817 317 853 352 ὃ(
873 311 1137 361 redargutione
1154 308 1307 346 rationis
1327 308 1511 344 humanae
1526 307 1683 344 nativae.
1739 309 1806 346 H‘ss
1822 323 1915 348 vem

306 377 510 430 explicati-s,
546 386 588 411 ae
610 372 802 425 postquam
828 370 984 406 demum
1013 367 1186 415 patuerit,
1224 363 1314 412 quid
1339 374 1466 398 rerum
1486 373 1631 402 natura,
1669 364 1916 411 quidmcntivs

307 443 440 472 natura
462 430 574 469 ferat3
606 425 853 464 existimamus
876 435 947 459 nos
971 420 1179 458 thalamum
1204 420 1342 456 mentis
1368 420 1404 454 ὃ(
1425 415 1592 461 univer-fi,
1629 419 1802 469 pronuba
1825 421 1918 459 divi-

310 500 358 526 na
378 487 562 529 bonitate,
600 479 755 518 stravisse
781 481 817 516 &
841 476 998 515 ornass‘e.
1055 475 1299 526 Epithalamii
1328 483 1456 510 autem
1486 482 1620 530 votum
1646 470 1702 520 fit,
1739 484 1780 510 ut
1801 487 1844 512 ex
1868 487 1920 518 eo

309 541 506 580 connubio
525 538 657 574 auxilia
672 535 847 580 humana,
877 534 913 569 &
933 530 1035 580 stirps
1057 531 1315 574 inventorum,
1343 540 1435 576 quae
1451 524 1682 564 nccessitates
1702 540 1744 565 ae
1759 530 1922 568 miserias

311 590 512 635 hominum
533 593 656 639 aliqua
683 602 725 626 cx
752 599 855 638 parte
880 587 1039 624 doment
1069 587 1106 622 ὅ(
1133 585 1317 634 subigant,
1356 582 1581 633 suscipiatur.
1638 584 1739 620 Haec
1759 597 1850 623 vero
1872 585 1924 624 est

317 651 440 701 operis
455 659 534 700 pars
550 645 719 683 secunda.
1788 681 1794 688 ‚

373 705 444 740 Ar
469 704 544 739 vias
559 713 651 738 non
666 699 789 737 solum
804 695 1010 734 monstrare
1034 698 1070 732 ὃς
1085 694 1247 740 munire,
1277 692 1337 729 sed
1361 693 1457 729 inire
1473 704 1624 740 quoque
1644 691 1844 732 consilium
1863 695 1924 733 est.

317 763 446 807 Itaque
463 758 571 794 tertia
586 768 668 805 pars
684 755 808 806 operis
824 750 1085 802 compleffitur
1100 750 1369 787 Phaenome-na·
1392 745 1591 788 Univerlis
1620 748 1694 784 hoc
1710 747 1771 796 est,
1800 752 1934 787 omni·

318 825 453 860 genam
472 800 756 861 experientiam,
793 819 904 856 atque
928 806 1116 844 historiam
1140 805 1362 849 naturalem,
1401 803 1478 847 ejus
1502 801 1659 851 generis,
1695 816 1790 854 quae
1812 801 1928 854 possit

318 857 392 907 ”ess'e
420 868 466 905 ad
500 866 739 904 condendam
768 862 1044 914 philosophiam
1074 860 1377 897 fundamentalis.
1445 859 1583 905 Neque
1611 858 1716 908 enim
1745 860 1930 897 excellens

321 927 446 972 aliqua
469 919 748 959 demonstrandi
767 921 836 965 via,
873 916 943 955 five
969 927 1141 953 naturam
1166 913 1433 964 interpretandi
1455 913 1597 953 formas
1629 923 1669 950 ut
1689 925 1860 952 mentem
1883 915 1939 952 ab

321 991 451 1017 errore
474 975 627 1028 &lapsu
649 975 850 1012 defendere
865 986 906 1010 ae
930 971 1115 1017 sustinere,
1145 969 1194 1007 ita
1210 971 1243 1006 ei
1268 967 1462 1006 materiam
1478 968 1524 1004 ad
1547 967 1739 1006 iciendum
1755 969 1932 1018 praebere

324 1037 362 1072 ὅ(
388 1032 661 1071 subministrare
694 1025 819 1079 possit.
875 1029 1020 1066 Verum
1044 1028 1106 1072 iis,
1130 1025 1263 1074 quibus
1288 1037 1369 1061 non
1385 1025 1573 1066 conjicere
1593 1025 1629 1060 ὅ(
1644 1023 1834 1071 hariolari,
1869 1024 1934 1062 sed

325 1090 497 1127 invenire
521 1089 556 1124 ὅ(
573 1085 661 1123 scire
677 1082 910 1136 propositum
927 1083 996 1122 ests
1026 1083 1166 1130 quique
1190 1092 1274 1116 non
1292 1077 1452 1115 simiolas
1475 1081 1511 1115 δε
1531 1078 1671 1116 fabulas
1696 1080 1935 1118 mundorum

328 1141 578 1186 comminisci,
607 1141 667 1177 sed
692 1141 799 1184 hujus
821 1137 927 1188 ipsius
942 1139 1019 1174 veri
1043 1136 1176 1173 mundi
1202 1145 1373 1171 naturam
1395 1133 1637 1187 introspicere
1653 1136 1690 1171 &
1708 1135 1810 1172 velut
1832 1134 1937 1173 diffe-

331 1211 413 1236 care
435 1200 476 1234 in
502 1198 634 1233 animo
656 1195 818 1235 habent3
856 1194 985 1230 omnia
1006 1204 1025 1228 a
1045 1192 1153 1228 rebus
1174 1187 1255 1238 ipsis
1279 1190 1438 1238 petenda
1465 1188 1558 1225 sunt.
1617 1191 1754 1238 Neque
1777 1190 1865 1228 huic
1888 1192 1938 1228 la-

332 1255 419 1291 bori-
443 1255 479 1289 δε
502 1248 735 1299 inquisitioni
763 1261 806 1285 ac
830 1248 1041 1284 mundanae
1070 1245 1399 1294 perambulationi,
1437 1245 1511 1280 ulla
1531 1245 1678 1292 ingenii
1701 1254 1764 1282 aut
1784 1247 1940 1283 medita-

332 1308 449 1346 tionis
463 1316 524 1343 aut
543 1302 877 1354 argumentationis
893 1301 1113 1347 substitutio,
1144 1310 1205 1336 aut
1221 1298 1480 1348 compensatio
1496 1295 1663 1336 sufficere
1689 1300 1828 1349 potest3
1855 1313 1941 1339 non

333 1362 360 1400 fi
379 1362 510 1399 omnia
529 1361 706 1397 omnium
726 1359 878 1408 ingenia
898 1358 1070 1393 coierint.
1126 1356 1255 1403 Itaque
1275 1364 1336 1392 aut
1357 1354 1431 1391 hoc
1451 1352 1600 1403 prorsus
1619 1353 1849 1403 habendum,
1877 1367 1941 1394 aut

334 1418 534 1466 negotium
558 1417 597 1452 in
626 1423 850 1466 perpetuum
872 1411 1130 1449 deserendum.
1186 1410 1250 1446 Ad
1280 1409 1380 1446 hunc
1409 1421 1499 1446 vero
1520 1407 1635 1457 usque
1656 1409 1760 1446 diem
1783 1411 1838 1448 ita·
1853 1407 1947 1449 cuni

335 1470 554 1510 hominibus
569 1471 692 1507 aerum
707 1468 766 1514 est,
788 1478 828 1505 ut
844 1468 1004 1503 minime
1021 1468 1161 1502 mirum
1175 1463 1229 1511 fit,
1250 1462 1275 1501 fi
1291 1474 1422 1501 natura
1438 1463 1491 1501 sui
1507 1462 1654 1515 copiam
1670 1476 1752 1501 non
1766 1464 1888 1504 faciat.

393 1529 512 1565 NAM
536 1526 674 1575 prium,
712 1522 834 1560 sensus
860 1520 967 1574 ipsius
987 1521 1224 1567 informatio,
1254 1522 1290 1556 δε
1313 1518 1484 1556 descrens
1509 1521 1544 1556 ὃ(
1568 1518 1723 1556 fallens:
1761 1520 1945 1560 Observa-

339 1584 396 1619 tio
412 1581 615 1630 indiligens
630 1582 666 1616 ὅ(
682 1579 886 1627 inaequalis
902 1579 937 1614 ὅ(
952 1587 1131 1624 tanquam
1147 1575 1325 1612 fortuita:
1345 1573 1531 1620 Traditio,
1552 1586 1645 1611 vana
1660 1576 1696 1612 &
1711 1587 1754 1612 ex
1769 1587 1946 1615 rumore:

339 1637 514 1681 Prafflca,
551 1636 657 1686 operi
678 1635 823 1670 intenta
845 1635 883 1670 ὅ(
906 1631 1066 1669 servilis:
1094 1632 1149 1667 vis
1174 1631 1486 1679 experimentalis,
1514 1641 1633 1676 caeca,
1667 1630 1818 1680 stupida,
1855 1644 1946 1682 vaga

341 1694 379 1729 ὅ(
401 1700 616 1743 praerupta:
645 1689 808 1737 denique
831 1686 980 1725 historia
999 1686 1185 1733 naturalis,
1214 1686 1304 1723 levis
1321 1688 1357 1722 ὃ(
1378 1684 1508 1736 inops;
1537 1681 1810 1726 vitiofiffimam
1833 1697 1949 1725 matc-

341 1748 436 1785 riam
453 1746 659 1787 intellectui
681 1745 725 1780 ad
740 1742 1017 1794 philosophiam
1033 1744 1069 1778 ὃς
1090 1740 1259 1778 scientias
1275 1740 1549 1790 congess'erunt.

395 1802 608 1845 DEINDE,
634 1798 864 1850 praepostera
888 1796 1174 1847 argumentandi
1195 1795 1376 1833 subtilitas
1399 1797 1436 1832 &
1455 1795 1666 1842 ventilatio,
1695 1794 1818 1834 serum
1840 1791 1950 1836 rebus

344 1857 454 1906 plane
477 1855 672 1904 desperatis
697 1864 818 1891 tentat
840 1851 1069 1890 remedium:
1106 1863 1177 1888 nec
1205 1852 1406 1900 negoti-um
1429 1852 1510 1888 ullo
1537 1851 1657 1887 modo
1683 1851 1852 1899 restituit,
1886 1863 1951 1890 aut

346 1923 491 1948 errores
507 1909 656 1960 separat.
711 1910 840 1957 Itaque
855 1909 957 1945 nulla
975 1907 1051 1956 spes
1066 1907 1217 1954 majoris
1231 1907 1425 1956 augmenti
1440 1918 1481 1944 ac
1494 1904 1702 1958 progreffus
1716 1904 1781 1945 fita
1795 1908 1856 1955 est,
1883 1905 1953 1946 nist

348 1967 390 2003 in
405 1966 667 2003 restauratione
682 1964 841 2012 quadam
858 1961 1106 2000 scientiarum.

402 2023 436 2058 H
450 2033 477 2058 U
482 2033 502 2071 J
514 2032 565 2058 us
596 2030 722 2057 autem
748 2019 900 2056 exordia
919 2020 1084 2055 omnino
1104 2029 1123 2054 a
1147 2019 1305 2054 naturali
1327 2017 1477 2055 historia
1502 2017 1681 2056 sumenda
1703 2016 1800 2065 stint,
1836 2030 1953 2068 eaque

349 2075 426 2125 ipsa
445 2077 534 2112 novi
556 2075 745 2117 cujusdam
768 2075 915 2123 generis
939 2075 975 2110 <Se
997 2082 1199 2125 apparatus
1258 2073 1399 2110 Frustra
1422 2075 1526 2110 enim
1549 2073 1661 2110 fuerit
1682 2071 1874 2122 speculum
1896 2087 1954 2112 ex-

349 2132 484 2180 polire,
513 2128 536 2167 fi
551 2128 668 2167 desint
684 2131 886 2178 imagines:
910 2131 946 2166 ὃς
961 2129 1069 2178 plane
1086 2129 1239 2165 materia
1255 2129 1390 2165 idonea
1407 2128 1658 2181 praeparanda
1671 2127 1719 2165 est
1734 2129 1957 2177 intellectui,

351 2199 433 2223 non
462 2187 585 2223 solum
605 2183 779 2236 praesidia
799 2184 869 2221 fida
898 2183 1159 2232 comparanda.
1215 2182 1357 2220 Differt
1387 2196 1478 2221 vero
1508 2183 1630 2221 rursus
1654 2184 1806 2221 historia
1831 2183 1957 2223 nostra

354 2241 691 2289 (quemadmodum
712 2241 835 2289 logica
860 2239 991 2286 nostra)
1016 2239 1062 2275 ab
1079 2250 1120 2274 ea
1143 2250 1237 2286 quae
1261 2238 1429 2286 habetur,
1458 2240 1588 2276 multis
1611 2239 1741 2276 rebus:
1770 2239 1856 2286 fine,
1886 2238 1959 2279 five

352 2293 503 2337 officim
524 2295 599 2347 ipsa
611 2297 714 2332 mole
730 2295 975 2342 &congeries
996 2293 1084 2330 dein
1101 2292 1324 2334 subtilitate3
1339 2295 1453 2331 etiam
1464 2294 1622 2341 deleciu,
1644 2292 1960 2333 &constitutione

354 2353 393 2388 in
410 2352 544 2388 ordine
564 2351 608 2387 ad
625 2363 666 2387 ea
681 2361 774 2398 quae
791 2349 1006 2398 sequuntur.

409 2407 574 2445 PniMo
597 2407 700 2442 enim
723 2417 804 2442 eam
828 2405 1078 2455 proponimus
1098 2403 1290 2441 historiam
1313 2405 1535 2450 naturalem,
1573 2416 1666 2452 quae
1689 2417 1770 2441 non
1795 2415 1872 2442 tam
1896 2416 1961 2443 aut

359 2473 482 2497 rerum
497 2463 671 2497 varietate
693 2460 865 2505 delectet,
900 2469 963 2496 aut
978 2457 1160 2510 praesenti
1188 2460 1537 2510 experimentorum
1552 2460 1672 2496 fruCiu
1688 2461 1811 2503 juvet3
1848 2472 1964 2509 quam

360 2514 482 2551 lucem
513 2516 724 2552 inventioni
750 2514 939 2552 causarum
969 2512 1136 2550 affundat
1165 2515 1201 2550 ὅ(
1227 2514 1484 2566 philosophiae
1512 2516 1777 2552 enutricandae
1801 2517 1966 2566 primam

366 2581 569 2605 mammam
600 2571 782 2618 praebeat.
837 2571 943 2606 Licet
969 2570 1072 2605 enim
1099 2579 1213 2617 opera
1236 2579 1346 2617 atque
1375 2570 1533 2607 aeiivam
1557 2569 1794 2608 scientiarum
1818 2581 1964 2621 partem

362 2626 555 2675 praecipue
577 2629 782 2671 lcquamur,
811 2635 938 2662 tamen
959 2619 1084 2659 mcssis
1107 2633 1255 2674 tempus
1280 2624 1529 2675 expefitamus,
1567 2637 1637 2662 nec
1657 2625 1828 2663 muscum
1853 2627 1891 2664 ὅ(
1913 2626 1965 2665 se-

363 2689 488 2727 getem
509 2679 701 2715 herbidam
721 2681 911 2717 demetere
934 2689 1127 2715 conamur.
1185 2678 1278 2715 Satis
1299 2680 1402 2715 enim
1425 2678 1559 2716 scimus
1582 2682 1766 2718 axiomata
1790 2682 1887 2719 reste
1908 2683 1966 2720 in-

366 2744 489 2779 venta,
528 2744 608 2770 tota
629 2736 776 2781 agmina
806 2747 964 2783 operum
993 2732 1116 2769 secum
1143 2732 1306 2774 trahere3
1345 2744 1456 2783 atque
1480 2747 1592 2786 opera
1615 2748 1696 2773 non
1726 2734 1874 2784 sparsim
1901 2736 1967 2775 sed

369 2788 573 2824 confertim
595 2789 777 2825 exhibere.
834 2788 1137 2838 Intempestivum
1161 2798 1287 2824 autem
1303 2790 1411 2825 illum
1436 2791 1472 2826 ὅ(
1494 2791 1681 2841 puerilem
1704 2789 1893 2840 affectum,
1921 2802 1965 2829 ut

368 2844 525 2892 pignora
551 2844 672 2891 aliqua
695 2855 883 2881 novorum
903 2855 1059 2893 operum
1082 2854 1241 2894 propere
1265 2854 1477 2894 captentur,
1509 2845 1657 2894 prorsus
1683 2846 1906 2884 damnamus
1928 2849 1967 2885 δε

367 2910 596 2943 amovemus,
635 2910 702 2934 ceu
721 2910 879 2946 pomum
900 2899 1099 2935 Atalantae
1125 2898 1229 2947 quod
1249 2898 1397 2936 curl'um
1423 2901 1582 2937 retardat
1601 2915 1609 2936 :
1645 2900 1775 2949 Atque
1796 2901 1968 2940 historiae

369 2953 513 2990 nostrae
533 2954 708 2989 naturalis
729 2949 898 2990 officium
914 2955 987 2990 tale
1002 2951 1061 2990 cst.

420 3008 594 3059 QUOAD
610 3008 827 3056 congeriem
844 3020 945 3054 vero,
975 3007 1197 3045 conficimus
1212 3006 1402 3045 historiam
1423 3021 1503 3046 non
1520 3008 1641 3047 solum
1659 3020 1810 3049 naturae
1831 3011 1971 3049 liberae

370 3074 410 3100 ac
435 3062 596 3104 solutam
627 3062 728 3110 (cum
748 3061 883 3101 scilicet
910 3064 973 3101 illa
998 3062 1128 3114 sponte
1153 3062 1246 3110 fluit,
1277 3066 1312 3101 δε
1337 3076 1431 3115 opus
1454 3064 1560 3103 suum
1578 3067 1740 3117 peragis
1779 3067 1901 3115 qualis
1919 3065 1969 3103 est

1822 3120 1971 3158 historia

1952 3238 1973 3278 ὃ
