2040 3439
190 178 252 227 68

422 178 521 225 DE
557 177 1062 225 AUGMENTIS
1097 174 1938 234 SCIE,NT1ARUM.Lib.1L

332 286 445 324 quam
465 275 623 326 grandes
644 274 688 313 ad
708 275 887 312 notitiam
911 275 1156 309 minutarum.
1213 272 1313 309 Bene
1329 270 1509 321 siquidem
1536 273 1683 310 notavit
1704 272 1939 327 Aristoteles,

334 333 528 387 anns'qne
551 331 607 370 rei
635 337 816 368 naturam
839 328 880 365 in
897 324 1143 380 portionibus
1169 323 1254 379 ejzts
1276 327 1447 364 minimis
1475 327 1616 378 optime
1639 328 1755 366 cerni.
1810 332 1938 383 Qam

335 383 391 429 ob
402 383 560 434 causam,
588 385 812 438 reipublicae
828 392 999 420 naturam
1020 381 1268 432 perscrutatur
1284 384 1411 432 primo
1427 383 1467 419 in
1487 383 1629 420 familia
1644 385 1679 420 ὅ(
1702 385 1739 420 in
1756 383 1943 434 simplicis-

336 446 436 485 simis
461 439 807 481 combinationibus
829 438 1023 484 societatis,
1066 437 1204 482 (mariti
1232 437 1371 474 scilicet
1391 440 1427 475 ὃ(
1448 439 1585 484 uxoris,
1621 449 1819 489 parentum
1844 443 1881 478 ὃς
1903 443 1945 478 li-

338 503 532 544 berorum,
570 495 719 533 domini
744 496 781 532 &
812 491 917 540 servi)
945 504 1038 539 quae
1065 493 1106 528 in
1127 492 1299 541 quolibet
1327 494 1523 542 tuguriolo
1549 505 1764 531 occurrunt.
1823 497 1947 533 Simili

339 559 449 610 plane
465 554 611 590 ratione
627 560 757 587 natura
777 547 927 593 hujusce
949 559 1106 597 magnae
1128 545 1297 593 civitatis,
1331 546 1589 594 (universitatis
1604 550 1788 586 nimirum
1806 554 1947 598 rerum)

339 610 489 658 ejusque
509 605 745 656 dispensatio,
775 605 815 640 in
830 604 951 655 prima
972 614 1118 651 quaque
1141 602 1455 650 symbolizatione
1472 605 1507 640 ὃς
1531 603 1701 640 minimis
1718 617 1842 642 rerum
1864 618 1950 658 por-

340 665 510 704 tionibus
536 659 786 709 investiganda
815 657 885 695 est:
925 659 979 694 uti
1004 657 1084 694 ficri
1111 658 1294 704 videmus,
1331 659 1435 709 quod
1460 658 1645 696 secretum
1673 660 1768 697 illud
1795 671 1949 698 naturae

345 721 529 768 (habitum
544 729 614 770 pro
631 715 813 762 maximo)
831 714 876 750 de
898 714 1104 750 verticitate
1120 712 1221 759 ferri,
1251 714 1349 750 tae‘tu
1365 711 1547 763 magnetis
1567 712 1675 751 exciti
1702 716 1747 752 ad
1761 717 1885 764 polos,
1914 716 1951 753 se

343 773 654 824 conspiciendum
672 770 853 820 praebuit,
883 781 964 805 non
984 770 1023 805 in
1039 768 1204 805 vcffibus
1224 768 1364 814 ferreis,
1396 767 1512 805 sedin
1534 769 1681 806 acubus.

395 832 494 867 EGO
517 840 609 865 vero
624 824 649 863 si
673 825 776 874 quod
802 822 842 861 fit
866 825 942 860 mei
958 823 1106 873 pondus
1127 823 1268 871 judicii,
1297 821 1343 861 fic
1367 824 1475 875 plane
1498 821 1640 864 statuo;
1671 823 1853 863 Historiae
1877 839 1952 863 me-

343 886 519 924 chanicae
543 882 650 920 ‘usum
667 893 752 930 erga
776 879 1055 930 philosophiam
1076 880 1300 926 naturalem,
1331 879 1400 916 esse
1423 880 1584 916 maxime
1602 880 1800 916 radicalem
1820 883 1856 918 &
1871 881 1954 919 fun-

343 940 608 979 damentalem.
664 937 799 973 Talem
823 934 997 984 intelligo
1011 933 1290 986 philosophiam
1315 936 1540 981 naturalem,
1575 947 1668 983 quae
1692 946 1773 972 non
1794 937 1898 974 abeat
1914 939 1955 974 in

341 998 469 1034 fumos
493 991 791 1047 speculationum
816 990 1009 1027 subtilium
1033 999 1096 1026 aut
1115 988 1358 1030 sublimium3
1397 990 1457 1026 sed
1482 1002 1576 1038 quae
1601 987 1800 1027 efficaciter
1825 1000 1955 1042 opere-

341 1063 414 1098 tur,
453 1050 497 1087 ad
525 1047 747 1086 sublevanda
775 1047 870 1083 vitae
892 1045 1078 1083 humanae
1108 1045 1367 1082 incommoda.
1426 1047 1562 1093 Neque
1586 1047 1690 1082 enim
1715 1045 1760 1082 ad
1785 1046 1955 1098 praeseus

342 1118 490 1145 tantum
516 1101 665 1150 juvabit,
693 1102 882 1139 neeiendo
906 1103 942 1138 ὃ(
965 1099 1227 1136 transferendo
1253 1099 1530 1138 observationes
1545 1102 1656 1138 unius
1681 1102 1768 1138 artis
1783 1102 1822 1138 in
1846 1103 1955 1140 usum

343 1162 499 1201 aliarum
520 1163 556 1197 ὃ(
582 1158 670 1195 inde
693 1168 808 1194 novas
829 1155 1122 1193 commoditates
1147 1155 1356 1197 eliciend03
1385 1156 1489 1204 quod
1514 1155 1655 1193 neceffe
1672 1156 1721 1192 est
1743 1155 1836 1204 fieri,
1862 1171 1955 1195 rcum

344 1218 599 1270 experimenta
621 1211 849 1250 diversarum
870 1212 1010 1248 artium
1033 1212 1074 1246 in
1094 1211 1204 1247 unius
1226 1209 1392 1247 hominis
1416 1211 1718 1248 observationem
1735 1214 1772 1249 ὅ(
1790 1211 1957 1250 confide-

345 1275 534 1310 rationem
553 1270 727 1307 venient3
759 1265 821 1303 sed
835 1277 953 1315 porro
975 1265 1021 1302 ad
1037 1264 1159 1302 causas
1175 1277 1300 1303 rerum
1319 1266 1547 1315 indagandas
1562 1268 1599 1304 &
1619 1265 1756 1304 artium
1771 1267 1958 1306 axiomata

342 1324 573 1370 deducenda,
617 1322 845 1360 lucidiorem
873 1320 994 1358 facem
1025 1319 1216 1368 accendet,
1257 1333 1372 1369 quam
1408 1321 1584 1358 hastenus
1613 1333 1781 1369 unquam
1810 1319 1955 1361 affulfit.

342 1378 681 1436 (Quemadmodum
705 1378 809 1414 enim
826 1377 1024 1425 ingenium
1047 1375 1315 1419 alicuiushaud
1337 1376 1434 1413 bene
1451 1378 1566 1423 noris,
1595 1387 1658 1414 aut
1681 1377 1862 1426 probaris,
1891 1377 1959 1416 nisi

345 1450 434 1476 eum
454 1432 673 1473 irritaveri53
710 1444 833 1480 neque
857 1433 1015 1468 Proteus
1032 1431 1066 1468 se
1088 1432 1127 1467 in
1149 1432 1264 1468 varias
1280 1443 1406 1469 rerum
1431 1432 1553 1479 facies,
1582 1442 1727 1469 vertere
1742 1432 1873 1471 solitus
1896 1434 1958 1481 est,

344 1492 412 1532 nisi
429 1491 585 1528 manicis
604 1489 702 1526 arete
717 1486 1007 1536 comprehensus
1020 1499 1030 1527 ς
1060 1484 1229 1523 {imiliter
1244 1488 1358 1523 etiam
1381 1497 1512 1524 natura
1527 1497 1605 1524 arte
1625 1488 1766 1524 irritata
1780 1490 1818 1526 ὃ(
1832 1500 1958 1527 vexata

345 1548 382 1586 se
397 1548 530 1584 clarius
545 1544 682 1594 prodit,
711 1554 824 1594 quam
841 1554 927 1579 cum
944 1541 1008 1579 fibi
1029 1541 1145 1578 libera
1161 1543 1404 1589 permittitur.
1919 1594 1922 1595 ⁷

402 1602 695 1651 ANTEQUAM
714 1610 805 1636 vero
823 1597 897 1634 hoc
913 1597 1130 1635 membrum
1150 1596 1323 1633 historiae
1339 1596 1525 1644 naturalis,
1559 1596 1678 1645 (quod
1697 1598 1961 1638 mechanicum

349 1669 460 1706 atque
484 1655 775 1705 experimentale
797 1651 990 1698 vocamus)
1014 1652 1262 1699 dimittamus,
1292 1651 1384 1689 illud
1407 1652 1689 1697 adjiciendum3
1718 1665 1855 1705 corpus
1877 1657 1961 1694 talis

348 1712 535 1758 historiae,
565 1722 647 1747 non
669 1709 792 1746 solum
808 1720 851 1744 ex
873 1707 1011 1745 artibus
1027 1704 1108 1759 ipfis
1123 1708 1362 1753 mechanicis,
1391 1720 1522 1746 verum
1538 1710 1574 1745 &
1590 1720 1633 1745 cx
1653 1711 1843 1760 operativa
1857 1722 1962 1760 parte

349 1768 588 1807 scientiarum
607 1765 833 1809 liberalium,
871 1775 912 1800 ac
935 1761 1043 1800 simul
1069 1773 1116 1799 ex
1140 1763 1308 1812 praeficis
1332 1763 1603 1812 compluribus,
1644 1763 1752 1812 (quae
1778 1765 1819 1800 in
1842 1776 1964 1804 artem

350 1836 434 1862 non
463 1819 701 1869 coaluerunt)
732 1819 869 1856 confici
897 1819 1044 1865 debere,
1082 1828 1123 1855 ut
1154 1818 1248 1855 nihil
1278 1819 1371 1855 utile
1411 1820 1742 1869 praetermittatur,
1784 1821 1889 1868 quod
1917 1816 1964 1860 ad

349 1876 638 1917 informandum
660 1875 895 1912 intelleewm
910 1874 1022 1920 juvat.
1079 1873 1211 1921 Atque
1234 1873 1324 1911 hacc
1348 1873 1396 1911 est
1411 1873 1583 1911 historiae
1608 1876 1787 1912 naturalis
1807 1878 1963 1926 partitio

350 1945 482 1985 prima.

995 2113 1036 2157 C
1071 2115 1116 2158 A
1155 2114 1191 2159 P
1263 2114 1341 2159 111.

358 2258 543 2300 Partitio
565 2258 745 2311 historiae
759 2258 954 2298 naturalis
972 2258 1150 2311 secunda,
1181 2272 1229 2297 ex
1249 2273 1272 2298 it
1293 2273 1316 2298 lt
1333 2274 1380 2304 <y
1385 2258 1470 2312 fine
1479 2258 1565 2313 fito,
1593 2260 1636 2298 in
1650 2261 1902 2312 narrativam
1918 2258 1967 2305 ὠ·

409 2313 657 2354 induffivam
671 2330 681 2353 .·
720 2308 1024 2369 Qiodquefinis
1046 2309 1292 2364 nobilissimos
1314 2314 1495 2367 historiae
1518 2314 1715 2354 naturalis
1721 2314 1790 2366 stt,
1830 2324 1877 2354 ut
1899 2318 1967 2355 mi-

411 2368 548 2421 nistret
573 2368 621 2414 &
641 2372 683 2409 in
703 2371 834 2409 ordine
845 2369 903 2422 stt
923 2369 978 2409 ad
993 2369 1227 2410 condendam
1241 2369 1548 2424 philosophiam:
1577 2370 1710 2424 ‘Quem
1723 2369 1846 2422 finem
1864 2372 1968 2411 intu-

409 2433 496 2463 etur
517 2425 737 2465 induc‘Jiva.
802 2425 986 2465 ‘Partitio
1008 2424 1189 2477 historiae
1203 2428 1500 2478 generationum
1522 2427 1564 2464 in
1586 2422 1783 2475 historiam
1806 2425 1967 2478 coelesti-

408 2492 472 2517 um
487 2496 498 2518 .·
533 2480 731 2532 historiam
764 2490 1034 2520 meteororum:
1077 2479 1274 2533 historiam
1299 2480 1408 2535 globi·
1437 2490 1566 2520 terrae
1600 2478 1647 2524 ἶν’
1675 2482 1821 2520 maris:
1857 2480 1970 2534 hillo·-

412 2536 511 2572 riam
534 2536 738 2589 maffarnm
747 2535 837 2588 stve
863 2536 1104 2591 collegiorum
1127 2535 1337 2590 majorum:
1377 2534 1424 2580 dy
1443 2535 1641 2585 historiam
1649 2536 1867 2590 specierum
1875 2536 1967 2591 five

413 2588 654 2643 collegiorum
674 2593 871 2631 minorum.

491 2703 736 2742 ISTORIA
761 2704 938 2742 naturalis
953 2713 995 2742 ut
1018 2703 1185 2751 subjecto
1200 2704 1334 2752 triplex
1361 2703 1703 2751 (quemadmodum
1722 2705 1899 2753 diximus)
1916 2706 1968 2747 ita

509 2756 576 2794 usu
598 2758 732 2808 duplex
748 2759 818 2797 est:
848 2759 1066 2798 Adhibetur
1090 2761 1207 2806 enim,
1234 2768 1297 2795 aut
1312 2769 1467 2808 propter
1482 2761 1746 2808 cognitionem
1769 2760 1971 2814 rerum‘i'p—

359 2812 495 2859 sarum,
526 2824 620 2861 quae
635 2812 805 2853 historiae
825 2815 1076 2856 mandantur3
1107 2824 1169 2852 aut
1189 2825 1369 2862 tanquam
1385 2816 1541 2851 materia
1560 2815 1680 2864 prima
1694 2813 1967 2866 philosophiae.

359 2866 492 2916 Atque
506 2869 611 2917 prior
626 2869 701 2915 illa,
733 2883 826 2921 quae
849 2881 912 2908 aut
927 2871 1191 2909 narrationum
1212 2869 1444 2915 jucunditate
1459 2870 1628 2916 delcetat,
1658 2879 1720 2906 aut
1736 2871 1968 2920 experimen·

361 2932 491 2961 torum
515 2922 581 2960 usu
609 2923 721 2971 iuvat,
749 2936 860 2974 atque
886 2925 1103 2971 hujusmodi
1118 2926 1321 2977 voluptatis
1346 2935 1408 2962 aut
1432 2926 1572 2963 frustus
1594 2926 1710 2974 gratia
1725 2923 1884 2974 quaesita
1906 2925 1968 2974 est,

359 2979 476 3028 longe
500 2977 692 3015 inferioris
706 2990 818 3018 notae
842 2981 1038 3029 censenda,
1066 2993 1153 3031 prae
1177 2993 1219 3018 ea
1233 2992 1328 3029 quae
1350 2980 1582 3018 indufflonis
1597 2991 1703 3018 verae
1727 2978 1968 3030 &legitimae

361 3033 460 3082 sylva
483 3031 524 3070 {it
544 3043 655 3083 atque
679 3033 850 3085 supellex,
880 3037 917 3074 ὅ(
938 3038 1103 3089 primam
1118 3034 1378 3089 philosophiae
1401 3047 1609 3073 mammam
1631 3036 1815 3085 praebeat.
1871 3038 1971 3074 Rur·

1912 3089 1972 3129 sus
