2040 3439
170 261 235 305 40
379 233 478 289 DE
530 238 1033 288 AUGMENTIS
1093 234 1721 283 SCIENTIARUM.
1770 223 1924 283 L‘ibf-‹as

308 337 381 378 tius
395 336 508 383 versa,
537 347 650 384 quam
666 334 740 373 fusa
754 349 763 376 3
792 346 870 382 quo
885 332 937 378 fit,
968 343 1008 369 ut
1024 333 1156 369 omnia
1171 344 1235 383 per
1248 329 1465 377 hujusmodi
1480 330 1695 378 artificium,
1725 331 1847 382 magis
1862 332 1927 370 ‘in-l

310 392 462 438 gcniosa
484 390 677 429 videantur
700 401 813 440 quam
837 400 961 425 revera
987 385 1067 424 sint.
1126 388 1219 423 Tale
1242 385 1431 424 invenitur
1458 388 1497 423 in
1522 387 1660 424 Seneca
1686 378 1928 434 effuliuss⁸in²

310 435 447 486 *Tacito
459 449 496 484 ὅ(
511 443 634 483 Plinio
650 444 814 481 secundo
826 441 1075 482 moderatius3
1104 451 1214 493 atque
1225 441 1338 478 nostri
1354 441 1537 493 temporis
1548 441 1697 479 auribus
1710 442 1836 494 coepit
1850 442 1931 479 effi?

313 515 397 542 non
423 504 476 539 ita
504 500 650 552 pridem
671 497 1016 536 accommodatum.
1073 497 1219 534 Verum
1246 496 1320 533 hoc
1344 494 1463 548 ipsum
1486 495 1737 534 mediocribus
1766 490 1934 546 ingeniis*

314 567 464 608 gratum
479 555 548 592 ess‘e
565 554 671 599 solet,
692 553 788 590 adeo
802 562 843 590 ut
858 552 1084 602 dignitatem
1099 551 1288 600 quandam
1303 550 1417 589 literis
1432 552 1626 598 conciliet,
1655 561 1822 589 attamen
1837 551 1930 596 aiu-²

315 610 419 650 diciis
431 611 547 660 magis
559 610 697 646 limatis
711 606 848 645 merito
859 607 1063 648 fastiditum
1084 608 1120 644 &
1134 604 1225 656 poni
1240 602 1354 656 possit
1367 617 1435 656 pro
1451 605 1676 658 intemperie
1687 601 1932 655 quadamndi·

316 667 470 712 cinnae,
498 675 587 702 cum
606 661 648 700 fit
667 663 870 701 verborum
886 663 1000 700 etiam
1017 663 1053 698 &
1068 672 1204 699 eorum
1219 659 1488 698 concinnitatis
1505 662 1706 713 aucupium
1720 660 1937 710 quoddams

317 721 448 769 Atque
465 720 541 757 haec
555 719 601 756 de
621 717 740 768 prima
755 719 948 755 literarum
969 715 1191 766 intemperie
1205 715 1302 753 diCta
1318 715 1441 754 sunto.
1713 738 1724 743 νὴ
1850 725 1865 733 ’“
1918 709 1937 731 ‘⁴

372 777 396 814 S
407 785 631 826 EQUITUR
649 786 691 810 ea
706 774 944 822 intemperies
959 774 999 809 in
1016 773 1124 809 rebus
1134 769 1227 821 ipse,
1249 783 1362 820 quam
1378 769 1570 821 posuimus
1586 771 1763 818 mediam,
1794 772 1831 809 δε
1844 768 1938 809 liti-2*

310 828 430 884 giosae
447 825 696 882 fizbtilitatis
723 827 881 866 nomine
909 825 1197 876 designavimus:
1237 825 1371 876 Estque
1399 827 1474 873 illa,
1514 826 1562 863 de
1589 837 1664 875 qua
1691 825 1813 863 modo
1838 824 1938 863 d'ixi--·

320 897 417 932 mus,
437 886 632 933 aliquanto
647 882 821 921 deterior.
869 883 927 923 Ut
943 884 1047 920 enim
1064 894 1189 920 rerum
1205 881 1365 931 dignitas
1379 882 1582 918 verborum
1597 882 1714 919 cultui
1730 880 1930 934 praecellit,

320 939 380 986 fic,
409 953 429 977 e
449 941 643 976 contrario
659 937 825 977 odiosior
838 938 887 975 est
905 939 1045 976 vanitas
1060 939 1101 974 in
1122 937 1233 974 rebus
1253 948 1368 986 quam
1390 937 1429 972 in
1445 937 1574 973 verbis.
1632 937 1717 988 Qua
1739 937 1778 973 in
1795 947 1855 984 re,
1875 934 1931 973 i'n—

320 996 488 1045 crepatio
502 993 564 1031 illa
579 995 745 1040 Paulina,
774 1005 856 1030 non
874 992 989 1043 magis
1003 993 1046 1029 ad
1071 991 1170 1030 suam
1187 1002 1346 1028 aetatem
1369 990 1509 1036 referri,
1539 1003 1651 1040 quam
1675 991 1719 1028 ad
1741 990 1933 1040 sequentia

321 1061 494 1100 tempora
521 1049 655 1086 deduci
680 1048 818 1100 potest3
856 1060 978 1097 neque
1006 1049 1241 1097 theologiam
1256 1055 1418 1092 tantum,
1449 1046 1509 1083 sed
1530 1047 1645 1084 ctiam
1669 1057 1804 1083 omnes
1821 1045 1931 1084 scien-

321 1107 391 1143 tias
412 1103 587 1154 respicere
607 1104 765 1142 videtnr.
822 1101 989 1142 Devita
1000 1100 1224 1154 prophanas
1239 1112 1377 1139 vocum
1393 1100 1597 1139 novitates
1619 1097 1666 1143 ἄν
1689 1098 1933 1153 oppositiones

312 1156 416 1212 faffi
433 1159 597 1197 nominis
610 1157 815 1210 fiientiae.
872 1157 937 1195 His
956 1160 1061 1195 enim
1081 1155 1201 1195 verbis
1219 1157 1299 1193 duo
1319 1155 1418 1205 signa
1442 1156 1657 1205 indiciaque
1684 1155 1859 1194 scientiae
1878 1156 1935 1194 su-

323 1215 464 1267 spe&ae
479 1224 589 1265 atque
603 1216 807 1250 ementitae
826 1214 1018 1264 proponit.
1074 1213 1247 1249 Primum
1261 1210 1321 1257 est,
1350 1222 1487 1249 vocum
1504 1211 1648 1249 novitas
1665 1214 1700 1249 ὃ(
1714 1211 1934 1252 insolentia3

323 1272 498 1315 alterum,
520 1270 623 1317 rigor
638 1268 875 1318 dogmatum,
895 1268 960 1316 qui
977 1265 1176 1304 necessario
1191 1264 1484 1317 oppositionem,
1506 1268 1542 1303 &
1557 1267 1645 1303 dein
1661 1267 1934 1311 altercationes,

323 1322 628 1375 quaestionesque
648 1323 804 1360 inducit.
864 1323 982 1360 Certe
1005 1321 1330 1370 quemadmodum
1345 1321 1541 1370 complura
1566 1333 1725 1373 corpora
1740 1322 1935 1367 naturalia,

324 1380 417 1416 dum
432 1379 556 1416 valent
572 1379 729 1427 integra,
749 1387 1045 1428 corrumpuntur
1062 1376 1198 1428 saepius
1214 1378 1251 1413 ὃ(
1265 1376 1404 1413 abeunt
1420 1377 1460 1413 in
1475 1388 1631 1422 vermes,
1660 1376 1798 1414 eodem
1814 1376 1954 1414 modo

327 1434 411 1471 sana
434 1435 471 1470 &
494 1432 611 1470 solida
635 1445 762 1471 rerum
785 1432 957 1481 cognitio
980 1431 1251 1484 saepenumero
1269 1430 1444 1482 putrescit
1474 1433 1510 1469 &
1531 1430 1685 1469 solvitur
1706 1433 1746 1468 in
1773 1431 1938 1479 subtiles,

326 1500 449 1535 vanas,
479 1487 682 1525 insalubres
706 1490 743 1525 ὅ(
766 1486 804 1535 (fi
824 1489 874 1524 ita
898 1488 1004 1536 loqui
1026 1488 1126 1533 licet)
1148 1486 1406 1524 vermiculatas
1430 1486 1683 1535 quaestiones3
1712 1498 1808 1535 quae
1825 1492 1939 1526 mom

329 1542 496 1592 quodam
513 1544 550 1579 ὅ(
568 1543 763 1580 vivacitate
783 1543 970 1579 nonnulla
984 1542 1168 1592 praeditae
1182 1540 1368 1587 videntur,
1398 1540 1459 1578 sed
1474 1541 1624 1590 putidae
1642 1540 1725 1579 sunt
1746 1543 1782 1580 ὅ(
1797 1541 1940 1579 nullius

327 1598 423 1636 usus.
478 1598 563 1635 Hoc
582 1609 699 1647 genus
722 1595 912 1635 dostrinae
934 1599 1059 1635 minus
1083 1596 1190 1634 sanae
1206 1595 1244 1633 δε
1266 1595 1301 1633 se
1326 1595 1442 1648 ipsam
1465 1597 1742 1647 corrumpentis
1765 1596 1938 1644 invaluit,

329 1653 525 1704 praecipue
545 1652 641 1702 apud
663 1654 806 1691 multos
834 1664 877 1690 ex
906 1650 1139 1699 scholasticis,
1176 1653 1240 1701 qui
1263 1650 1413 1688 summo
1438 1653 1522 1689 otio
1547 1651 1790 1698 abundantes,
1827 1660 1941 1700 atque

329 1708 486 1758 ingenio
505 1719 615 1754 acres,
643 1708 807 1747 lectione
829 1717 953 1745 autem
968 1706 1128 1760 impares
1153 1707 1303 1757 (quippe
1319 1718 1486 1754 quorum
1508 1716 1656 1744 mentes
1674 1705 1871 1744 conclusae
1888 1706 1939 1744 eit

332 1763 413 1801 sent
434 1764 473 1799 in
488 1773 695 1812 paucorum
717 1763 934 1809 authorum,
962 1764 1157 1814 praecipue
1173 1762 1383 1798 Aristotelis
1398 1762 1589 1799 dictatoris
1604 1761 1657 1800 sui
1673 1761 1828 1813 scriptis,
1855 1773 1938 1801 non

331 1820 458 1856 minus
474 1829 587 1866 quam
609 1830 768 1871 corpora
783 1817 950 1870 ipsorum
973 1819 1014 1855 in
1029 1817 1308 1855 coenobiorum
1331 1817 1448 1865 cellis)
1465 1816 1655 1854 historiam
1678 1828 1770 1854 vero
1785 1819 1821 1854 ὅ(
1837 1822 1942 1855 natu-

334 1885 396 1911 rae
416 1875 454 1910 ὅ(
468 1874 652 1924 temporis
674 1875 836 1910 maxima
851 1884 893 1910 ex
917 1882 1021 1922 parte
1037 1874 1274 1923 ignorantes3
1304 1884 1346 1908 ex
1370 1883 1451 1909 non
1468 1883 1610 1922 magno
1629 1873 1807 1909 materiae
1819 1871 1942 1909 stami‘·

334 1940 396 1974 nc,
417 1927 653 1989 seqmaxima
669 1927 827 1978 spiritus,
847 1925 945 1976 quasi
961 1928 1066 1974 radii,
1094 1928 1312 1977 agitatione,
1333 1923 1606 1976 operofissimas
1620 1927 1700 1964 illas
1714 1927 1818 1973 telas,
1845 1930 1943 1977 quae

335 1985 376 2021 in
401 1983 505 2019 libris
519 1994 651 2020 eorum
676 1994 815 2030 extant,
845 1982 1102 2020 confecerunt.
1160 1983 1325 2028 Etenim,
1354 1994 1462 2019 mens
1481 1982 1645 2020 humana
1659 1979 1684 2019 fi
1706 1991 1788 2032 agat
1803 1982 1846 2020 in
1867 1992 1944 2020 ma*-

333 2035 478 2085 teriam,
506 2047 679 2075 naturam
695 2050 819 2076 rerum
834 2039 871 2076 &
885 2050 999 2089 opera
1014 2037 1085 2076 Dei
1101 2037 1411 2089 contemplando,
1440 2049 1510 2090 pro
1524 2037 1646 2075 modo
1663 2037 1841 2075 materiae
1856 2048 1945 2088 ope-

335 2102 451 2139 ratur,
486 2101 598 2141 atque
618 2093 664 2130 ab
683 2093 814 2131 eadem
835 2093 1133 2134 determinatum
1171 2090 1223 2130 sin
1247 2091 1322 2144 ipsa
1342 2093 1381 2130 in
1405 2091 1441 2130 se
1463 2102 1628 2130 vertatur
1650 2092 1842 2142 (tanquam
1867 2103 1945 2131 ara-

333 2159 405 2185 nea
425 2157 553 2184 texens
573 2148 701 2196 telam)
723 2158 807 2186 tum
830 2148 984 2186 demum
1001 2149 1243 2186 interminata
1264 2147 1326 2193 est,
1356 2149 1393 2185 ὅ(
1415 2148 1511 2197 parit
1532 2157 1635 2185 certe
1653 2147 1744 2184 telas
1765 2145 1944 2196 quasdam

335 2202 541 2249 doetrinae,
577 2205 761 2241 tenuitate
784 2203 837 2241 fili
863 2202 1060 2254 operisque
1083 2203 1333 2249 admirabiles,
1369 2202 1432 2241 sed
1454 2203 1581 2252 quoad
1603 2201 1712 2241 usum
1733 2202 1886 2241 frivolas
1906 2204 1947 2241 δε

338 2269 479 2295 inanes.

392 2314 524 2350 HAEC
544 2310 685 2350 inutilis
708 2312 887 2350 subtilitas
911 2311 982 2351 five
997 2310 1183 2350 curiofiras
1206 2313 1340 2362 duplex
1363 2311 1434 2350 est:
1469 2314 1506 2350 δ(
1526 2311 1705 2363 spectatur
1727 2322 1790 2350 aut
1809 2313 1852 2351 in
1870 2323 1945 2350 ma-

342 2369 435 2404 teria
455 2367 550 2416 ipsas
583 2369 701 2416 qualis
723 2367 771 2405 est
786 2369 906 2406 inanis
923 2368 1137 2418 speculatio,
1167 2365 1237 2405 five
1257 2365 1529 2408 controversia3
1557 2368 1662 2412 cujus
1676 2369 1824 2417 generis
1845 2379 1948 2420 repe-

344 2424 503 2468 riuntur,
520 2424 556 2459 &
568 2423 608 2459 in
620 2422 812 2473 theologia
826 2426 862 2460 ὅ(
875 2425 912 2460 in
926 2423 1162 2473 philosophia
1173 2423 1271 2461 haud
1286 2435 1437 2472 paucae:
1454 2433 1516 2460 aut
1528 2424 1566 2460 in
1580 2423 1702 2460 modo
1712 2423 1749 2460 &
1762 2422 1949 2461 methodo

342 2476 544 2517 tranandn
580 2477 669 2516 haec
688 2479 785 2528 apud
810 2478 1042 2517 scholasticos
1063 2479 1142 2516 fere
1166 2479 1248 2515 talis
1269 2488 1357 2516 erat.
1416 2479 1532 2527 Super
1555 2488 1778 2525 unaquaque
1800 2489 1840 2515 rc
1862 2489 1947 2529 pro-

343 2529 458 2582 posita
482 2531 696 2571 formabant
711 2534 964 2580 objectionem
992 2533 1129 2570 deinde
1151 2532 1410 2577 objectionum
1425 2534 1575 2570 illarum
1598 2531 1826 2574 solutiones
1853 2544 1949 2583 quae

348 2585 554 2622 solutiones
574 2597 613 2624 ut
632 2587 838 2639 plurimum
857 2588 1110 2626 distinctiones
1129 2598 1278 2625 tantum
1299 2597 1427 2625 etant:
1456 2599 1543 2624 cum
1564 2597 1693 2625 tamen
1713 2585 1949 2628 scientiarum

346 2642 524 2678 omnium
549 2641 675 2689 robur,
704 2643 812 2681 instar
834 2643 938 2682 fascis
952 2644 1052 2681 illius
1074 2642 1182 2688 senis,
1209 2654 1291 2680 non
1310 2643 1351 2679 in
1370 2640 1521 2691 singulis
1541 2642 1694 2688 bacillis,
1724 2640 1786 2680 sed
1805 2644 1847 2680 in
1867 2653 1949 2681 om-

347 2695 458 2732 nibus
489 2696 641 2733 vinculo
668 2699 879 2744 conjunffis
908 2695 1086 2736 consistat.
1141 2698 1295 2735 Etenim
1324 2696 1540 2746 symmetria
1571 2696 1757 2743 scientiae,
1796 2695 1948 2749 singulis

349 2749 487 2787 scilicet
505 2750 669 2799 partibus
694 2752 726 2789 se
747 2755 909 2792 invicem
934 2750 1204 2799 sustinentibus,
1240 2751 1301 2794 est,
1338 2755 1375 2790 ὃ(
1403 2752 1472 2790 esse
1491 2752 1615 2799 debet,
1652 2764 1738 2791 vera
1758 2761 1870 2802 atque
1890 2765 1950 2790 ex-

347 2805 473 2857 pedita
489 2806 586 2842 ratio
599 2806 793 2845 refellendi
809 2809 1040 2855 objefflones
1054 2809 1251 2845 minorum
1270 2808 1463 2857 gentium:
1495 2808 1653 2855 Contra,
1683 2804 1708 2843 fi
1724 2803 1863 2857 fingula
1877 2810 1948 2846 axi-

348 2869 487 2905 omata,
526 2869 704 2908 tanquam
728 2863 877 2901 baculos
899 2862 1002 2901 fascis
1025 2860 1172 2901 seorsim
1192 2863 1366 2908 extrahas,
1394 2861 1501 2900 facile
1520 2864 1592 2900 erit
1615 2874 1656 2899 ea
1680 2860 1882 2910 infirmare,
1912 2865 1951 2901 δι’

353 2927 423 2967 pro
444 2914 567 2961 libito,
596 2925 657 2952 aut
679 2915 824 2955 flectere
849 2929 912 2956 aut
935 2918 1127 2968 frangere:
1157 2927 1197 2958 ut
1217 2916 1321 2967 quod
1341 2917 1388 2955 de
1411 2919 1552 2955 Seneca
1571 2917 1713 2955 dictum
1737 2926 1828 2965 erat,
1858 2917 1950 2957 Vbr·
1985 2927 1987 2931 ·

353 2967 482 3007 borum
505 2969 684 3006 minutiis
705 2982 828 3009 rerum
845 2970 1008 3025 frangit
1026 2969 1223 3025 ponderas
1260 2983 1344 3010 vere
1371 2972 1418 3009 de
1442 2971 1658 3010 scholasticis
1678 2970 1844 3024 usurpari
1870 2972 1952 3023 pos-

355 3023 410 3071 sit,
448 3020 703 3076 quaestionum
727 3026 904 3064 minutiis
922 3027 1181 3079 stientiarum
1199 3024 1399 3080 frangunt
1426 3026 1548 3066 robur.
1604 3028 1646 3065 N
1649 3038 1798 3065 umnon
1822 3027 1863 3065 in
1888 3031 1951 3066 au'-

355 3080 390 3117 la
410 3078 565 3132 spatiosa
584 3078 787 3119 consultius
810 3081 920 3129 foret,
949 3094 1069 3122 unum
1089 3082 1292 3129 accendere
1313 3094 1476 3130 cereum,
1513 3091 1575 3121 aut
1598 3081 1856 3133 lychnuchum
1880 3081 1952 3120 sus·
1983 3101 1987 3104 ·

1779 3137 1952 3187 pendere,
