2040 3465
288 214 811 272 '‘R-EDARGUTIO
842 215 1527 278 PnirosoPI-HARUM.

120 316 348 367 Atque=fatis
362 319 503 357 constat
516 318 580 356 sub
591 320 763 370 tempora
773 323 977 359 excultiora
992 322 1137 373 imperii
1151 325 1330 371 Romani,
1346 326 1531 375 plurimos
1547 329 1718 377 antiqno-

118 373 454 429 rutfftGraec'orum
478 374 595 412 libros
618 375 829 413 incolumes
849 375 1024 415 mamille.
1083 380 1218 426 Neque
1240 381 1341 416 enim
1368 390 1515 418 tantum
1547 383 1718 432 potuiss‘et

116 428 653 474 Aristoteles*(licetvoluntas
674 431 707 467 ei
730 441 808 468 non
830 431 1002 480 defuerit)
1029 443 1070 470 ut
1087 445 1127 470 ea
1150 435 1303 481 deleret,
1332 432 1398 471 nisi
1417 435 1545 473 Attila·
1559 441 1593 475 ἐ(
1619 442 1719 476 ocn-

116 482 304 522 seticus'&
325 483 447 521 Gothi
472 485 509 521 ei·
531 483 578 520 in'
594 484 662 521 hae
678 497 716 522 re
736 483 924 530 adjutores
947 486 1106 526 fuiffent.
1163 490 1265 526 Tum
1292 489 1394 526 enim
1421 490 1614 540 postquam
1631 496 1718 530 doe-

116 537 214 577 trina
234 539 397 576 humana
414 539 650 588 naufragium
667 540 826 591 perpessa
840 539 938 589 esset,
966 544 1090 580 tabula
1103 544 1163 580 ista
1185 544 1439 582 Aristorelieae
1456 546 1714 598 philospphiae

117 603 296 642 tanquam
317 595 496 631 materiae
513 595 667 641 alicujus
684 596 834 633 levioris
859 599 895 633 ὃ(
922 596 1046 634 minus
1073 597 1210 636 solidae
1237 599 1374 636 servata
1397 601 1456 648 est,
1485 604 1520 639 ὅ(
1550 604 1720 640 extinCtis

114 649 272 687 aemulis
291 659 446 699 recepta.

115 726 118 729 -
167 704 244 742 AT
273 705 378 753 quod
401 703 449 740 de
474 704 658 742 consensu
681 703 854 742 homines
877 705 941 743 fibi
965 706 1125 757 fingunt,
1156 709 1194 745 id
1221 711 1256 746 δε
1280 709 1437 747 infidum
1464 713 1500 749 δε
1523 712 1719 751 infirmum

116 759 177 797 est.
235 757 302 796 An
322 771 401 806 vos,
430 758 509 806 filii,
538 762 720 811 temporis
736 770 860 809 partus
879 762 1024 799 habetis
1039 775 1256 800 numeratos
1280 767 1315 801 ἀ
1335 765 1537 816 descriptos
1554 768 1593 803 in
1614 766 1718 815 fastis,
1762 754 1765 758 ⁵

117 826 188 852 eos·
206 815 362 863 inquam
385 816 450 864 qui
479 817 683 864 perierunt,
714 816 917 863 latuerunt,
946 827 1009 854 aut
1030 818 1110 854 aliis
1133 819 1236 856 orbis
1259 820 1424 868 partibus
1443 823 1720 860 innotuerunt?

117 869 244 907 An&
259 870 417 907 abortus
435 872 500 920 qui
525 881 720 918 nunquam
747 869 785 907 in
805 871 928 908 lucem
944 872 1037 909 editi
1054 871 1139 909 sunt
1157 876 1166 907 ?
1204 875 1330 922 Itaque
1358 873 1524 912 desinant
1545 877 1720 914 homines

118 924 298 974 angustias
315 924 392 962 suas
408 925 556 962 mundo
576 927 611 963 &
630 924 778 962 saeculis
793 927 994 964 attribuere
1010 929 1046 964 ὅς
1062 928 1270 976 imponere.
1327 930 1429 980 Qud
1446 929 1470 967 fi
1485 931 1530 967 de
1544 930 1723 981 suffragiis

120 978 199 1032 ipsis
219 980 325 1016 litem
348 992 578 1027 moveamus,
609 982 645 1017 ὅ(
660 992 840 1030 negemus
852 993 983 1019 verum
1005 983 1041 1019 ὅ(
1061 983 1276 1030 legitimum
1293 983 1516 1021 consensum
1532 985 1612 1032 ess‘e,
1632 999 1719 1024 cum

118 1033 293 1072 homines
308 1034 631 1082 addifficredunt,
659 1047 740 1072 non
760 1031 915 1087 persuasi
938 1037 1131 1082 judicant?
1166 1035 1421 1086 Transierunt,
1449 1038 1527 1085 filii,
1556 1041 1600 1077 ab
1617 1039 1721 1090 igno·

114 1085 238 1127 tantia
263 1091 304 1126 in
327 1090 626 1139 praejudicium:
656 1089 746 1127 hacc
768 1090 923 1128 demum
948 1091 997 1128 est
1019 1093 1081 1128 illa
1096 1093 1218 1128 coitio
1233 1095 1358 1142 potius
1376 1106 1488 1144 quam
1509 1094 1718 1134 consensus.

118 1143 324 1191 Postremo,
354 1143 377 1181 fi
402 1145 449 1182 de
478 1144 545 1182 isto
572 1144 754 1183 consensu
775 1158 856 1182 non
870 1143 1110 1193 diffiteamur,
1141 1146 1200 1183 scd
1217 1160 1304 1184 eum
1319 1147 1436 1198 ipsum
1461 1159 1500 1186 ut
1517 1148 1722 1199 snspee‘ium

120 1199 342 1246 rejiciamus,
358 1212 409 1237 -an
427 1212 497 1237 nos
513 1202 610 1237 inter
627 1202 805 1238 morbum
824 1199 931 1238 istum
948 1203 1164 1239 animorum
1181 1202 1400 1251 grassantem
1419 1206 1455 1241 ὃ(
1469 1205 1721 1252 epidetnicum

118 1253 282 1292 sain-itatis
298 1254 509 1306 poenitebit
525 1257 535 1291 ἒ
563 1251 768 1292 Pcffimum
784 1266 896 1302 certe,
925 1256 1004 1302 filii,
1032 1255 1209 1294 omnium
1226 1260 1422 1306 augurium
1438 1259 1486 1295 est
1506 1259 1551 1295 de
1567 1259 1722 1297 consen-

119 1309 163 1348 su
183 1311 224 1347 in
248 1311 356 1347 rebus
382 1309 704 1356 ititelleeiualibus‚
734 1310 892 1362 exceptis
913 1310 1059 1358 divinis,
1089 1323 1176 1348 cum
1196 1311 1326 1349 veritas
1341 1312 1533 1350 descendit
1549 1311 1720 1352 coelitus.

120 1363 230 1404 Nihil
250 1366 355 1401 enirn
376 1364 505 1402 multis
527 1366 660 1416 placet,
688 1364 755 1402 nisi
777 1376 839 1403 aut
864 1366 1174 1416 imaginationem
1200 1367 1320 1414 feriat,
1350 1378 1390 1404 ut
1416 1367 1630 1418 superstitiO,
1659 1380 1723 1407 aut

117 1418 300 1458 notiones
312 1421 491 1469 vulgares,
522 1430 563 1457 ut
579 1420 751 1458 doctrina
769 1420 1011 1472 sophistarum
1032 1436 1038 1457 :
1068 1431 1291 1469 tantumque
1308 1421 1506 1459 consensus
1529 1422 1588 1460 iste
1605 1437 1623 1460 a
1638 1436 1724 1462 vera

115 1477 160 1513 ⁷&
178 1474 295 1512 solida
315 1474 540 1513 authoritate
563 1475 669 1521 abest,
701 1486 741 1513 ut
771 1478 883 1512 etiam
908 1475 1113 1513 violentam
1142 1475 1484 1527 praesumptionem
1506 1479 1656 1516 inducat
1683 1481 1723 1516 in

120 1531 369 1568 contrarium.
426 1528 584 1581 Optime
611 1530 714 1568 enim
744 1531 906 1568 Graecus
936 1531 1010 1579 ille,
1041 1528 1160 1584 Qud
1175 1530 1380 1583 peccavi?
1416 1545 1503 1570 cum
1532 1537 1722 1585 complau-

119 1586 268 1623 derent.
767 1603 769 1605 ·

118 1642 319 1693 -w-QUOD
344 1638 369 1677 si
395 1642 424 1677 is
445 1640 530 1677 effet
551 1641 606 1677 vir
625 1641 689 1691 qui
706 1650 855 1689 putatur
871 1641 939 1678 ess'e
956 1640 1185 1687 Aristoteles,
1216 1652 1342 1678 tamen
1358 1642 1466 1678 nullo
1483 1642 1602 1679 modo
1617 1644 1722 1680 vobis

118 1696 260 1733 author
274 1693 353 1742 firn,
370 1706 410 1733 ut
423 1696 534 1732 unius
549 1694 714 1732 hominis
729 1697 890 1744 cogitata
909 1698 944 1732 &e
960 1697 1093 1745 placita
1109 1695 1215 1732 instar
1231 1697 1372 1732 oraculi
1389 1695 1580 1747 recipiat-is.
1618 1699 1724 1748 Qxae

120 1753 240 1797 enim,
268 1750 349 1797 filii,
379 1749 428 1787 est
451 1749 510 1786 ista
533 1751 745 1787 voluntaria
775 1750 950 1787 servitus?
984 1761 1141 1787 tantone
1166 1750 1398 1787 auditoribus
1427 1751 1604 1787 monachi
1629 1752 1726 1789 illius

121 1805 266 1842 ethnici
288 1804 494 1842 deteriores
516 1803 616 1841 estis?
647 1815 687 1840 ut
713 1806 766 1840 illi
797 1805 914 1848 suum,
945 1804 1023 1856 [Μ’
1046 1803 1165 1850 dixit,
1194 1805 1274 1855 post
1299 1804 1536 1853 septennium
1563 1806 1725 1855 depone-

124 1869 223 1907 rent,
251 1871 318 1898 vos
334 1859 426 1896 illud
442 1858 520 1911 post
536 1871 656 1896 annos
677 1857 728 1895 bis
746 1858 849 1895 mille
865 1858 1079 1896 retineatis?
1122 1859 1251 1907 Atque
1272 1871 1341 1895 nec
1361 1858 1468 1895 istum
1492 1858 1608 1908 ipsum
1625 1873 1724 1912 prae-

123 1915 268 1953 clarum
284 1915 483 1952 authorem
500 1913 721 1960 habuissetis,
738 1912 760 1950 fi
776 1913 1004 1962 antiquitatis
1019 1913 1174 1950 studium
1187 1913 1347 1950 valuisset
1363 1927 1373 1953 3
1402 1915 1439 1950 ὅ(
1453 1924 1579 1950 tamen
1595 1915 1726 1952 cadem

125 1969 289 2008 ins-illum
309 1970 392 2019 lege
408 1971 444 2007 &
468 1969 693 2006 conditione
714 1970 766 2005 uti
789 1968 979 2005 veremini.
1035 1970 1139 2020 Qin
1165 1966 1190 2005 fi
1219 1980 1281 2004 me
1307 1966 1473 2014 audietis,
1504 1968 1726 2008 dietaturam

120 2024 229 2063 astam
250 2036 331 2061 non
347 2024 468 2061 modo
483 2024 570 2060 huic
585 2022 745 2070 homini,
776 2022 835 2060 sed
853 2026 888 2060 ὅ(
904 2025 1018 2061 cuivis
1035 2024 1254 2060 mortalium
1270 2024 1334 2071 qui
1352 2022 1446 2070 sunt,
1477 2025 1541 2071 qui
1562 2035 1671 2062 crunt
1686 2027 1727 2063 in

121 2089 349 2130 perpetuum
366 2080 550 2129 negabitis
561 2095 574 2121 ‚-
603 2089 713 2128 atque
728 2079 905 2115 homines
930 2077 967 2115 in
992 2079 1089 2114 reete
1115 2076 1274 2115 inventis
1290 2077 1518 2126 sequemini3
1549 2089 1589 2116 ut
1604 2079 1727 2117 viden-

125 2145 184 2173 tes
198 2137 335 2180 lucem,
365 2146 445 2171 non
473 2135 513 2170 in
541 2132 718 2170 omnibus
740 2133 965 2182 promiscue,
995 2144 1035 2171 ut
1062 2134 1161 2170 caeci
1190 2133 1338 2169 ducem.
1395 2135 1531 2180 Neque
1547 2143 1645 2170 certe
1660 2147 1728 2172 vos

127 2191 493 2240 surium-poeniteat,
522 2186 548 2225 fi
570 2187 838 2237 experiamini:
877 2200 998 2239 neque
1022 2189 1126 2224 enim
1154 2187 1358 2225 Aristotele
1387 2189 1427 2224 in
1453 2185 1614 2237 fingulis,
1643 2187 1728 2226 licet

122 2245 226 2283 forte
255 2248 296 2283 in
317 2244 492 2281 omnibus
518 2242 714 2280 inferiores
737 2242 824 2280 estis.
882 2242 1010 2291 Atque
1039 2242 1144 2290 quod
1172 2252 1280 2293 eaput
1306 2244 1359 2279 rei
1387 2241 1446 2288 est,
1476 2254 1550 2279 una
1564 2253 1664 2280 certe
1689 2256 1729 2281 re

125 2298 238 2338 illum
255 2302 371 2349 longe
391 2299 578 2349 superatiS,
615 2299 793 2349 exemplis
822 2296 1007 2344 videlieet,
1037 2299 1073 2334 ὅ(
1097 2298 1364 2346 experimentis
1393 2299 1429 2333 ὃς
1459 2295 1616 2334 monitis
1635 2308 1729 2335 tem-

124 2357 245 2407 ·por-iS.
301 2356 405 2393 Nam
430 2364 469 2391 ut
499 2354 563 2390 ille
595 2353 711 2401 (quod
737 2354 899 2401 narrant)
927 2353 1064 2389 librum
1088 2351 1306 2397 confecerit,
1336 2353 1373 2388 in
1391 2362 1469 2399 quo
1483 2349 1730 2390 ducentarum

126 2412 402 2462 quinquaginta
430 2410 598 2458 quinque
624 2409 820 2444 civitatum
848 2408 947 2457 leges
976 2409 1012 2445 ὅ(
1042 2405 1204 2444 instituta
1233 2407 1455 2456 collegerim
1491 2416 1618 2443 tamen
1648 2419 1731 2446 non

127 2466 266 2504 dubito
289 2466 382 2514 quin
409 2466 518 2501 unius
539 2461 758 2512 reipublicae
780 2465 975 2500 Romanae
1003 2473 1126 2498 mores
1155 2463 1190 2498 ὅ(
1219 2462 1385 2510 exempla
1406 2463 1486 2510 plus
1506 2462 1550 2498 ad
1570 2462 1729 2512 pruden-

127 2519 218 2558 tiam
235 2523 272 2558 ὅ(
295 2519 496 2556 militarem
521 2520 558 2556 &
586 2518 735 2554 civilem
756 2519 1001 2562 contulerint,
1029 2528 1140 2567 quam
1164 2517 1294 2552 onmia
1316 2515 1390 2553 illa.
1446 2514 1585 2553 Similia
1609 2519 1724 2554 etiam

130 2573 396 2614 &innaturali
420 2571 654 2624 philosophia
669 2583 886 2609 evenerunt.
943 2573 1045 2609 Itane
1070 2583 1160 2608 vero
1185 2571 1338 2607 animati
1361 2569 1452 2616 estis,
1481 2581 1522 2607 ut
1549 2582 1628 2608 non
1652 2581 1730 2608 tan-

132 2641 213 2668 tum
237 2631 346 2668 dotes
365 2628 491 2666 vestras
511 2625 686 2678 proprias,
716 2626 775 2663 sed
797 2626 908 2663 etiam
932 2628 1113 2678 temporis
1130 2627 1229 2662 dona
1245 2624 1468 2676 projiciatis?
1506 2627 1632 2674 Itaque
1652 2628 1731 2663 vin-

132 2686 254 2723 dicate
268 2696 334 2723 vos
348 2685 518 2730 taudem,
546 2685 579 2719 ὃ(
598 2694 663 2720 vos
679 2683 788 2719 rebus
804 2682 939 2728 addite,
957 2693 1076 2732 neque
1093 2676 1250 2716 aeecllio
1265 2682 1375 2717 unius
1392 2680 1561 2717 hominis
1576 2679 1701 2718 estote.

132 2760 136 2764 v
155 2765 158 2768 ι
175 2742 220 2778 D
236 2751 257 2777 Ε
274 2741 430 2776 Platone
452 2750 542 2775 vero
552 2749 592 2774 ea
608 2736 730 2773 nostra
746 2736 928 2774 sententia
939 2735 986 2772 est
1003 2750 1012 2775 3
1043 2736 1162 2780 illum,
1195 2734 1279 2771 licet
1296 2736 1340 2771 ad
1363 2735 1632 2784 rempublicam
1651 2748 1728 2772 non

131 2792 340 2840 accessisset,
372 2793 432 2831 sed
444 2806 463 2829 a
477 2793 582 2829 rebus
594 2790 759 2828 civilibus
772 2792 814 2828 ad
822 2789 1065 2827 ministrandis
1080 2790 1368 2838 quodammodo
1382 2789 1565 2839 refugiss'ct
1578 2801 1730 2839 propter

132 2861 348 2902 temporum
364 2847 674 2898 perturbationes,
704 2856 830 2883 tamen
849 2857 976 2883 natum⁴
994 2847 1028 2882 δ(
1044 2844 1288 2881 inclinatione
1300 2846 1464 2881 omnino
1479 2845 1523 2881 ad
1537 2857 1590 2881 res
1603 2845 1727 2881 civiles

130 2904 371 2954 propensum,
401 2906 494 2941 vires
510 2914 557 2939 eo
581 2903 774 2952 praecipue
796 2900 1013 2938 intendisse=
1044 2911 1165 2947 neque
1185 2900 1230 2935 de
1247 2899 1481 2950 philosophia
1498 2900 1654 2936 naturali
1671 2901 1729 2936 ad-

133 2960 292 2997 modum
311 2957 514 2995 sollicitum
527 2956 630 2994 fuiss'e
647 2970 657 2997 5
686 2953 750 2992 nisi
766 2966 948 3003 quatenus
964 2956 1006 2991 ad
1025 2954 1238 3006 philosophi
1260 2966 1404 2991 nomen
1421 2957 1455 2991 ἕ(
1477 2955 1730 2991 celebritatem

132 3015 326 3059 tuendam,
355 3016 391 3051 &
406 3013 451 3050 acl
468 3011 691 3058 majestatem
713 3010 900 3058 quandam
931 3010 1135 3046 moralibus
1157 3011 1191 3045 ὅ(
1214 3008 1382 3046 civilibus
1403 3009 1580 3045 dominis
1597 3008 1731 3044 adden-

133 3070 220 3106 dam
241 3071 278 3106 δ(
303 3068 566 3120 aspergendam
590 3062 782 3103 sufficeret.
840 3066 892 3102 Ex
917 3076 994 3111 quo
1017 3065 1069 3104 fir,
1100 3074 1136 3102 ut
1160 3075 1250 3111 quae
1278 3065 1323 3101 de
1345 3075 1474 3100 natura
1498 3060 1643 3112 scripsit,
1676 3065 1731 3100 nil

156 3115 162 3118 ⁸
188 3124 297 3163 VOL.
318 3125 344 3161 Ι.
736 3153 740 3157 ,
898 3117 918 3140 ³³⁹·
941 3120 963 3155 F
981 3118 1000 3155 f
1206 3138 1209 3141 ·
1298 3149 1301 3151 .
1467 3140 1470 3144 -
1575 3117 1730 3162 firmitu-

1798 251 1890 300 113
