2040 3439
101 211 198 257 ma

678 187 967 237 NOVUM
1042 189 1469 235 ORGANUM.
1733 189 1895 239 LQL

278 285 383 334 quod
400 285 475 323 sere
499 284 540 321 fit
565 295 652 321 cum
679 282 900 319 facultatum
926 279 1134 331 dispendio
1191 280 1246 317 At
1270 280 1368 332 apud
1390 278 1588 331 plerosque
1614 289 1764 319 tantum
1787 281 1894 325 abest,

279 353 321 377 ur
351 341 526 377 homines
542 340 579 375 id
606 336 668 374 sibi
692 346 923 386 proponant,
952 346 994 372 ut
1017 334 1254 372 scientiarum
1279 338 1316 372 ὅ(
1344 336 1483 371 artium
1512 335 1623 372 mass'a
1645 346 1894 385 augmentum

279 397 470 435 obtineat;
500 404 542 430 ut
558 406 600 430 ex
627 405 667 429 ea
683 403 777 450 quae
801 391 943 440 praesto
969 390 1016 427 est
1032 390 1153 436 mass'a,
1182 389 1237 428 nil
1262 391 1420 441 amplius
1444 389 1592 426 sumant
1617 401 1681 428 aut
1699 403 1892 442 quaerant,

279 463 393 499 quam
409 459 596 496 quantum
611 447 656 483 ad
686 446 792 483 usum
817 445 1095 495 profess'orium,
1124 456 1186 483 aut
1208 447 1369 492 lucrum,
1399 456 1462 482 aut
1477 444 1801 488 existimationem,
1829 458 1892 487 aut

280 504 498 549 hujusmodi
522 500 747 556 qompendia
770 511 993 538 convertere
1008 496 1162 550 possInt.
1219 501 1337 553 Quod
1365 498 1391 537 fi
1418 501 1500 552 quis
1529 512 1572 536 ex
1597 510 1698 538 tanta
1723 502 1892 541 multitu-

277 559 363 595 dine
382 557 572 595 scientiam
597 556 732 593 affeetu
761 557 931 605 ingenuo
955 558 990 592 &
1019 566 1175 607 propter
1191 555 1226 592 se
1249 566 1411 604 expetat3
1442 554 1651 592 invenietur
1673 567 1802 596 tamen
1827 557 1894 597 ille.

277 613 362 663 ipse,
391 611 516 664 potius
541 612 915 663 contemplationum
941 612 976 646 ὃ(
993 610 1248 647 dont-inarum
1264 613 1493 656 varietatem,
1522 622 1635 660 quam
1656 611 1818 650 veritatis
1839 614 1893 651 se-

278 681 402 705 veram
421 671 455 705 ὃς
473 667 631 717 rigidam
648 664 931 715 inquisitionem
954 664 1068 713 sequi.
1128 665 1282 711 Rursus,
1312 664 1336 702 si
1353 667 1444 702 alius
1468 664 1650 714 quispiam
1667 666 1818 705 fortasse
1833 681 1892 707 vie-

279 723 396 760 titatis
412 721 610 772 inquisitor
626 720 667 759 sit
683 722 862 761 sevcrior3
891 731 1019 757 tamen
1050 722 1085 756 ἃ
1107 721 1168 757 ille
1186 721 1259 770 ipse
1286 722 1401 758 talem
1427 718 1491 757 fibi
1516 732 1705 772 proponet
1728 724 1892 762 veritatis

277 779 555 822 conditionem,
586 789 680 827 quae
701 777 821 814 menti
839 778 874 812 ὅ(
891 776 1097 812 ἰηῐςΗςιῖυἰ
1119 775 1308 813 satisfaciat
1323 775 1361 812 iu
1378 776 1592 813 redditione
1608 777 1812 825 causarum,
1835 791 1895 817 rc-

276 846 363 871 rum
380 846 473 885 quae
489 833 711 884 jampridem
737 832 820 869 sunt
846 833 1039 880 cognitaez
1070 844 1150 868 non
1176 844 1258 868 cam
1283 843 1377 880 quae
1403 843 1501 868 nova
1531 843 1692 879 operum
1717 831 1889 884 pignora,

277 892 313 926 ἃ
344 901 482 927 novam
504 890 735 925 axiomatum
762 889 885 923 lucem
915 887 1130 937 assequatur.
1187 889 1325 937 ltaque,
1356 884 1379 922 fi
1402 886 1487 922 finis
1515 885 1753 926 scientiarum
1778 901 1799 927 a
1821 898 1889 927 ne-

275 946 380 981 mine
397 943 517 981 adhuc
532 944 627 980 bene
649 941 785 993 positus
800 940 854 987 sit,
883 954 964 979 non
990 943 1131 979 mirum
1148 942 1207 989 est,
1236 940 1263 978 fi
1288 943 1329 979 in
1358 943 1402 978 iis
1425 953 1518 993 quae
1539 941 1624 978 sunt
1648 942 1890 983 subordinata

275 1001 320 1037 ad
337 1000 464 1045 finem,
496 998 668 1047 sequatur
697 998 891 1035 aberratio.
1900 1007 1903 1009 ’

330 1055 515 1092 LXXXII.
545 1055 968 1105 QUEMADMODUM
996 1063 1122 1089 autem
1144 1052 1229 1089 finis
1253 1054 1289 1089 ὅς
1312 1061 1413 1089 meta
1434 1049 1675 1090 scientiarum
1702 1054 1801 1093 male
1824 1067 1890 1105 po-

272 1103 336 1148 fita
366 1109 449 1146 sunt
472 1110 570 1160 apud
589 1107 780 1149 hominess
809 1109 860 1145 ita
882 1107 1004 1146 rursus
1033 1109 1147 1144 etiam
1176 1106 1200 1144 fi
1229 1109 1293 1144 illa
1322 1107 1419 1144 re-fte
1447 1105 1563 1156 posita
1591 1107 1752 1156 fuissent,
1789 1108 1888 1149 viam

274 1177 401 1202 tamen
411 1156 483 1201 sibi
503 1164 725 1212 delegerunt
746 1164 912 1200 omnino
932 1175 1130 1200 erroneam
1152 1165 1188 1199 ὃ(
1210 1161 1442 1212 imperviam.
1501 1162 1620 1214 Quod
1634 1163 1782 1214 stupore
1795 1177 1891 1215 quo*-

275 1221 362 1257 dam
384 1221 556 1256 animum
585 1219 651 1255 rite
673 1231 754 1255 rem
778 1217 965 1270 reputanti
994 1217 1228 1268 perculsetit;
1258 1230 1339 1255 non
1359 1216 1427 1254 ulli
1452 1216 1672 1256 mortalium
1687 1232 1797 1259 curae
1824 1233 1889 1260 aut

273 1274 379 1312 cordi
394 1273 507 1320 fuisse,
536 1284 578 1311 ut
608 1273 814 1311 intellec'tui
842 1273 1024 1320 humano,
1054 1273 1099 1310 ab
1123 1272 1202 1322 ipso
1228 1273 1331 1310 sensu
1356 1275 1392 1310 &c
1414 1271 1635 1322 experientia
1655 1275 1829 1316 ordinata
1851 1279 1890 1316 ὅ(
1910 1305 1911 1309 ,

273 1331 368 1367 bene
395 1330 560 1375 condita,
590 1331 647 1366 via
676 1327 879 1378 aperiretur
900 1331 935 1366 <Sc
952 1331 1182 1370 muniretur3
1212 1327 1273 1366 sed
1297 1327 1427 1365 omnia
1442 1329 1501 1366 vel
1526 1327 1777 1369 traditionum
1807 1332 1890 1371 cali-

272 1384 364 1434 gini,
394 1386 453 1422 vel
481 1395 796 1433 argumentorum
826 1385 1002 1432 vertigini
1032 1387 1068 1421 &
1089 1382 1243 1430 turbini,
1273 1385 1332 1420 vel
1362 1382 1461 1420 casus
1491 1386 1528 1420 &
1557 1385 1807 1433 experientiae
1831 1401 1890 1427 va-

274 1453 342 1490 gae
373 1439 656 1483 &inconditae
683 1437 790 1476 undis
820 1441 854 1476 ὅ(
876 1439 1107 1489 ειπῑῑῡλςὶϋυε,
1136 1439 1306 1490 permiss'a
1334 1439 1414 1475 efl'e.
1470 1439 1604 1487 Atque
1635 1439 1776 1489 cogitet
1803 1445 1888 1492 quis

272 1495 395 1534 sobrie
417 1497 452 1531 ὃ(
482 1493 693 1544 diligenter,
723 1492 838 1543 qualis
858 1493 899 1531 fit
920 1507 960 1531 ca
985 1494 1039 1532 via
1063 1506 1176 1543 quam
1201 1495 1240 1530 in
1257 1492 1496 1545 inquisitione
1517 1496 1551 1530 ὅ(
1576 1495 1800 1535 inventione
1826 1497 1889 1536 ali-

272 1551 374 1595 cujus
403 1551 455 1586 rei
484 1549 657 1587 homines
678 1550 852 1586 adhibere
880 1549 1169 1587 consueverunt.
1225 1551 1274 1586 Et
1300 1551 1428 1601 primo
1457 1550 1606 1586 notabit
1633 1553 1888 1602 proculdubio

271 1603 487 1642 inveniendi
508 1606 668 1642 modum
691 1603 892 1654 simplicem
912 1607 947 1641 ἃ
964 1604 1256 1650 inartificiosum,
1285 1606 1349 1656 qui
1366 1604 1583 1641 hominibus
1599 1605 1760 1644 max—ime
1775 1608 1824 1646 est
1836 1609 1888 1646 fa-

271 1659 434 1697 miliaris.
491 1659 561 1698 Hic
589 1670 715 1697 autem
736 1672 817 1696 non
834 1661 925 1697 alius
947 1660 1006 1705 cst,
1036 1672 1150 1708 quam
1167 1670 1207 1696 ut
1224 1659 1251 1695 is
1267 1662 1332 1708 qui
1349 1659 1383 1696 se
1399 1661 1442 1696 ad
1461 1658 1731 1698 inveniendum
1747 1662 1889 1712 aliquid

270 1725 463 1767 comparat
481 1717 516 1752 Sc
537 1714 708 1764 accingit,
739 1713 863 1764 primo
879 1728 972 1763 quae
988 1716 1033 1752 ab
1048 1714 1126 1752 aliis
1141 1716 1236 1751 circa
1251 1713 1312 1751 illa
1327 1714 1422 1752 dicia
1437 1713 1518 1761 sint,
1549 1714 1713 1763 inquirat
1729 1720 1765 1754 δε
1786 1721 1887 1757 evol—

270 1781 349 1811 vat3
378 1769 512 1807 deinde
528 1773 720 1820 propriam
738 1771 1027 1807 meditationem
1053 1771 1174 1816 addat,
1205 1780 1317 1818 atque
1337 1782 1402 1821 per
1429 1772 1566 1806 mentis
1588 1773 1747 1808 multam
1776 1776 1889 1823 agita—

271 1827 434 1870 tionem,
454 1824 619 1874 spiritum
634 1825 737 1862 suum
749 1824 943 1874 proprium
961 1824 1130 1872 solicitet,
1161 1824 1478 1875 &quafiinvocet,
1510 1835 1550 1862 ut
1562 1823 1626 1862 fibi
1636 1828 1785 1865 oracula
1800 1841 1887 1878 pan-
1917 1858 1924 1877 2

271 1881 354 1921 dat3
383 1893 476 1929 quac
493 1893 547 1916 res
562 1882 728 1917 omnino
744 1879 818 1917 line
832 1880 1084 1917 fundamento
1099 1880 1158 1925 est,
1181 1882 1216 1916 ὃ(
1233 1881 1273 1916 in
1285 1879 1528 1930 opinionibus
1544 1891 1694 1918 tantum
1706 1884 1883 1923 volvitu1·.·
1918 1912 1922 1918 ,

324 1936 397 1972 AT
427 1937 520 1972 alius
549 1934 729 1987 quispiam
760 1935 988 1972 dialecticam
1019 1935 1063 1972 ad
1092 1935 1366 1972 inveniendum
1400 1936 1569 1982 advocet,
1599 1948 1694 1985 quae
1723 1941 1887 1979 nomine

268 2000 378 2028 tenus
394 2001 543 2027 tantum
557 1991 602 2027 ad
625 1991 661 2027 id
677 1991 780 2042 quod
809 1989 941 2039 agitur,
972 1992 1145 2040 pertinet.
1202 1991 1378 2028 Inventio
1394 1990 1495 2027 enim
1511 1991 1724 2030 dialeciicae
1739 2007 1821 2032 non
1836 1997 1887 2034 cst

269 2045 542 2095 principiorum
581 2047 616 2082 Se
647 2046 879 2083 axiomatum
912 2044 1211 2097 praecipuorum,
1241 2058 1283 2083 ex
1317 2045 1449 2094 quibus
1481 2057 1577 2083 artes
1609 2047 1791 2096 constant,
1822 2049 1886 2090 sed

268 2113 403 2137 eorum
420 2111 569 2138 tantum
585 2114 678 2150 quae
694 2100 763 2138 illis
778 2100 1028 2138 consentanca
1052 2100 1237 2138 videntur.
1294 2101 1496 2138 Dialet'iica
1512 2103 1616 2138 enim
1631 2103 1748 2153 magis
1764 2107 1886 2144 curio-

268 2155 326 2193 sos
357 2158 392 2192 ἃ
414 2155 664 2205 importunos,
694 2159 730 2194 δε
755 2154 819 2194 sibi
849 2155 1047 2206 negotium
1077 2156 1303 2203 faccssciites,
1341 2169 1499 2205 eamque
1528 2158 1810 2207 interpellantes
1837 2164 1887 2200 de

266 2211 555 2260 probationibus
572 2211 906 2249 &inventionibus
926 2210 1212 2263 principiorum,
1241 2210 1312 2248 sive
1327 2213 1559 2249 axiomatum
1583 2212 1808 2264 primorum,
1836 2218 1886 2255 ad

265 2266 392 2313 fidem,
424 2269 459 2304 δε
480 2268 597 2304 veluti
623 2267 898 2305 sacramentum
923 2266 1075 2304 cuilibet
1090 2267 1158 2304 arti
1174 2267 1445 2317 praestandum,
1475 2265 1677 2306 notissimo
1705 2271 1886 2324 responso

252 2320 393 2366 rejicit.

320 2378 523 2415 Rtsmr
553 2375 779 2427 experientia
820 2390 934 2424 mera,
965 2390 1072 2427 quae,
1101 2376 1127 2415 fi
1156 2389 1338 2426 occurrat,
1366 2378 1486 2419 casus3
1514 2376 1539 2415 fi
1569 2377 1729 2427 quaesita
1744 2379 1798 2428 fit,
1826 2396 1884 2421 ex·
1928 2400 1934 2409 =

266 2434 522 2479 perimentum
556 2432 788 2470 nominatur.
860 2436 944 2471 Hoc
974 2445 1099 2470 autem
1135 2433 1381 2484 experientiae
1415 2446 1533 2484 genus
1568 2433 1661 2471 nihil
1695 2435 1794 2474 aliud
1822 2438 1883 2486 est,

265 2499 378 2531 quam
412 2489 524 2538 (quod
551 2486 674 2537 aiunt)
708 2488 837 2540 scopae
863 2488 1056 2526 diffolutae
1087 2491 1123 2526 ἃ
1145 2501 1246 2526 mera
1270 2488 1444 2541 palpatio,
1474 2487 1572 2540 quali
1597 2489 1773 2528 homines
1794 2505 1884 2531 noe·
1931 2514 1933 2517 ·

266 2552 307 2577 tu
337 2552 494 2579 utuntur
510 2546 640 2580 omnia
664 2545 926 2593 pertentando,
957 2542 983 2580 st
1005 2544 1104 2581 forte
1121 2546 1160 2580 in
1190 2546 1326 2581 rectam
1346 2546 1443 2581 viam
1466 2542 1629 2581 incidere
1644 2545 1774 2588 detut3
1804 2548 1882 2598 qui—

266 2596 334 2631 bus
359 2598 484 2633 multo
509 2598 616 2636 satius
638 2601 672 2635 ἃ
698 2599 904 2636 consultius
923 2599 1022 2636 foret
1046 2599 1149 2636 diem
1174 2599 1398 2649 praestolari,
1426 2610 1489 2636 aut
1513 2600 1645 2637 lumen
1669 2604 1882 2652 accendere,

267 2652 303 2686 ἃ
329 2650 503 2702 deinceps
527 2655 624 2690 viam
648 2653 752 2692 inire.
810 2654 865 2691 At
893 2664 1037 2700 contra,
1068 2667 1176 2692 verus
1201 2654 1448 2704 experientiae
1472 2654 1569 2691 ordo
1595 2654 1722 2704 primo
1751 2659 1882 2697 lumen
1911 2689 1914 2696 .

265 2706 446 2752 accendit,
477 2707 610 2745 deinde
625 2722 689 2758 per
708 2711 836 2747 lumen
853 2712 922 2746 iter
946 2710 1188 2757 demonstrat,
1217 2708 1434 2758 incipiendo
1462 2710 1507 2746 ab
1536 2710 1761 2761 experientia
1782 2715 1882 2752 ordi-

262 2771 349 2796 nata
373 2763 408 2797 c&
435 2761 580 2809 digesta,
611 2768 647 2800 ἃ
676 2766 837 2802 minime
866 2765 1092 2814 praepostera
1117 2775 1179 2802 aut
1207 2767 1373 2812 erratica,
1403 2776 1515 2814 atque
1540 2776 1586 2801 cx
1615 2777 1656 2802 ca
1685 2766 1884 2807 educendo
1934 2789 1936 2795 ι

262 2817 460 2862 axiomata,
491 2827 600 2864 atque
621 2831 662 2855 ex
687 2821 934 2857 axiomatibus
963 2818 1170 2857 constitutis
1195 2820 1316 2858 rursus
1344 2823 1599 2870 experimenta
1622 2833 1731 2867 nova,
1761 2835 1882 2871 quum

264 2882 334 2907 nec
350 2871 506 2907 verbum
531 2871 699 2909 divinum
719 2876 756 2910 in
782 2887 906 2912 retum
924 2875 1074 2912 mass'am
1096 2875 1233 2924 absque
1249 2876 1384 2912 ordine
1415 2886 1612 2926 oper-atum
1628 2873 1680 2912 fit.

316 2926 398 2961 ITA
414 2937 507 2976 QUE
537 2924 674 2963 desinat
700 2929 875 2966 homines
890 2932 1029 2977 mirari,
1060 2929 1085 2967 sl
1116 2930 1273 2983 spatium
1290 2929 1529 2967 scientiarum
1559 2942 1640 2966 non
1658 2931 1875 2971 eonchtum

263 2978 315 3025 fit,
345 2992 430 3017 cum
462 2993 480 3017 a
510 2982 567 3019 via
595 2982 758 3019 omniuo
783 2984 1052 3026 aberraverint5
1082 2987 1207 3023 relicta
1229 2985 1379 3037 prorsus
1403 2987 1440 3022 ἃ
1467 2984 1609 3021 deserta
1638 2985 1878 3036 experientia,

261 3037 381 3073 autin
404 3035 479 3085 ipsa
509 3036 706 3086 (tanquam
722 3036 758 3073 in
785 3038 1017 3089 labyrintho)
1049 3039 1085 3077 se
1108 3041 1326 3077 intricando
1347 3042 1384 3078 ὃς
1406 3039 1759 3082 circumcurihndos
1791 3056 1880 3081 cum

1809 3109 1877 3135 rite
