2040 3439
53 195 171 264 Ua'p'.
199 196 256 245 II·-
349 198 444 245 DE
480 197 922 247 AUGMENTIS
958 192 1488 248 SCIENTIARUM.

62 297 118 343 fit,
142 308 186 336 ut
201 295 379 349 principis
395 295 458 342 ira,
491 308 585 344 quae
609 296 758 334 fortasse
785 294 810 333 fi
830 309 911 335 non
931 299 1176 348 evulgaretur,
1199 296 1328 348 sponte
1343 298 1571 345 concideret,
1588 310 1662 338 ma-

63 355 124 404 gis
142 353 288 403 figatur,
305 355 341 390 &
357 353 470 389 veluti
487 349 674 403 principio
688 352 763 397 jam
778 352 877 389 fac‘to
900 352 1063 390 hominis
1087 352 1320 400 deturbandi‚
1341 354 1381 390 in
1405 355 1667 404 praecipitium

65 408 167 447 illius
183 409 335 446 feratur.
394 406 589 444 Postremo
616 406 764 444 secess'us
790 405 862 453 iste,
892 408 1032 456 aliquid
1057 407 1145 458 sapit
1172 420 1215 445 ex
1243 409 1432 445 malevolo
1458 411 1495 446 &
1516 419 1664 460 tempo-

65 464 167 502 ribus
191 461 366 502 infens03
395 460 432 498 id
454 462 559 510 quod
574 462 718 498 malurn
738 460 1019 511 indignationis,
1047 465 1150 500 malo
1167 461 1379 512 suspicionis
1393 464 1572 501 cumulat.
1602 464 1667 502 Ad

67 516 301 556 curationem
328 527 455 554 autem
478 514 666 566 pertinent
690 515 761 553 ista.
819 518 963 565 Primo,
978 528 1101 556 caveat
1125 528 1212 555 ante
1227 519 1370 564 onmia,
1398 530 1447 555 ne
1461 516 1668 568 stupiditate

60 573 238 623 quadam,
266 582 331 610 aut
346 574 461 609 etiam
490 573 607 608 animi
637 573 813 618 elatione,
830 572 1133 622 indignationem
1148 571 1323 624 principis
1338 571 1497 610 minime
1518 573 1667 622 sentire,

56 638 128 666 aut
155 628 256 674 inde,
283 637 397 679 prout
416 627 548 677 debeat
577 623 673 663 affici
702 627 889 665 videatur:
919 629 1005 665 Hoc
1020 628 1068 665 est
1084 637 1124 665 ut
1145 629 1356 674 &vultum,
1386 640 1468 666 non
1490 629 1535 666 ad
1564 628 1668 666 tristi-

63 682 156 721 tiam
178 692 456 727 contumacem,
487 681 547 718 scd
571 682 616 719 ad
640 680 864 718 moestitiam
887 694 1039 731 gravem
1071 693 1183 731 atque
1211 682 1418 720 modestam
1439 694 1670 735 componat:

62 739 111 776 [δε
125 736 164 776 in
180 738 290 774 rebus
303 736 588 788 quibuscunque
613 737 765 786 agendis
782 737 816 773 sc
840 738 967 774 minus
994 736 1106 775 solito
1135 737 1292 775 hilarem
1317 739 1354 774 ὅς
1382 739 1523 775 laetum
1556 739 1671 776 osten-

59 793 154 831 dut:
180 794 285 845 Quin
307 795 342 829 ὅ(
363 791 401 829 in
421 804 501 829 rem
519 793 620 830 suam
650 790 730 838 erit,
759 792 871 828 amici
892 791 1042 837 alicujus
1061 804 1175 842 opera
1197 794 1234 829 ὃ(
1258 791 1432 829 sermone
1451 793 1548 842 apud
1573 793 1671 846 prin-

62 847 189 900 ssipe'm
219 849 287 894 uti,
315 849 380 898 qui
404 856 548 898 quanto
562 847 708 884 doloris
737 845 843 883 sensu
862 848 902 883 in
928 845 1073 883 intimis
1099 845 1338 892 excrucietur,
1367 846 1672 896 tempestiveinii-

65 911 169 941 fluet.
226 902 414 949 Secundo,
443 900 653 939 occasiones
682 913 817 938 omnes
837 903 895 938 vel
916 900 1093 938 minimas
1122 901 1252 938 sedulo
1273 903 1400 946 evitet,
1429 914 1492 950 per
1506 914 1594 950 quas
1609 914 1671 940 aut

65 957 124 996 res
147 956 234 1010 ipsa,
260 969 354 1009 quae
377 956 630 1006 indignationi
657 955 801 993 causam
822 955 1000 1007 praebuit,
1039 955 1246 1001 refricetur,
1280 966 1342 993 aut
1359 955 1526 1006 princeps
1543 958 1672 995 denuo

63 1011 368 1058 excandescendi,
401 1014 436 1048 ὅ(
453 1011 572 1061 ipsum
588 1015 812 1060 quacunque
842 1011 889 1048 de
913 1011 1017 1048 causa
1031 1024 1159 1048 coram
1178 1012 1257 1048 aliis
1277 1011 1513 1060 objurgandi,
1544 1011 1671 1049 ansam

66 1066 228 1118 arripiat.
286 1065 429 1114 Tertio,
459 1068 648 1117 perquirat
667 1067 779 1103 etiam
805 1066 1004 1116 diligenter
1021 1064 1232 1104 occasiones
1251 1078 1398 1113 omnes,
1424 1065 1462 1103 in
1478 1067 1613 1115 quibus
1633 1080 1673 1104 0-

66 1134 156 1175 pera
183 1123 261 1169 eius
281 1120 434 1174 principi
461 1133 562 1172 grata
584 1121 653 1159 esse
681 1117 820 1173 poliit3
851 1132 891 1158 ut
907 1124 943 1158 ὅ(
963 1123 1200 1161 voluntatem
1217 1132 1433 1173 promptam
1450 1122 1674 1170 redimendi,

65 1179 218 1230 culpam
236 1179 473 1227 praeteritam
492 1177 657 1214 ostendat
677 1190 688 1218 3
719 1178 754 1213 &
781 1175 950 1228 princeps
978 1177 1062 1214 suus
1078 1176 1222 1222 sentiat,
1252 1175 1351 1225 quali
1376 1177 1529 1214 tandem
1554 1176 1673 1225 servo,-

66 1230 196 1271 fieum
212 1231 388 1279 dimittat,
416 1231 550 1284 privari
575 1232 611 1269 se
637 1230 851 1280 contigerit.
904 1233 1062 1284 Quarto,
1091 1233 1241 1281 culpam
1270 1231 1386 1281 ipsam
1406 1242 1469 1269 aut
1499 1231 1674 1282 sagaciter

67 1290 110 1326 in
139 1289 233 1325 alios
251 1287 443 1325 transferat
460 1304 473 1329 ς
501 1297 566 1324 aur
592 1286 723 1324 animo
742 1288 846 1323 illam
862 1299 944 1324 non
961 1287 1063 1324 malo
1078 1286 1315 1324 commiffam
1330 1286 1399 1323 effe
1415 1283 1597 1328 insinuem
1613 1297 1677 1325 aut

67 1344 183 1381 etiam
210 1342 392 1380 malitiam
418 1343 587 1389 illorum,
613 1340 677 1390 qui
693 1340 814 1391 ipsum
834 1342 912 1392 regi
929 1342 1158 1389 detulerunt,
1192 1342 1251 1378 vel
1280 1353 1359 1379 rem
1384 1340 1679 1393 supramodum

69 1408 316 1448 aggravarunt
331 1396 480 1434 indicet.
536 1395 712 1445 Denique
732 1395 770 1433 in
787 1396 965 1434 omnibus
981 1395 1130 1446 evigilet
1151 1398 1188 1433 &
1206 1395 1393 1433 curationi
1408 1394 1449 1433 sit
1465 1398 1643 1434 intentus.

125 1450 273 1491 Parab.
295 1463 356 1501 17.
385 1453 582 1490 PRIMUS
605 1453 646 1489 in
678 1451 783 1489 causa
816 1451 877 1488 sua
900 1452 1028 1497 justus:
1063 1461 1146 1488 tum
1169 1449 1271 1490 venit
1299 1451 1412 1489 altera
1430 1462 1526 1502 pars,
1560 1454 1597 1489 ὅ(
1625 1453 1682 1489 in·

66 1508 186 1561 quirit
211 1509 252 1545 in
272 1519 372 1545 cum.
1524 1550 1526 1553 f

127 1560 234 1614 Exp.
263 1564 436 1600 PRIMA
467 1560 506 1599 in
540 1573 766 1610 unaquaque
800 1560 906 1599 causa
929 1561 1167 1608 informatio,
1201 1558 1227 1598 fi
1260 1560 1443 1613 paulisper
1470 1559 1600 1598 animo
1630 1561 1683 1607 ju·

69 1616 165 1655 dieis
187 1617 376 1664 insederit,
406 1619 496 1654 altas
536 1617 677 1654 radices
706 1615 792 1666 agit,
831 1629 993 1669 eumque
1035 1616 1185 1662 imbuit,
1220 1618 1257 1654 ὅ(
1290 1618 1471 1665 occupat3'
1514 1616 1609 1654 adeo
1643 1616 1685 1654 ut

69 1684 178 1723 aegre
201 1674 276 1710 elui
303 1669 429 1725 possit,
461 1670 528 1709 nili
551 1682 614 1709 aut
637 1671 826 1709 manifesta
854 1674 978 1721 aliqua
995 1669 1126 1708 falsitas
1141 1674 1182 1708 in
1210 1669 1362 1708 materia
1386 1671 1685 1717 informationis,

72 1739 136 1766 aut
159 1727 353 1766 artificium
382 1727 534 1776 aliquod
561 1730 601 1765 in
631 1727 761 1764 eadem
789 1727 996 1764 exhibenda
1033 1726 1345 1776 deprehendatur.
1401 1727 1556 1763 Etenim
1588 1727 1689 1765 nuda'

73 1786 113 1820 &
151 1782 303 1835 simplex
329 1782 506 1830 defensio,
536 1784 624 1820 licet
652 1782 740 1828 justa
767 1780 808 1819 fit
836 1784 872 1819 ὃ(
896 1782 1208 1835 praeponderans,
1235 1779 1294 1819 vix
1330 1779 1597 1832 praejudicium
1632 1783 1687 1819 in·

75 1839 320 1876 formationis
347 1840 489 1890 primae
517 1837 774 1887 compensare,
802 1847 865 1874 aut
902 1838 1039 1874 libram
1067 1835 1218 1883 justitiae
1242 1836 1355 1872 semel
1384 1835 1688 1887 propendentem

77 1893 123 1930 ad
145 1892 407 1945 aequilibrium
437 1893 613 1930 reducere
638 1904 705 1944 per
728 1891 763 1929 se
790 1893 898 1930 valet.
956 1894 1083 1942 Itaque
1103 1894 1139 1928 &
1168 1889 1284 1937 judici
1304 1886 1546 1936 tutissimum,
1577 1901 1619 1928 ut
1633 1891 1687 1928 ni-

78 1949 144 1993 hil,
186 1949 291 1995 quod
333 1949 379 1985 ad
408 1949 542 1984 merita
570 1947 697 1984 cautae
725 1946 872 1999 spediat,
913 1946 1147 1996 praelibetur,
1181 1944 1395 1995 priusquam
1425 1955 1581 1995 utraque
1608 1958 1692 1995 pars

76 2001 186 2041 simul
211 2002 433 2044 audianturs
465 2005 501 2040 ὅ(
524 2001 712 2039 defensori
733 2003 938 2053 optimum,
964 2000 988 2038 fi
1012 2000 1173 2048 judicem
1199 1999 1349 2037 senserit
1366 2011 1692 2050 praeoccupatum,

79 2061 121 2095 in
150 2061 224 2096 hoc
251 2054 486 2108 potiffimum
519 2055 722 2108 (quantum
738 2057 800 2094 dat
830 2055 951 2106 causa)
975 2057 1208 2099 incumbere,
1235 2065 1277 2091 ut
1299 2054 1500 2091 versutiam
1514 2054 1692 2103 aliquam,

80 2119 118 2150 ὅ(
148 2114 284 2151 dolum
302 2114 459 2158 malum,
490 2113 535 2149 ab
550 2112 696 2149 adversa
719 2121 834 2162 parte,
863 2114 903 2149 in
930 2112 1063 2157 judicis
1081 2111 1238 2147 abusum
1266 2108 1488 2155 adhibitum,
1504 2109 1665 2160 detegat.

137 2165 284 2206 Parab.
308 2168 367 2207 18.
404 2169 504 2220 QUI
535 2166 691 2204 delicate
715 2179 735 2204 a
763 2166 919 2218 pueritia
946 2165 1064 2204 nutrit
1087 2165 1234 2203 servum
1264 2163 1384 2212 suum,
1413 2164 1535 2216 postea
1561 2165 1696 2202 sentiet

85 2235 174 2261 eum
204 2228 484 2261 contumacem.
1379 2266 1381 2269 ι

138 2275 244 2330 Exp.
277 2279 571 2315 SERVANDUS
600 2276 661 2324 est,
691 2276 920 2326 principibus
943 2279 979 2313 ὃς
1000 2272 1179 2321 dominis,
1214 2286 1257 2310 ex
1280 2271 1437 2311 consilio
1462 2274 1698 2321 Solomonis,

85 2332 125 2370 in
155 2334 272 2383 gratia
303 2335 340 2369 &
379 2332 510 2370 favore
547 2331 627 2378 suo,
659 2343 746 2380 erga
789 2331 910 2369 servos
938 2331 1086 2368 modus.
1143 2330 1175 2365 Is
1202 2330 1335 2380 triplex
1364 2329 1427 2366 cst.
1485 2328 1626 2375 Primo,
1654 2339 1697 2367 ut

87 2397 384 2438 promoveantur
399 2399 465 2437 per
486 2386 630 2436 gradus,
661 2397 742 2423 non
766 2398 832 2436 per
855 2385 988 2423 saltus:
1025 2383 1212 2430 Secundo,
1237 2394 1276 2420 ut
1292 2383 1486 2420 interdum
1511 2383 1699 2422 assuefiant

89 2443 278 2494 repulsae:
326 2441 474 2488 Tertio,
513 2439 635 2490 (quod
668 2441 764 2478 bene
794 2443 973 2491 praecipit
1002 2439 1281 2486 Machiavellus)
1327 2444 1373 2476 ut
1410 2434 1580 2476 habeant
1601 2446 1703 2491 prae

87 2496 310 2550 oculis-fitis
328 2495 480 2549 semper
502 2492 666 2548 aliquid,
695 2507 767 2548 quo
783 2494 947 2534 ulterius
961 2493 1131 2548 aspirare
1146 2489 1300 2545 poffint.
1358 2495 1397 2532 N
1402 2491 1441 2530 isi
1478 2495 1583 2530 enim
1610 2495 1701 2531 haec

86 2553 192 2600 fiant,
221 2552 469 2603 reportabunt
498 2551 752 2603 proculdubio
785 2552 984 2601 principes,
1013 2549 1053 2586 in
1080 2548 1168 2595 fine,
1198 2560 1219 2584 a
1240 2546 1350 2586 servis
1369 2547 1449 2595 suis,
1475 2549 1565 2585 loco
1585 2547 1702 2585 animi

89 2609 184 2658 grati
211 2610 248 2646 δε
271 2603 440 2654 officiosi,
469 2605 653 2643 fastidium
681 2608 718 2643 ὃ(
744 2607 1037 2644 contumaciam.
1093 2602 1258 2649 Etenim,
1281 2615 1324 2640 ex
1345 2605 1595 2655 promotione
1611 2602 1707 2640 subi⁴

89 2671 139 2710 ta,
167 2661 288 2702 oritur
311 2660 537 2702 insolentia;
572 2673 615 2698 ex
643 2671 820 2713 perpetua
849 2659 1141 2698 desideratorum
1173 2658 1374 2708 adeptione
1397 2657 1628 2709 impatientia
1649 2671 1702 2696 re-

91 2718 242 2769 puslfae3
275 2716 438 2768 denique
461 2715 487 2753 fi
513 2725 600 2752 vota
626 2714 757 2762 desint,
791 2717 910 2753 deerit
934 2715 1066 2752 itidem
1095 2711 1260 2750 alacritas
1281 2715 1317 2750 &
1346 2711 1528 2750 industria.

147 2770 296 2812 Parab.
318 2782 379 2819 19.
409 2773 613 2809 VID1sT1
651 2769 773 2808 virum
801 2773 973 2810 velocem
996 2769 1036 2807 in
1062 2780 1176 2818 opere
1199 2767 1278 2815 suO,
1307 2779 1437 2805 coram
1464 2767 1611 2817 regibus
1642 2765 1706 2804 sta-

97 2828 164 2876 bit,
198 2841 268 2865 ncc
296 2828 366 2864 erit
386 2827 484 2863 inter
511 2824 706 2875 ignobiles.

151 2880 258 2935 Exp.
301 2884 460 2919 INTER
488 2880 654 2926 virtutes,
698 2892 789 2931 quas
818 2893 936 2930 reges,
965 2878 1004 2916 in
1044 2878 1190 2916 delestu
1232 2876 1439 2924 servorum,-
1475 2873 1710 2929 potiffimum

100 2937 261 2989 specstant
291 2940 329 2975 ὃς
363 2937 573 2984 requirunt,
615 2931 823 2984 gratissima
849 2935 897 2972 est
921 2946 1007 2985 prae
1036 2931 1176 2971 cunetis
1200 2933 1382 2979 celeritas,
1418 2934 1455 2969 ὅ(
1484 2934 1524 2969 in
1552 2931 1712 2980 negotiis

99 2992 332 3044 expediendis
360 2991 560 3028 strenuitas.
618 2988 701 3030 Viri
717 2990 905 3039 profunda
931 2989 1130 3042 prudentia
1144 2988 1293 3037 tegibus
1311 2987 1476 3039 suspesti,
1501 2996 1633 3038 utpote
1647 2989 1711 3035 qui

103 3046 267 3086 nimium
288 3045 358 3085 sint
373 3045 610 3098 iiispestoreS,
639 3046 677 3083 δε
691 3044 873 3084 dominos
890 3044 988 3092 sum,
1016 3043 1153 3097 inscios
1169 3045 1204 3080 ὅ(
1221 3042 1372 3089 invitos,
1395 3041 1536 3091 ingenii
1560 3039 1612 3077 sui
1628 3043 1712 3131 vigri-

1671 3107 1716 3132 us

1747 204 1844 263 223
