2040 3439
137 147 232 206 296
711 137 998 186 NOVUM
1072 137 1496 185 ORGANUM.
1758 139 1857 189 Lib.
1882 140 1917 186 1.

365 233 585 272 PRIMUM
611 232 726 278 enim,
756 232 933 269 omnium
949 229 1088 266 artium
1111 229 1175 265 illa
1198 228 1376 278 reperitur
1397 230 1538 267 cautela
1555 230 1628 274 jam
1653 230 1744 269 fasta
1765 230 1920 273 familia-

313 288 374 337 ris,
403 300 445 328 ut
476 291 516 326 in
538 287 705 339 qualibet
733 296 813 323 arte
839 285 1015 323 authores
1035 285 1122 321 artis
1155 283 1236 322 suae
1257 284 1516 322 infirmitatem
1541 284 1580 322 in
1599 296 1752 324 naturae
1779 289 1918 326 calumss

311 344 414 381 niam
445 353 612 383 vertants
643 345 680 379 &
701 341 805 392 quod
829 352 886 377 ars
914 339 1080 389 ipsorum
1108 351 1189 376 non
1213 339 1424 388 assequitur,
1455 339 1493 377 id
1521 352 1565 377 ex
1593 341 1724 378 eadem
1752 353 1830 380 arte
1849 342 1928 382 imss.

309 395 486 449 possibile
509 396 548 434 in
563 406 693 433 natura
714 393 980 445 pronunciant.
1037 395 1173 444 Neque
1188 404 1287 431 certe
1307 393 1474 431 damnari
1489 396 1606 447 potest
1627 408 1694 443 ars,
1723 395 1748 434 fi
1773 398 1848 448 ipsa
1865 398 1918 444 ju-

310 454 420 491 dicet.
477 453 601 489 Etiam
616 449 849 501 philosophia
864 462 959 498 quae
985 447 1141 486 nuncin
1160 449 1332 487 manibus
1351 449 1412 495 est,
1440 451 1480 486 in
1497 449 1574 487 {inu
1602 451 1668 488 suo
1682 450 1797 501 posita
1806 465 1916 505 quae-

309 510 400 546 dam
413 507 531 553 fovet,
558 517 620 543 aut
635 504 779 558 placita,
808 504 942 555 quibus
972 501 1011 551 (si
1025 504 1243 554 diligentius
1260 506 1481 553 inquiratur)
1512 505 1587 542 hoe
1601 506 1821 545 hominibus
1834 521 1918 547 om-

313 565 410 600 nino
428 560 635 612 per-suaderi
659 562 812 601 volunt3
842 561 895 597 nil
915 560 961 596 ab
985 570 1075 606 arte,
1103 560 1161 595 vel
1189 558 1356 597 hominis
1371 571 1493 609 opere,
1522 561 1693 608 arduum,
1723 572 1786 600 aut
1800 564 1841 600 in
1854 575 1917 602 na.

310 630 435 655 tutam
465 615 711 668 imperiosum
735 618 767 652 ὅ(
794 616 972 660 validum,
1002 614 1186 666 expectati
1208 614 1360 655 deberes
1389 625 1429 652 ut
1450 615 1496 652 de
1519 615 1760 666 heterogenia
1783 618 1916 657 caloris

311 671 392 709 astri
418 674 454 709 ἃ
470 673 580 721 ignis,
609 673 646 708 ὃ(
661 670 846 717 mistione,
877 671 1040 719 superius
1055 668 1195 706 dietum
1211 669 1271 706 est.
1328 671 1435 721 Quae
1449 667 1473 706 fi
1496 681 1677 708 notentur
1697 672 1913 723 accuratius,

311 728 476 765 omnino
486 728 676 778 pertinent
691 726 738 762 ad
752 726 937 762 humanae
953 723 1140 776 potcstatis
1150 724 1536 774 circumscriptionem
1553 726 1791 774 malitiosam,
1821 729 1915 768 &ad

302 780 510 834 quaesitam
539 784 576 818 ὅ(
596 780 831 819 artificiosam
860 779 1172 830 desperationem,
1200 791 1294 830 quae
1315 792 1396 816 non
1413 780 1537 817 solum
1561 780 1634 830 spei
1663 781 1813 831 auguria
1835 792 1914 822 tur-

311 839 386 884 bet,
415 836 476 874 scd
499 838 614 874 etiam
629 848 763 873 omnes
778 836 975 873 industriae
1003 835 1172 872 stimulos
1196 837 1233 871 &
1262 847 1397 872 nervos
1418 836 1569 882 incidat,
1598 846 1709 884 atque
1728 835 1834 887 ipsius
1856 851 1916 878 ex·

308 891 509 942 perientiae
537 893 633 929 aleas
652 892 815 936 abjiciat3
844 892 936 928 dum
957 891 1004 928 de
1026 890 1101 927 hoc
1115 900 1264 927 tantum
1285 889 1418 927 soliciti
1441 888 1522 937 fint,
1552 901 1592 928 ut
1611 903 1667 928 ars
1686 904 1819 929 eorum
1834 905 1913 944 per-

309 948 402 985 t'ecia
435 946 645 987 censeatur;
683 949 828 996 gloriae
852 942 1068 983 vanissimae
1096 947 1133 982 ὅ(
1147 942 1415 996 perditissimae
1435 946 1564 983 dantes
1580 958 1745 998 operam,
1775 946 1914 988 scilicet

307 1013 350 1041 ut
378 1001 553 1053 quicquid
572 1002 692 1039 adhuc
711 1003 909 1039 inventum
949 1003 986 1038 δε
1006 1000 1322 1051 comprehensum
1338 1013 1421 1038 non
1441 999 1494 1047 fit,
1523 1000 1560 1038 id
1576 1004 1742 1040 omnino
1769 1015 1840 1041 nec
1856 1003 1912 1043 in-

303 1059 426 1096 veniri
455 1069 525 1094 nec
551 1057 824 1108 comprehendi
850 1055 951 1108 posse
974 1055 1013 1092 in
1033 1055 1205 1093 futurum
1230 1056 1409 1093 credatur.
1465 1056 1521 1093 At
1550 1054 1576 1093 fi
1598 1058 1682 1106 quis
1712 1058 1822 1096 rebu's
1849 1061 1909 1098 ad-

305 1113 392 1151 dere
422 1111 469 1158 se,
498 1114 536 1149 ὅ(
567 1124 713 1151 novum
728 1113 868 1161 aliquid
898 1109 1059 1162 reperite
1077 1120 1249 1157 conetur,
1277 1110 1340 1148 ille
1355 1121 1484 1149 tamen
1498 1114 1664 1149 omnino
1690 1110 1754 1150 fibi
1775 1125 1912 1166 propo-

306 1178 372 1206 net
391 1169 428 1204 &
447 1165 639 1204 destinabit
663 1179 783 1204 unum
803 1167 957 1215 aliquod
979 1168 1178 1204 inventum
1208 1165 1293 1212 (nec
1317 1167 1431 1210 ultra)
1461 1166 1679 1216 perscrutari
1707 1170 1744 1206 &
1759 1181 1909 1213 eruete3

305 1234 348 1260 ut
368 1220 548 1271 magnetis
574 1232 758 1269 naturam,
787 1223 899 1259 maris
922 1221 1067 1258 fluxum
1091 1219 1130 1256 ὅτ,
1153 1220 1349 1268 refluxum,
1378 1223 1506 1259 thema
1519 1224 1630 1270 coeli,
1660 1225 1696 1261 ὅ(
1719 1223 1910 1270 hujusmo-

302 1278 354 1324 di,
383 1288 476 1326 quac
498 1276 624 1314 secreti
650 1276 790 1327 aliquid
818 1277 952 1314 habere
966 1276 1154 1323 videntur,
1183 1278 1220 1313 ὅ(
1243 1277 1418 1314 ὴειίῒειωε
1432 1289 1565 1329 parum
1586 1277 1744 1316 feliciter
1758 1279 1910 1320 tractata

303 1331 392 1370 sint:
421 1333 552 1383 Quum
574 1331 740 1368 summae
760 1330 802 1368 fit
830 1329 1038 1382 imperitiae
1068 1329 1122 1367 rei
1149 1332 1302 1376 alicujus
1326 1342 1498 1369 naturam
1524 1333 1564 1369 in
1592 1332 1628 1369 se
1650 1332 1723 1383 ipsa
1745 1334 1908 1386 perscru-

300 1389 392 1428 tari3
420 1385 728 1437 quandoquidem
757 1386 887 1423 eadem
913 1396 1056 1432 natura,
1084 1397 1179 1434 quae
1203 1388 1243 1423 in
1267 1385 1344 1423 aliis
1373 1385 1516 1424 videtur
1540 1388 1659 1425 latens
1687 1390 1724 1426 ὅ(
1747 1391 1911 1440 occulta,-

301 1444 344 1480 in
359 1443 440 1479 aliis
459 1440 650 1478 manifesta
668 1439 722 1488 sit,
752 1444 788 1479 ὃ(
811 1438 910 1493 quasi
929 1441 1140 1492 palpabilis;
1169 1450 1281 1490 atque
1295 1441 1333 1478 in
1362 1441 1435 1478 illis
1454 1441 1756 1491 admirationem,
1786 1446 1827 1482 in
1853 1445 1912 1485 his

300 1510 351 1535 ne
373 1495 622 1534 attentionem
640 1495 792 1545 quidem
809 1507 970 1533 moveat.
1028 1496 1088 1535 Ut
1098 1495 1139 1533 fit
1150 1498 1190 1533 in
1201 1507 1331 1534 natura
1345 1495 1607 1544 consistentiae,
1636 1511 1729 1550 quae
1745 1500 1782 1537 in
1800 1500 1909 1550 ligno

299 1554 359 1590 vel
375 1551 496 1602 lapide
521 1563 602 1588 non
622 1562 787 1598 notatur,
819 1551 880 1588 sed
908 1549 1014 1588 solidi
1029 1552 1279 1601 appellatione
1294 1550 1569 1599 transmittitur,
1598 1565 1721 1603 neque
1749 1556 1909 1605 amplius

297 1608 346 1645 de
363 1608 450 1657 fuga
479 1605 715 1656 separationis
737 1617 799 1644 aut
819 1606 1018 1644 solutionis
1041 1606 1299 1645 continuitatis
1326 1606 1548 1656 inquiritur:
1578 1608 1633 1646 At
1662 1610 1702 1645 in
1724 1621 1906 1659 aquatum

299 1664 412 1700 bullis
439 1662 569 1699 eadem
593 1674 649 1699 res
676 1662 826 1699 videtur
850 1662 994 1698 subtilis
1023 1663 1059 1698 δε
1083 1662 1295 1711 ingeniosa3
1323 1674 1417 1711 quae
1443 1662 1565 1699 bullae
1587 1663 1623 1700 se
1638 1662 1847 1708 conjiciunt
1861 1667 1904 1705 in

299 1716 487 1769 pelliculas
502 1717 691 1765 quasdam,
719 1718 759 1753 in
775 1715 1033 1765 hemisphaerii
1052 1716 1220 1753 formam
1245 1717 1389 1754 curiose
1413 1714 1559 1765 effictas,
1588 1729 1629 1756 ut
1657 1718 1703 1756 ad
1732 1731 1905 1760 momen-

298 1784 383 1811 tum
397 1774 577 1825 temporis
598 1773 755 1809 evitetur
769 1771 908 1808 solutio
924 1773 1195 1808 continuitatis.

354 1828 533 1879 ATQUE
562 1826 709 1875 prorsus
725 1827 788 1863 illa
817 1826 890 1876 ipsa
916 1838 1011 1874 quae
1030 1826 1216 1864 habentur
1239 1839 1310 1878 pro
1335 1826 1489 1873 secretis,
1518 1825 1556 1864 in
1576 1826 1655 1865 aliis
1679 1829 1818 1869 habent
1839 1843 1901 1870 na-

298 1892 422 1919 turam
451 1881 680 1919 manifestam
711 1883 747 1918 &
767 1893 1033 1921 communenu
1063 1894 1157 1930 quae
1173 1893 1369 1932 nunquam
1399 1882 1433 1919 se
1462 1883 1564 1919 dabit
1587 1883 1902 1936 conspiciendam,

295 1934 323 1973 fi
349 1936 553 1974 hominum
567 1938 822 1988 experimenta
844 1947 908 1974 aut
927 1938 1269 1988 contemplationes
1293 1940 1333 1974 in
1349 1937 1419 1974 illis
1434 1935 1514 1988 ipsis
1529 1947 1678 1976 tantum
1700 1940 1902 1981 versentur.

297 1992 530 2030 Generaliter
545 2002 671 2028 autem
686 1993 723 2028 ὃ(
751 1993 878 2041 vulgo,
908 1993 949 2029 in
970 1990 1143 2044 operibus
1162 1991 1383 2030 mechanicis
1406 1992 1588 2031 habentur
1616 2006 1688 2046 pro
1710 1994 1817 2033 novis
1845 1998 1901 2034 in-

296 2049 428 2092 ventis,
457 2045 483 2084 fi
508 2045 587 2096 quis
615 2047 842 2098 jampridem
864 2046 1016 2087 inventa
1042 2045 1208 2084 subtilius
1236 2049 1353 2097 poliat
1375 2048 1434 2084 vel
1459 2058 1568 2086 ornet
1594 2051 1812 2099 elegantius,
1841 2053 1901 2092 vel

293 2100 403 2140 simul
417 2101 519 2140 uniat
542 2103 579 2138 ὃ(
594 2112 813 2151 componat,
841 2103 900 2140 vel
920 2114 1009 2138 cum
1027 2102 1094 2138 usu
1113 2104 1355 2140 commodius
1369 2103 1532 2151 copulet,
1562 2115 1623 2141 aut
1639 2117 1732 2154 opus
1744 2107 1899 2156 majore,

294 2168 357 2194 aut
377 2157 488 2195 etiam
513 2158 665 2194 minore
694 2169 808 2207 quam
831 2156 910 2194 ficri
930 2156 1121 2195 consuevit
1149 2159 1254 2195 mole
1280 2159 1340 2195 vel
1363 2157 1558 2196 volumine
1589 2160 1771 2208 exhibeat,
1801 2164 1839 2200 ὅ(
1859 2159 1900 2201 fi-

294 2211 407 2250 milia.

350 2269 537 2320 ITAQJE
566 2266 724 2305 minime
749 2267 888 2305 mirum
915 2267 974 2314 est,
1004 2265 1030 2304 {i
1049 2266 1192 2306 nobilia
1208 2271 1245 2306 ὃς
1264 2280 1400 2319 genere
1425 2268 1594 2307 humano
1614 2269 1727 2320 digna
1747 2272 1898 2311 inventa

289 2323 330 2359 in
348 2324 471 2360 lucem
487 2324 643 2360 extracta
657 2335 737 2360 non
758 2321 839 2369 sint,
869 2334 988 2371 quum
1017 2322 1190 2360 homines
1221 2323 1437 2370 hujusmodi
1458 2326 1598 2374 exiguis
1617 2324 1734 2376 penfis
1760 2329 1797 2364 ὅ(
1810 2339 1898 2378 pue-

290 2376 417 2415 rilibus
450 2379 621 2415 contenti
650 2380 687 2415 &
715 2379 885 2415 delectati
914 2378 1072 2419 fuerint3
1101 2378 1308 2427 quinetiam
1336 2381 1376 2417 in
1403 2377 1533 2416 iisdem
1565 2379 1599 2417 sc
1623 2392 1805 2430 magnum
1832 2383 1897 2421 ali·

290 2433 395 2479 quod
416 2433 588 2484 sequutos
608 2444 670 2471 aut
699 2434 907 2483 ass'equutos
935 2434 1157 2483 putaverint.

343 2488 544 2527 LXXXIX.
576 2490 753 2541 NEQUE
796 2490 891 2526 illud
919 2490 1296 2541 praetermittendum
1325 2488 1384 2535 est,
1428 2490 1532 2538 quod
1571 2490 1676 2527 naeia
1707 2487 1749 2528 fit
1776 2491 1896 2542 philo-

292 2540 420 2592 sophia
435 2545 609 2581 naturalis
633 2555 696 2593 per
723 2556 859 2581 omnes
886 2554 1021 2581 aetates
1044 2544 1292 2582 adversarium
1313 2544 1514 2581 molestum
1535 2546 1570 2581 ἃ
1596 2542 1813 2589 difficilem3
1841 2547 1896 2587 su-

290 2595 544 2644 perstitionem
570 2598 753 2636 nimirum
781 2601 818 2636 &
847 2600 973 2637 zelum
1004 2600 1198 2648 religionis
1218 2611 1369 2636 caecum
1393 2601 1429 2636 δε
1450 2599 1755 2638 immoderatum.
1813 2603 1894 2641 Ete-

290 2652 374 2686 nim
403 2650 525 2688 viderc
549 2653 597 2690 cst
624 2655 721 2705 apud
748 2654 921 2701 Graecos,
951 2666 1017 2692 eos
1033 2655 1098 2703 qui
1127 2653 1291 2703 primum
1315 2653 1435 2691 causas
1454 2656 1637 2692 naturales
1661 2656 1833 2696 fulminis
1855 2660 1894 2697 δ(

287 2705 546 2755 tempestatum
576 2708 725 2746 insuetis
752 2709 873 2747 adhuc
901 2710 1105 2747 hominum
1133 2710 1282 2747 auribus
1310 2709 1599 2759 proposuerunt,
1628 2709 1826 2760 impietatis
1852 2711 1893 2751 in

287 2760 379 2796 deos
394 2771 441 2796 eo
457 2761 611 2799 nominc
622 2763 838 2801 damnatos:
869 2766 954 2803 Nec
965 2766 1091 2802 multo
1099 2765 1232 2802 melius
1243 2777 1261 2801 a
1277 2764 1472 2802 nonnullis
1486 2767 1727 2816 antiquorum
1742 2777 1892 2816 patrum

288 2813 480 2864 religionis
498 2816 726 2856 Christianae
741 2829 914 2869 exceptos
940 2820 1046 2858 fuiffe
1074 2832 1148 2865 eos,
1179 2821 1244 2868 qui
1267 2831 1310 2856 ex
1330 2816 1538 2857 certissimis
1566 2820 1892 2861 demonstrationi-

287 2869 355 2906 bus
385 2870 533 2917 (quibus
561 2883 678 2908 nemo
705 2874 819 2911 hodie
849 2874 953 2912 sanus
976 2873 1253 2921 contradixerit)
1283 2885 1421 2912 terram
1442 2875 1643 2914 rotundam
1674 2875 1742 2913 efi'c
1761 2877 1890 2926 posue-

281 2934 383 2973 runt,
413 2935 522 2975 atque
539 2938 581 2964 ex
605 2927 854 2978 consequenti
880 2930 1076 2982 antipodas
1099 2929 1168 2969 ess'e
1188 2929 1423 2968 ass'eruerunt.

1733 3041 1834 3092 QU1
1843 3051 1890 3080 N-
