2040 3439
84 219 259 283 tji'isu·
486 215 819 283 No‘vu'M
888 233 1406 303 ORGANUM'„

91 333 165 372 est:
194 332 254 371 sed
285 341 376 371 cum
411 333 598 384 analogia,
627 331 746 382 qualis
773 331 958 385 competit
989 333 1122 373 sensui.
1178 337 1296 374 Nunc
1322 347 1414 375 vero
1436 335 1483 375 ad
1516 338 1695 377 ulteriora

90 386 223 427 auxilia
250 387 533 439 procedendum
560 387 620 425 est.

141 440 290 496 Aphor.
320 443 418 480 XXI.
463 443 586 480 Posr
611 439 752 482 tabulas
785 445 1067 496 comparentiae
1093 447 1237 495 primae
1265 448 1303 484 δε
1336 446 1578 491 rejectionem
1613 447 1693 487 five

88 496 318 538 exclussvam‚
346 507 499 535 necnon
539 496 879 536 vindemiationem
903 501 1066 549 primam
1093 501 1227 538 factam
1257 501 1463 539 secundum
1493 515 1578 545 eas5
1610 516 1692 555 per-

87 552 252 602 gendum
271 552 319 590 est
338 552 384 590 ad
411 551 552 604 reliqua
578 553 712 590 auxilia
733 554 956 601 intellectus,
984 556 1080 592 circa
1107 554 1459 605 interpretationem
1484 569 1636 596 naturae
1651 561 1689 598 ὅ(

88 607 350 646 inductionem
373 617 500 645 veram
527 619 570 644 ac
591 607 804 657 perfectam
842 610 886 646 In
901 609 1036 657 quibus
1055 611 1327 661 proponendi5‚
1357 612 1419 648 ubl
1436 625 1530 662 opus
1550 615 1620 651 erit
1636 625 1688 652 ta-

87 663 195 709 bulis,
209 661 456 712 procedemus
475 661 583 712 super
610 661 773 700 calidum
788 665 826 701 ὃς
847 663 1057 713 frigidum3
1087 666 1150 702 ubi
1171 676 1298 703 autem
1326 677 1419 717 opus
1441 669 1511 704 e'rit
1536 678 1688 706 tantum

83 718 261 768 exemplis
279 715 525 768 paucioribus,
555 718 801 767 procedemus
827 730 892 768 per
920 720 990 756 alia
1023 721 1179 756 omnia:
1209 731 1249 757 ut
1276 733 1346 758 nec
1364 722 1618 760 confundatur
1633 722 1688 761 in-

85 770 246 824 quifitio,
276 775 311 810 ὅ(
340 782 468 809 tamen
497 771 664 810 doctrina
689 772 853 811 versetur
880 775 1007 811 minus
1028 776 1068 811 in
1100 775 1265 824 angusto.
1434 810 1436 812 .

135 826 367 865 cht-:Mus
396 828 522 875 itaque
543 828 671 878 primo
696 829 796 874 loco,
825 828 872 865 de
892 829 1156 879 praerogativis
1183 829 1464 869 instantiarum:
1496 833 1683 881 Secundo,

82 881 130 920 d'e
162 882 399 920 adminiculis
429 882 683 919 inductionis:
714 884 861 929 Tertio,
890 883 938 919 de
960 883 1225 920 rcfflficationc
1245 885 1496 923 inductionis:
1525 888 1686 938 Quarto,

81 936 134 975 de²
145 937 350 975 variatione
365 935 616 985 inquisitionis
635 949 707 988 pro
734 946 863 975 natura
887 936 1061 982 subjecti:
1091 937 1251 990 Qiinto,
1280 941 1326 977 de
1343 941 1603 990 praerogativis
1619 955 1682 979 na-

80 1001 248 1030 turarum
269 1002 450 1041 quatenus
469 992 516 1029 ad
545 989 852 1043 inquisitionems
881 990 952 1029 five
985 993 1032 1030 de
1060 1006 1107 1030 eo
1126 995 1229 1044 quod
1258 993 1524 1044 inquirendum
1539 995 1588 1033 est
1615 996 1685 1048 pri-

80 1051 124 1084 u's
152 1048 188 1084 &
217 1046 420 1104 posterius:
453 1048 577 1094 Sexto,
605 1047 652 1083 de
675 1049 846 1084 terminis
871 1046 1132 1096 inquisitionis,
1163 1047 1232 1086 sive
1261 1050 1307 1087 de
1338 1048 1483 1100 synopsi
1505 1050 1684 1089 omnium

76 1100 293 1140 naturarum
313 1100 350 1138 in
366 1101 560 1139 universo:
592 1102 777 1151 Septimo,
806 1102 852 1139 de
867 1103 1094 1140 deduffionc
1122 1104 1166 1140 ad
1187 1103 1326 1155 praxin,
1356 1103 1425 1142 five
1454 1106 1500 1142 de
1517 1107 1684 1157 eoquod

78 1154 132 1194 est'
152 1158 193 1194 in
219 1158 353 1194 ordine
380 1157 427 1193 ad
456 1157 679 1194 hominem:
711 1159 870 1203 Ociavo,
900 1158 946 1194 de
972 1158 1170 1207 parasccvis
1199 1159 1244 1196 ad
1265 1158 1546 1212 inquisitionem
1570 1175 1578 1197 ε
1608 1162 1679 1199 Ρο-

74 1211 213 1249 stremo
232 1223 370 1257 autem,
401 1212 448 1249 de
477 1212 568 1249 scala
597 1211 801 1249 ascensoria
821 1215 857 1249 &
878 1211 1110 1250 descensoria
1133 1215 1378 1252 axiomatum.

126 1268 244 1305 XXII.
275 1268 428 1304 INTER
454 1268 724 1316 praerogativas
751 1266 1015 1315 instantiarum,
1046 1270 1172 1318 primo
1205 1279 1466 1320 proponemus
1488 1270 1682 1312 instantias

76 1320 266 1359 solitarias.
324 1323 396 1358 Eae
416 1332 541 1358 autem
563 1321 646 1358 sunt
676 1320 870 1369 solitariae,
899 1335 993 1371 quae
1008 1324 1185 1361 exhibent
1206 1334 1389 1372 naturam,
1410 1326 1456 1362 de
1476 1338 1548 1374 qua
1562 1326 1602 1363 fit
1624 1328 1679 1364 in·-

73 1374 236 1424 quifitio,
267 1377 306 1414 in
331 1376 462 1414 talibus
490 1376 658 1421 subjectis
678 1389 772 1425 quae
795 1378 850 1414 nil
877 1376 1016 1415 habent
1044 1390 1252 1416 commune
1285 1392 1372 1417 cum
1392 1380 1469 1417 aliis
1499 1380 1680 1429 subjectis,

73 1440 218 1480 praeter
246 1432 351 1468 illam
375 1431 488 1481 ipsam
517 1442 708 1469 naturam:
738 1442 800 1469 aut
829 1433 948 1469 rursus
982 1445 1076 1481 quae
1106 1446 1187 1470 non
1213 1434 1389 1472 exhibent
1412 1435 1600 1483 naturam,
1629 1437 1678 1474 de

72 1497 146 1534 qua
171 1486 213 1523 fit
231 1483 430 1538 inquisitio,
455 1487 500 1523 -in
519 1487 653 1523 talibus
673 1486 839 1532 subjectis
870 1499 964 1535 quae
987 1487 1070 1525 sunt
1094 1486 1223 1525 similia
1251 1501 1317 1540 per
1337 1491 1468 1526 onmia
1486 1501 1573 1527 cum
1598 1490 1681 1528 aliis

71 1539 251 1588 subjeetis,
279 1551 538 1590 praeterquam
558 1540 597 1578 in
625 1542 688 1579 illa
716 1542 791 1593 ipsa
811 1552 953 1579 natura.
1009 1543 1252 1580 Manifestum
1278 1546 1381 1581 enim
1399 1543 1458 1591 cst,
1487 1545 1591 1593 quod
1610 1546 1678 1583 hu-

70 1593 235 1641 jusmodi
254 1594 443 1633 instantiae
474 1597 612 1633 tollant
650 1597 834 1646 ambages,
861 1607 975 1645 atque
1012 1600 1217 1635 accelerent
1242 1601 1279 1636 ὃ(
1315 1601 1498 1637 roborent
1527 1599 1676 1639 exclusi-

71 1647 182 1692 νέαις
211 1650 306 1688 adeo
334 1661 377 1688 ut
404 1663 540 1702 paucae
565 1663 607 1688 ex
633 1649 705 1688 illis
733 1649 804 1688 fint
834 1650 943 1689 instar
971 1654 1187 1690 multarum.

119 1705 352 1743 EXEMPLI
381 1705 522 1755 gratia:
550 1703 575 1742 fi
597 1705 659 1743 fiat
674 1704 864 1755 inquisitio
885 1707 932 1744 de
960 1717 1092 1744 natura
1117 1706 1263 1755 caloris,
1292 1703 1479 1747 instantiae
1496 1708 1679 1749 solitariae-

68 1758 152 1798 sunt
177 1759 362 1810 prismata,
394 1772 567 1810 gemmae
585 1760 825 1810 crystallinae,
854 1773 949 1810 quae
976 1763 1138 1800 reddunt
1162 1765 1320 1810 colores,
1334 1777 1415 1802 non
1432 1765 1554 1802 solum
1570 1767 1609 1802 in
1627 1765 1674 1810 se,

67 1813 130 1852 sed
154 1814 312 1853 exterius
341 1815 448 1866 supra
467 1816 673 1864 parietem;
702 1818 794 1853 item
825 1829 937 1863 rores,
967 1819 1036 1854 &c.
1095 1818 1180 1854 Istae
1197 1820 1301 1854 enim
1325 1821 1380 1856 nil
1407 1820 1545 1857 habent
1574 1832 1678 1857 com-

69 1881 186 1908 mune
213 1881 302 1907 curn
321 1871 516 1907 coloribus
531 1869 610 1906 fixis
630 1871 670 1907 in
691 1871 856 1917 floribus,
886 1873 1046 1920 gemmis
1061 1871 1250 1919 coloratis,
1272 1875 1446 1918 metallis,
1463 1873 1585 1923 lignis,
1606 1878 1677 1913 &cr

65 1933 209 1974 praeter
223 1922 342 1974 ipsum
359 1927 541 1962 colorem.
591 1925 712 1964 Unde
728 1925 835 1963 facile
855 1927 1061 1975 colligitur,
1078 1927 1183 1975 quod
1199 1929 1307 1964 color
1322 1929 1374 1965 nil
1395 1929 1491 1966 aliud
1511 1928 1548 1965 lit
1565 1942 1682 1977 quam

67 1979 302 2017 modificatio
320 1977 493 2030 imaginis
513 1980 605 2017 lueis
639 1981 818 2018 immiffae
837 1983 873 2018 ὅ(
903 1991 1091 2031 receptae:
1122 1984 1162 2018 in
1192 1984 1313 2031 priore
1338 1995 1484 2032 genere,
1516 1997 1580 2035 per
1600 1997 1679 2034 gra-

66 2034 135 2072 dus
153 2033 315 2072 diversos
350 2033 574 2071 incidentiae
590 2053 603 2077 ,-
634 2034 671 2072 in
697 2035 914 2084 posteriore,
944 2048 1009 2086 per
1029 2046 1192 2074 texturas
1221 2039 1256 2074 &
1280 2037 1555 2075 schematismos
1586 2041 1678 2077 vari-

65 2100 110 2125 os
136 2091 318 2139 eorporis
374 2089 460 2126 Istae
494 2100 620 2127 autem
649 2091 840 2128 instantiae
874 2090 959 2128 sunt
999 2090 1180 2129 solitariae
1208 2103 1391 2144 quatenus
1430 2094 1474 2130 ad
1511 2092 1678 2131 fimilitu-

65 2144 207 2181 dinem.

119 2200 318 2237 Runsus
345 2201 385 2236 in
412 2199 541 2236 eadem
566 2198 821 2248 inquisitione,
849 2213 965 2238 venae
992 2200 1179 2239 distinctae
1199 2200 1437 2252 albi&mg1·i
1458 2205 1495 2239 in
1511 2215 1674 2240 marmo-

67 2252 179 2299 ribus,
209 2256 246 2291 ὅ(
266 2255 534 2303 variegationes
562 2256 739 2292 colorum
763 2257 802 2292 in
823 2255 978 2294 floribus
1007 2256 1171 2300 ejusdem
1202 2256 1343 2308 speciei,
1375 2258 1456 2295 sunt
1486 2258 1674 2296 instantiae

67 2306 258 2346 solitarIac.
312 2309 460 2347 Album
489 2310 591 2346 enim
617 2312 653 2346 ὃς
682 2309 832 2360 nigrum
863 2313 1074 2357 marmoris,
1105 2313 1322 2349 &maculae
1336 2314 1411 2349 albi
1436 2316 1470 2349 ὃ(
1494 2316 1668 2363 purpurei

66 2364 106 2400 in
123 2362 279 2401 floribus
306 2363 553 2415 earyophylli,
582 2367 813 2402 conveniunt
829 2364 907 2403 fere
925 2367 965 2402 in
985 2367 1164 2403 omnibus
1181 2377 1325 2415 practer
1353 2366 1468 2417 ipsum
1481 2369 1665 2406 colorem.

66 2418 184 2458 Unde
211 2417 316 2456 facile
335 2420 544 2468 colligitur,
574 2420 746 2456 colorem
775 2432 855 2457 non
873 2422 1039 2458 multum
1066 2422 1119 2458 rei
1140 2421 1273 2458 habere
1289 2433 1375 2459 cnm
1400 2424 1538 2459 naturis
1553 2424 1665 2460 alicu-

66 2473 121 2517 jus
148 2472 313 2525 corporis
338 2472 557 2519 intrinsecis,
588 2473 648 2511 sed
668 2484 816 2512 tantum
832 2473 941 2513 situm
965 2476 1034 2512 ess'e
1059 2476 1097 2512 in
1122 2474 1282 2524 positura
1310 2479 1472 2528 partium
1503 2474 1668 2515 crasliori

65 2529 102 2565 ὅ(
126 2526 224 2576 quasi
241 2528 468 2565 mechanica.
523 2527 610 2566 Istae
634 2540 759 2572 autem
775 2530 964 2567 instantIae
982 2530 1064 2567 sunt
1086 2529 1282 2577 solitariae,
1312 2542 1494 2579 quatenus
1522 2533 1566 2568 ad
1599 2533 1669 2569 dis-

65 2584 302 2632 crepantiam.
360 2581 560 2631 Utrunque
580 2594 706 2621 autem
732 2596 860 2633 genus,
890 2585 1076 2622 instantias
1102 2584 1276 2623 solitarias
1305 2587 1487 2638 appellare
1515 2587 1668 2625 consuc-

64 2638 210 2678 vimus;
238 2648 299 2675 aut
329 2637 478 2684 ferinas,
509 2638 659 2688 sumpto
684 2640 870 2677 vocabulo
890 2640 935 2676 ab
963 2640 1194 2678 astronomis.

115 2693 247 2730 XXIII.
277 2694 436 2730 INTER
465 2695 735 2742 praerogativas
776 2693 1042 2741 instanti-arum,
1071 2707 1258 2746 ponemus
1291 2695 1456 2734 secundo
1492 2698 1579 2734 Ioco
1614 2699 1667 2734 in-

65 2742 206 2784 stantias
238 2749 453 2797 migrantes.
511 2749 583 2785 Eae
602 2748 698 2792 sunt,
728 2750 767 2785 in
788 2750 922 2797 quibus
941 2760 1072 2786 natura
1101 2748 1272 2798 inquisita
1297 2753 1431 2799 migrat
1451 2753 1494 2788 ad
1519 2764 1669 2800 genera-

64 2801 222 2848 ti0nem‚
251 2814 339 2840 cum
365 2802 463 2852 prius
484 2814 562 2839 non
588 2803 778 2844 existe1·ct;
808 2814 869 2841 aut
890 2814 1021 2841 contra
1041 2806 1177 2854 migrat
1198 2806 1240 2842 ad
1264 2806 1558 2856 corruptionem,
1579 2819 1668 2844 curu

67 2857 165 2903 prius
187 2856 359 2894 existeret.
417 2859 543 2906 Itaque
573 2858 614 2894 in
634 2868 789 2909 utraque
814 2858 1054 2910 antistrophe,
1083 2858 1274 2898 instantiae
1298 2862 1387 2898 tales
1412 2861 1493 2898 sunt
1524 2862 1667 2911 semper

64 2912 254 2958 geminam
283 2913 340 2949 vel
361 2914 487 2963 potius
508 2924 581 2950 una
604 2911 771 2950 instantia
799 2911 837 2949 in
867 2924 978 2951 motu
996 2911 1067 2951 five
1090 2913 1242 2952 transitu
1266 2916 1443 2964 producta
1472 2917 1516 2953 ad
1548 2919 1666 2967 perio-

64 2964 155 3002 dum
183 2966 379 3003 adversam.
436 2967 490 3004 At
520 2967 736 3011 hujusmodi
752 2966 942 3005 instantiae
958 2980 1039 3006 non
1060 2968 1180 3007 solum
1201 2972 1406 3009 accelerant
1429 2974 1465 3008 δ(
1488 2971 1666 3008 roborant

64 3017 292 3067 exclufivmn,
322 3021 516 3059 sedetiam
539 3024 774 3072 compellunt
803 3019 1078 3070 affirmativam,
1107 3022 1177 3061 five
1205 3025 1370 3063 formam
1400 3027 1516 3075 ipsam
1547 3028 1584 3061 in
1605 3038 1664 3062 an-

59 3069 223 3121 gustumJ
276 3076 427 3115 Necess'e
456 3077 503 3114 est
522 3079 625 3114 enim
655 3087 695 3115 ut
724 3077 849 3115 forma
870 3079 922 3114 rei
950 3076 992 3117 fit
1015 3080 1220 3132 quippiam,
1249 3081 1352 3129 quod
1367 3094 1431 3132 per
1446 3080 1664 3127 hujusmodi

118 3130 189 3166 VO
202 3141 236 3166 L.
254 3131 279 3167 I.
850 3133 891 3173 U
908 3145 934 3171 u
1533 3136 1665 3183 migra*

1783 252 1879 310 337
