2040 3439
663 130 1187 181 INDEX.

69 233 229 280 Regimen
247 231 375 266 bonum
394 227 431 265 &
450 238 605 278 tempora
623 230 724 273 mala,
741 231 902 278 Pag.215

63 280 218 329 ,Regtstra
247 279 392 327 duplicis
419 288 567 320 naturae,
609 290 665 326 72.
716 280 900 315 Continent

116 329 231 373 titulos
255 340 368 364 rerum
399 329 437 364 ὅτ
455 329 675 376 personarum
705 329 786 364 serie
811 339 898 364 tem-

90 408 94 411 .
114 378 218 428 poris,
231 378 308 413 ibid.
319 376 559 424 Aftorutnque
571 377 808 420 solemnitates,
817 377 895 415 ibid.

68 425 184 477 Regna
205 428 242 463 δε
259 427 461 474 respublicae
479 427 522 462 ad
539 438 643 474 quam
662 427 809 462 formam
823 427 895 463 exi-

89 475 93 479 ”
115 477 240 526 genda,
824 479 892 520 248

69 523 249 575 Regnorum
278 524 479 573 magnitudo
512 525 633 572 quibus
663 525 789 561 artibus
809 526 895 561 obti-

87 615 91 619 ,
116 575 238 617 nenda,
268 586 351 621 243,
380 574 450 611 ὃς.
506 575 642 622 Nempe
669 584 770 622 gente
799 575 894 610 belli-

87 664 97 669 ,
120 624 208 667 cosa,
230 635 313 671 243,
333 635 413 667 244,
465 624 562 672 Qae
578 636 646 658 non
665 634 823 672 gravetur
834 625 894 659 tri·

86 705 93 723 .-
115 674 213 717 butis,
245 684 325 718 244.
378 673 417 708 In
436 685 503 719 qua
530 673 661 709 nobiles
687 673 725 708 δε
742 673 893 721 generosi

113 735 181 760 non
210 722 355 758 nimium
376 722 658 770 multiplicentur,
685 723 764 758 ibid.
816 724 895 758 Nu-

87 770 203 818 jmero
218 771 472 819 indigenarum,
500 771 577 808 ibid.
630 771 816 820 AgricoliS,
845 771 892 807 fa-

87 859 97 865 ,
111 821 212 858 mulis
229 821 396 868 ingenuis,
411 821 446 855 ὅτ
461 821 660 863 artificibus,
678 833 743 856 non
760 821 894 856 mecha-

87 911 93 916 ,
112 870 194 907 nicis
210 870 416 912 sedentariis‚
438 870 518 912 246.
561 871 752 905 Armorum
767 870 891 910 studio,

86 950 90 957 .
110 919 190 957 ibid.
244 919 349 965 Justis
363 920 466 954 causis
481 931 574 955 arma
587 919 791 966 capessendi,
811 919 890 953 ibid.

84 967 274 1014 QExercitu
304 979 466 1005 veterano
495 968 548 1004 seu
583 969 691 1003 milite
717 979 890 1016 perpetuo,

79 1048 81 1051 ,
107 1014 186 1055 ibid.
225 1017 335 1054 Maris
349 1018 520 1060 dominio,
537 1027 617 1062 247.
646 1017 811 1053 Praemiis
824 1030 891 1052 non

83 1066 89 1102 ζ
113 1067 221 1103 solum
240 1067 389 1103 emeritis
408 1067 444 1102 &
465 1067 639 1109 mutilatis,
809 1066 889 1104 ibid.

66 1108 209 1166 Regnum
226 1117 310 1165 quid
329 1117 454 1159 firmet,
709 1127 792 1162 243,
821 1127 896 1160 244

64 1167 210 1215 Regnum
229 1167 295 1201 Dei
314 1178 380 1201 non
412 1165 508 1201 venit
536 1177 613 1201 cum
644 1164 890 1207 observatione,

80 1255 87 1257 ‚
107 1216 161 1252 sed
181 1216 246 1250 fine
265 1215 419 1263 strepitu,
820 1226 888 1261 299

63 1265 206 1314 Regnum
221 1264 288 1300 Dei
304 1265 418 1312 primo
436 1265 678 1311 quaerendum,
696 1275 776 1306 241.
805 1264 890 1299 Coe-

83 1357 85 1361 ·
108 1315 220 1350 lorum
231 1325 332 1361 quare
341 1326 448 1360 grano
458 1314 578 1361 sinapis
587 1323 889 1360 comparatur,243

61 1363 204 1410 Regulae
224 1362 323 1410 juris,
352 1373 436 1409 257,
466 1364 546 1408 258.
599 1363 652 1397 De
670 1363 707 1397 iis
734 1362 889 1397 tractatus

78 1451 90 1459 .
109 1412 251 1460 optimis
262 1411 506 1459 jurisconsultis
523 1411 718 1453 credendus,
819 1414 886 1457 258

64 1460 248 1498 Relationes
259 1461 431 1496 afflonum
447 1461 614 1508 speciales,
644 1471 700 1507 73.
753 1460 888 1496 Puriore

111 1511 150 1546 &·
176 1510 283 1558 magis
301 1510 429 1546 sincero
457 1511 609 1545 veritatis
626 1510 772 1546 candore
787 1510 884 1545 vesti-

107 1560 224 1602 endae,
263 1559 341 1595 ibid.
390 1559 546 1595 Maxime
580 1569 691 1594 tamen
722 1559 887 1606 suspeeiae

80 1605 82 1608 ¹
107 1621 186 1645 cum
208 1609 354 1656 partium
384 1608 495 1644 studio
524 1608 592 1644 fere
610 1608 768 1656 utrinque
785 1608 886 1644 edan-

108 1668 177 1701 tur,
204 1657 282 1694 ibid.
334 1658 415 1693 Vide
431 1671 463 1705 p.
481 1668 536 1704 75.

61 1707 191 1756 Religio
208 1707 384 1756 quomodo
402 1707 538 1742 aditum
556 1706 598 1742 ad
616 1707 770 1742 animum
790 1718 889 1754 quae-

112 1758 168 1799 rit,
822 1767 834 1789 1
844 1757 886 1801 38

61 1807 229 1855 Reliquiae
247 1805 434 1841 sanctorum
454 1805 491 1840 &
508 1803 606 1845 coeli,
818 1815 888 1849 205

62 1856 293 1892 Remuneratio
311 1856 459 1891 literatos
479 1854 586 1895 fovet,
843 1854 885 1888 61

62 1902 322 1952 Reprehenstonis
349 1904 497 1951 pericula
524 1904 560 1938 δε
588 1903 779 1946 difficultas,
808 1914 888 1950 219.

111 1955 320 2002 Reprehensto
336 1954 378 1989 de
395 1953 478 1990 statu
508 1952 598 1988 civili
627 1953 717 1988 haud
743 1953 888 1988 feliciter

79 2033 87 2038 ,,
107 2003 355 2045 administram,
819 2013 888 2048 299

63 2052 188 2090 Renum
206 2052 334 2088 morbis
351 2051 432 2099 quid
451 2051 645 2094 conveniat,
823 2062 890 2095 124

61 2099 186 2139 Rerum
198 2102 401 2149 publicarum
418 2101 574 2136 columen
588 2100 738 2149 praemia
756 2100 793 2135 &
810 2113 888 2148 poe-

111 2164 188 2194 nae,
817 2160 886 2196 209

63 2200 309 2247 Resipiscentiae
326 2200 412 2235 serae
429 2199 600 2248 exempla,
816 2209 885 2254 237

61 2252 231 2299 Respebius
248 2249 466 2297 personarum
486 2249 665 2285 damnatur
699 2249 732 2284 in
756 2248 886 2295 judice,

815 2309 832 2331 2
841 2308 858 2331 2
866 2309 886 2342 5

63 2347 221 2396 Responsa
236 2346 455 2395 prudentum,
477 2357 557 2393 259.
611 2346 684 2382 Ubi
697 2346 738 2382 de
752 2347 883 2394 respon-

110 2398 149 2433 fis
165 2398 202 2433 &
219 2397 385 2433 consultis.

63 2446 224 2494 Responfio
242 2446 357 2482 mollis
370 2446 496 2494 frangit
514 2446 614 2487 iram,
815 2456 833 2479 2
843 2457 884 2492 19

64 2495 269 2542 Respublicae
280 2495 423 2531 feliciter
440 2495 714 2530 administrantur
728 2507 747 2529 a
759 2494 840 2530 viris
853 2508 886 2530 e-

107 2545 238 2587 ruditis,
267 2556 323 2591 32.
374 2546 440 2579 Res
449 2544 599 2590 publicae
612 2543 735 2579 tardius
746 2556 883 2579 moven—

108 2603 176 2637 tur,
188 2605 207 2628 2
216 2606 228 2629 1
237 2605 267 2639 5.
283 2595 337 2629 De
344 2593 522 2640 Republica
530 2592 881 2638 administranda,242

65 2643 237 2679 Retinendi
254 2643 308 2679 seu
324 2643 533 2679 custodiendi
547 2654 610 2684 ars,
819 2642 886 2687 156

64 2693 279 2739 Retrospeblio
295 2693 428 2739 legum,
815 2703 834 2726 2
841 2703 860 2737 5
865 2704 883 2738 3

63 2742 259 2778 Reverentia
272 2741 334 2783 sui,
347 2741 501 2777 fraenum
516 2741 693 2782 vitiorum,
713 2742 790 2784 184.
812 2742 886 2775 An-

107 2790 282 2839 tiquitatis,
817 2801 885 2836 293

64 2838 288 2876 Revolutiones
306 2839 450 2888 majores
469 2838 657 2880 stellarum,
687 2849 765 2874 101.
817 2839 885 2874 Ea-

110 2901 185 2925 rum
203 2889 347 2937 regulae‚
818 2899 887 2931 104

62 2937 133 2973 Rex
148 2938 296 2973 eruditus
315 2937 526 2979 miraculum,
841 2940 884 2971 28

65 2987 325 3030 Rhabmburmu,
816 2997 834 3031 3
842 2997 860 3033 7
866 2997 884 3019 2

65 3036 220 3071 Rhetores
237 3036 381 3083 antiqui,
820 3037 885 3078 148

63 3085 238 3120 Rhetorica
255 3098 273 3120 a
286 3085 449 3120 tironibus
475 3083 564 3120 haud
582 3082 801 3130 suscipienda,
830 3085 887 3119 62.

109 3134 275 3182 Sapientia
292 3134 440 3175 inferior,
474 3133 552 3179 169.
606 3133 694 3168 Finis
723 3132 759 3166 &
778 3133 886 3168 offici-

162 3183 258 3218 vos..
276 3183 304 3218 Ι.

996 241 1055 266 um
1072 229 1154 276 ejus,
1180 230 1257 268 ibid.
1309 232 1483 269 Virtutem
1514 232 1624 269 reddit
1639 234 1773 282 conspi-

997 290 1111 321 cuam,
1601 283 1682 330 Pag.
1705 295 1772 329 170

949 327 1128 363 Rhetorica
1154 330 1246 376 (vide
1262 330 1364 366 etiam
1378 331 1582 378 eloquentia,
1610 335 1770 376 oratoria)

997 377 1081 412 inter
1097 379 1307 415 dialeeticam
1324 380 1361 414 δε
1378 381 1552 428 politicam
1579 382 1624 416 ab
1639 381 1772 417 Aristo-

996 426 1060 462 tele
1075 427 1255 475 prudenter
1270 430 1444 471 collocata,
1467 442 1544 476 170.
1597 430 1773 466 Subvertit

994 476 1218 522 phantasiam,
1246 478 1325 513 ibid.
1378 479 1545 515 Virtutem
1578 479 1615 514 δε
1643 481 1771 515 bonum

993 524 1165 572 depingit,
1180 527 1258 563 ibid.
1287 528 1387 562 Illam
1402 528 1499 563 Plato
1512 529 1601 564 male
1613 529 1698 564 inter
1711 541 1771 564 vo-

993 573 1151 620 luptarias
1180 577 1370 619 collocavit,
1399 577 1477 612 ibid.
1529 578 1612 625 Ejus
1639 590 1770 626 appen-

994 623 1083 658 dices
1099 624 1163 659 live
1177 624 1373 667 desiderata,
1398 637 1473 671 171.
1525 627 1702 662 Rhetorica
1716 627 1769 662 so-

993 671 1162 718 phismata
1180 675 1223 708 ab
1241 674 1422 710 Aristotele
1439 675 1592 718 collecta,
1611 675 1689 711 ibid.
1728 675 1768 712 In

990 721 1096 756 tribus
1115 722 1318 765 claudicant,
1690 724 1768 760 ibid.

945 771 1051 815 Rigor
1068 770 1181 818 legum
1201 783 1297 807 caute
1317 773 1534 820 mitigandus,
1698 785 1766 819 253

943 819 1058 852 Robur
1075 820 1283 856 scientiarum
1304 823 1482 868 quomodo
1500 823 1667 865 consistat,
1719 834 1768 866 40

946 869 1066 902 Romae
1084 868 1183 904 status
1200 869 1416 913 feliciffimus,
1720 884 1768 918 50

944 917 1092 951 Romana
1106 919 1292 965 respublica
1305 920 1395 955 cives
1409 919 1544 967 profuse
1558 921 1685 969 recipit,
1695 932 1764 966 245

942 967 1083 1001 Romani
1098 967 1139 1002 ad
1160 968 1297 1016 imperii
1309 968 1496 1016 fastigium,
1511 969 1620 1005 donec
1632 970 1674 1005 ad
1687 971 1766 1005 arti-

992 1028 1049 1050 um
1068 1017 1216 1059 culmen,
1244 1030 1310 1053 non
1330 1029 1568 1065 pervenerunt,
1599 1031 1654 1065 34.
1695 1019 1765 1054 Re-

991 1065 1052 1099 bus
1067 1066 1222 1112 gerendis
1240 1069 1350 1114 magis
1367 1067 1482 1103 idonei
1501 1080 1606 1115 quam
1625 1068 1764 1110 Graeci,

996 1114 1072 1150 160.
1128 1116 1266 1150 Romani
1284 1116 1420 1164 imperii
1440 1117 1684 1152 incrementum
1703 1118 1762 1152 tri-

992 1164 1102 1198 buitur
1119 1165 1310 1211 prudentiae
1329 1178 1460 1212 regum,
1494 1178 1571 1213 193.
1622 1167 1764 1202 Romani

989 1212 1110 1248 ovibus
1123 1213 1257 1256 similes,
1284 1227 1323 1250 ex
1336 1224 1448 1249 mente
1460 1215 1595 1251 Catonis
1605 1215 1763 1261 censoris,

991 1272 1072 1307 215.
1125 1263 1265 1297 Romani
1297 1276 1365 1299 non
1384 1264 1414 1299 se
1429 1264 1639 1300 diffuderunt
1666 1265 1764 1312 super

989 1311 1194 1352 universum,
1212 1312 1266 1347 sed
1280 1313 1368 1347 orbis
1383 1312 1479 1361 super
1494 1314 1663 1356 Romanos,
1677 1325 1758 1359 245.

988 1359 1144 1407 Prompti
1162 1361 1203 1395 ad
1224 1362 1345 1397 auxilia
1363 1361 1528 1397 mittenda
1541 1363 1649 1405 sociis,
1678 1363 1760 1406 246.

989 1408 1149 1445 Celebres
1177 1410 1342 1458 triumphi
1361 1411 1397 1445 &
1425 1411 1572 1458 ingentes
1602 1411 1764 1447 militibus

985 1457 1195 1504 largitiones,
1207 1460 1298 1495 bello
1309 1459 1450 1495 feliciter
1460 1460 1568 1507 gesto,
1584 1472 1666 1508 247,
1680 1463 1762 1504 248.

986 1507 1095 1554 Apud
1113 1521 1167 1543 eos
1184 1520 1258 1544 mos
1276 1509 1522 1557 triumphandi,
1542 1512 1620 1555 248.
1672 1509 1762 1544 Con-

985 1555 1111 1591 tinebat
1128 1557 1274 1605 gloriam
1292 1558 1431 1601 ducum,
1457 1559 1576 1594 aerarii
1609 1558 1761 1606 locuple-

987 1605 1164 1648 tationem,
1185 1606 1221 1641 &
1235 1607 1396 1642 donativa
1412 1607 1578 1650 militum,
1591 1607 1665 1643 ibid.
1692 1608 1761 1642 Ro-

985 1665 1080 1688 mana
1092 1655 1287 1691 monarchia
1299 1655 1383 1691 inter
1394 1657 1589 1698 mundanas,
1604 1667 1641 1692 ut
1653 1656 1761 1692 credi-

986 1712 1052 1746 tur,
1079 1703 1212 1747 ustima,
1679 1705 1761 1742 ibid.

938 1751 1092 1787 Romulus
1108 1754 1239 1789 civibus
1257 1753 1321 1788 suis
1332 1753 1462 1801 legavit
1474 1767 1545 1790 rem
1560 1754 1758 1794 militarem,

1688 1803 1760 1845 246

938 1850 1040 1896 Rosae
1057 1851 1216 1887 serotinae
1230 1851 1404 1899 quomodo
1414 1852 1674 1901 comparandae,
1691 1853 1759 1895 146

938 1900 1072 1935 Rotatio
1089 1902 1279 1949 spontanea,
1688 1900 1759 1948 316

939 1948 1067 1996 Rubigo
1084 1950 1298 1986 metallorum
1316 1951 1358 1985 ab
1376 1951 1547 1986 emiffione
1565 1950 1759 1998 spirituum,

1711 2000 1753 2034 61

937 2047 1103 2082 Rubricae
1121 2048 1286 2095 sanguinis
1303 2062 1343 2084 ne
1361 2049 1469 2092 sunto,
1687 2012 1755 2094 {52

938 2097 1063 2132 Rumor
1079 2107 1296 2145 comparatur
1313 2099 1433 2140 ventis,
1687 2109 1759 2133 220

937 2146 1111 2181 Ruricolae
1127 2147 1234 2193 magis
1251 2147 1432 2184 secundum
1465 2156 1619 2182 naturam
1637 2148 1759 2183 vivunt

986 2206 1089 2242 quam
1108 2196 1240 2238 urbani,
1714 2198 1759 2242 85

1323 2296 1356 2331 S.

1014 2393 1150 2428 Literae
1167 2393 1324 2441 potestas,
1688 2403 1757 2438 345

1023 2443 1165 2478 Saburra
1186 2443 1282 2490 legis,
1689 2444 1757 2487 258

933 2492 1124 2526 saccharum
1143 2492 1226 2527 inter
1240 2490 1462 2538 frangendum
1474 2491 1572 2531 lucet,
1596 2491 1674 2537 136,
1689 2502 1755 2536 321

934 2562 983 2568 —-
996 2553 1120 2589 aquam
1152 2551 1208 2576 aut
1224 2541 1343 2576 vinum
1378 2540 1513 2576 attrahit
1545 2541 1579 2575 in
1615 2540 1758 2581 sursum,

933 2639 1083 2676 Sacerdos
1098 2639 1307 2687 AEgyptius
1317 2639 1436 2674 acriter
1447 2637 1642 2686 perstrinxit
1656 2599 1760 2674 Gige-

980 2701 1037 2725 cos
1054 2689 1087 2724 in
1106 2689 1244 2736 persona
1261 2688 1410 2731 Solonis,
1711 2698 1757 2733 47

937 2738 1153 2773 Sacerdotium
1170 2737 1265 2784 regni
1284 2737 1404 2780 rivale,
1714 2748 1759 2781 57

935 2789 1083 2834 Sagittae
1102 2787 1233 2834 ligneae
1244 2786 1310 2821 s1ne
1320 2786 1454 2835 cuspide
1468 2785 1573 2822 ferrea
1586 2786 1684 2822 altius
1697 2797 1758 2830 pe-

985 2846 1117 2872 netrant
1134 2837 1283 2883 lignum,
1313 2848 1394 2881 340.
1446 2836 1575 2871 Iterum
1591 2835 1685 2870 altius
1698 2847 1758 2881 pe-

984 2895 1117 2921 netrant
1133 2896 1233 2931 quarn
1252 2885 1276 2929 fi
1293 2884 1382 2920 ferro
1397 2895 1557 2926 armatae,
1689 2882 1758 2928 376

936 2936 1113 2982 Sagittatio
1131 2934 1352 2982 pulmonibus
1369 2934 1540 2975 convenit,
1693 2942 1761 2974 124

936 2985 993 3020 Sal
1010 2985 1042 3019 in
1060 2984 1256 3030 coquinaria
1272 2994 1386 3019 carnes
1401 2983 1528 3023 condit,
1558 2991 1634 3026 145.
1661 2979 1759 3028 Qid

985 3034 1018 3069 in
1037 3032 1364 3079 conglaciationibus
1382 3031 1612 3066 artificialibus
1623 3029 1757 3069 efficiat,

985 3081 1063 3118 ibid.
1103 3081 1199 3130 Qid
1214 3082 1246 3118 in
1260 3081 1518 3117 condensationc
1530 3078 1760 3119 metallorum,

1683 3127 1759 3162 ibid.

1328 3177 1365 3213 H
1380 3178 1400 3213 b
1413 3177 1434 3211 h

1645 3175 1665 3209 S
1668 3176 1761 3210 oliva
