2040 3465
229 186 813 252 'REDARGUTIO
864 199 1674 268 PHILOSOPHIARUM.

302 297 420 340 Felix
449 309 643 340 terrarum
662 301 824 356 praedo,
852 317 926 343 non
949 305 1048 345 utile
1075 307 1213 347 mundo

302 353 467 463 ἐβίω·
485 356 710 411 exemplum,
741 366 870 398 terras
885 368 947 399 tot
957 360 1062 414 posse
1067 361 1143 414 ficb
1158 376 1229 402 uno

376 423 396 449 e
419 424 519 450 vtro.

192 519 272 559 ΑΝ
300 521 336 559 δί
353 520 533 573 magister,
563 523 651 563 felix
674 523 871 576 dodirinae
890 527 1049 578 praedo?
1085 526 1236 567 Acerbe
1252 532 1360 577 illud,
1390 532 1450 570 sed
1475 546 1569 583 quae
1589 535 1745 586 sequunff

129 584 198 638 *tur
221 573 376 627 optime'.
435 580 558 617 Nullo
587 581 691 617 enim
709 581 830 619 modo
856 583 922 620 ille
943 579 1044 621 utilis
1070 585 1178 622 rebus
1200 584 1386 633 humanis,
1414 590 1481 637 qui
1511 599 1571 626 tot
1594 595 1741 636 corcaia

126 633 296 694 vingenia,
327 642 402 678 tot,
430 633 598 683 inquam,
630 636 745 673 libera
775 638 893 689 capita
925 639 964 676 in
996 638 1212 677 servitutem
1239 641 1436 691 redegerit.
1492 621 1639 693 ltaque?
1660 634 1739 694 fiiii,

131 685 181 723 de
196 699 302 740 eopia
322 688 433 725 vestra
449 688 592 727 audistis
606 701 720 739 quam
737 691 845 740 areca,
873 703 986 744 quam
1007 694 1052 730 ad
1073 705 1210 744 paucos
1231 696 1386 734 redacta.
1442 694 1608 738 Divitiae
1636 700 1740 740 enim

131 739 267 780 vestrae
296 741 382 781 sunt
401 755 610 796 paucorum
634 746 775 783 census.
833 748 892 785 De
908 749 1071 786 utilitate
1097 749 1173 795 jam
1196 751 1389 788 attendite.

183 796 258 835 Ar
287 806 402 846 quem
421 799 577 837 tandem
593 799 735 839 aditum
759 802 802 838 ad
828 813 975 840 mentes
998 805 1035 841 &
1050 803 1174 842 sensus
1192 805 1341 855 vestros,
1370 815 1452 844 non
1466 807 1590 846 dicam
1618 811 1736 862 impe-

121 851 311 915 trabimus
329 853 409 899 (vos
424 853 526 892 enim
543 855 734 905 benevoli)
755 856 813 894 sed
835 857 1015 896 struemus
1036 869 1100 897 aut
1126 859 1440 908 machinabimur,
1468 874 1524 900 res
1552 862 1736 913 siquidem

121 903 319 946 difficilis?
358 910 450 961 Quo
475 909 625 958 fomite,
657 923 730 960 qua
752 910 971 950 accensione
993 915 1125 951 lumen
1150 912 1259 951 nobis
1281 917 1458 953 innatum
1479 918 1720 959 excitabimus

124 962 241 1025 idque
267 975 288 1001 a
316 963 517 1015 praestigiis
545 965 699 1004 luminis
730 966 925 1005 adventitii
959 970 996 1005 &
1026 967 1136 1006 infusi
1167 969 1434 1008 liberabimus?
1475 972 1567 1023 Quo
1596 953 1734 1024 modo:

123 1028 293 1068 mquam,
322 1031 394 1056 nos
424 1020 531 1058 vobis
555 1020 738 1069 dabimus,
768 1033 810 1060 ut
836 1035 905 1061 vos
931 1023 1038 1062 vobis
1062 1023 1286 1062 reddamus?
1327 1025 1478 1063 Infinita
1507 1029 1732 1076 praejudicia

113 1071 217 1112 ‘faita
245 1073 343 1122 sunt,
374 1076 576 1126 opiniones
598 1076 754 1124 haustae,
783 1088 964 1128 receptae,
994 1077 1145 1128 sparsae.
1207 1079 1401 1130 Theologi
1427 1082 1548 1120 multa
1568 1079 1588 1120 ὲ
1611 1082 1731 1134 philo-

121 1127 254 1180 sophia
281 1129 344 1167 ista
365 1129 426 1167 sua
457 1130 638 1179 fecerunt,
668 1135 706 1171 ὃ(
734 1133 996 1184 speculativam
1019 1134 1207 1183 quandam
1229 1135 1274 1171 ab
1292 1144 1448 1184 utraque
1475 1136 1647 1175 dostrina
1667 1151 1730 1177 eo-

117 1189 377 1234 agmentatam
395 1186 661 1224 condiderunt.
717 1189 802 1226 Viti
823 1189 962 1235 civiles,
991 1188 1056 1237 qui
1077 1189 1123 1227 ad
1151 1188 1431 1227 existimationis
1450 1190 1534 1228 suae
1563 1192 1728 1232 frustum

116 1241 306 1289 pertinere
329 1250 474 1290 putant,
504 1252 545 1279 ut
570 1241 671 1280 docti
696 1242 915 1290 habeantur,
953 1246 1072 1282 multa
1096 1242 1234 1293 ubique
1262 1256 1306 1282 ex
1333 1245 1466 1282 eadem
1489 1245 1635 1299 serIptis
1655 1248 1726 1287 suis

115 1295 157 1353 &r
168 1294 399 1335 orationibus
414 1295 644 1347 inspergunt.
701 1299 825 1336 Etiam
839 1302 962 1344 voeeS,
990 1298 1071 1346 filii,
1102 1301 1138 1336 ὅ(
1154 1299 1264 1337 verba
1279 1311 1322 1337 ex
1337 1299 1538 1338 dictamine
1558 1303 1725 1346 ejusdem

112 1350 385 1405 Philosophiae,
415 1353 452 1389 &
472 1351 678 1391 seeundum
701 1354 778 1398 ejus
794 1353 1014 1405 praescripta
1036 1357 1072 1392 ὅ(
1094 1352 1239 1405 placita,
1268 1353 1429 1405 apposite
1447 1355 1605 1394 conficta
1624 1357 1722 1405 sunt,

100 1406 208 1463 ideo
226 1408 271 1445 'ut
298 1404 408 1444 simul
437 1418 479 1444 ac
505 1408 612 1457 loqui
637 1407 839 1446 didiceritis
865 1409 1030 1455 (felicem
1059 1410 1181 1446 dicam
1204 1421 1252 1446 an
1277 1409 1486 1459 infelicem)
1507 1410 1602 1448 hane
1621 1425 1722 1451 erro-

111 1475 200 1502 rum
221 1459 407 1500 Cabala'm
427 1462 576 1500 haurire
597 1466 632 1501 <Se
649 1464 835 1500 imbibere
858 1465 997 1502 nceess'e
1019 1464 1142 1502 fuerit.
1203 1466 1339 1515 Neque
1359 1464 1449 1502 haec
1463 1475 1614 1503 tantum
1629 1479 1720 1505 con-

110 1517 219 1557 sensu
241 1515 476 1567 singulorum
499 1518 656 1566 firmata,
687 1519 746 1556 sed
764 1519 988 1557 &institutis
1007 1520 1295 1566 academiarum,
1325 1521 1590 1570 collegiorum,
1620 1523 1720 1560 ordi-

110 1587 219 1622 num,
247 1573 325 1611 fete
342 1572 704 1624 rerumpublicarum
726 1576 842 1612 veluti
867 1575 1005 1612 sancita
1025 1575 1084 1612 cst.
1590 1610 1591 1613 ,

139 1630 293 1668 Ἠυῐο
327 1630 452 1677 itaque
481 1628 556 1673 jam
586 1626 709 1667 subito
744 1628 1031 1667 renunciabitis?
1067 1630 1106 1667 id
1143 1640 1192 1667 ne
1222 1629 1347 1668 sumus
1378 1630 1487 1669 vobis
1517 1630 1718 1669 authores?

104 1683 227 1736 Atqui
241 1696 327 1734 ego,
355 1683 436 1730 filii,
465 1682 539 1721 hoc
554 1696 635 1721 non
650 1684 808 1734 postulo,
840 1697 961 1735 neque
973 1684 1187 1729 hujusmodi
1201 1684 1458 1736 philosophiae
1473 1685 1607 1723 vestrae
1623 1687 1719 1724 frue-

107 1752 167 1778 tus
187 1752 331 1785 moror,
353 1749 415 1776 aut
431 1751 497 1776 eos
523 1739 631 1776 vobis
660 1739 860 1786 interdico,
888 1751 1011 1790 neque
1027 1741 1066 1776 in
1090 1738 1335 1777 solitudinem
1358 1740 1522 1788 aliquam
1538 1752 1606 1777 vos
1626 1741 1717 1779 abti-

102 1795 217 1849 pi'am.
273 1792 444 1834 Utimini
459 1793 695 1845 philosophia
718 1806 830 1843 qnam
848 1794 1000 1840 habetis,
1029 1793 1301 1845 disputationes
1329 1794 1458 1831 vestras
1479 1807 1520 1831 ex
1538 1795 1615 1838 ejus
1630 1796 1715 1834 ube-

102 1850 206 1888 ribus
235 1851 336 1896 alite,
365 1848 558 1886 sermones
578 1859 720 1896 ornate,
749 1848 935 1898 graviores
962 1849 1059 1898 apud
1082 1850 1214 1897 vulgus
1236 1847 1438 1885 hominum
1462 1848 1536 1885 hoe
1552 1849 1632 1897 ipso
1646 1863 1714 1888 no-

100 1908 208 1944 mine
222 1904 348 1943 estote.
409 1905 546 1953 Neque
567 1905 672 1941 enim
682 1903 918 1956 philosophia
934 1916 1018 1941 vera
1032 1903 1078 1940 ad
1098 1904 1188 1940 haee
1203 1904 1367 1941 multum
1383 1903 1484 1940 utilis
1499 1903 1607 1941 vobis
1618 1907 1689 1943 erit
1704 1921 1712 1943 :

100 1973 183 1999 non
212 1959 355 2011 praesto
381 1959 442 2006 est,
471 1971 542 1996 nec
567 1961 606 1996 in
634 1957 790 1997 transitu
824 1960 978 2009 eapitur,
1007 1970 1077 1995 nee
1104 1971 1146 1995 cx
1170 1958 1481 2008 praenotionibus
1507 1959 1715 1998 intellectui

99 2014 303 2062 blanditur,
333 2027 413 2052 non
430 2013 474 2051 ad
494 2014 596 2064 vulgi
610 2024 761 2064 captum
780 2012 861 2061 (nisi
876 2026 940 2064 per
956 2014 1158 2051 utilitatem
1174 2016 1211 2050 δε
1226 2015 1352 2063 opera)
1373 2012 1575 2050 descendit.
1632 2016 1715 2052 Ser-

96 2072 182 2110 vate
197 2071 323 2120 itaque
339 2072 374 2108 ὃ(
389 2069 493 2107 illam
503 2070 675 2116 alteram,
705 2072 741 2107 &
756 2078 870 2120 prout
885 2069 1138 2106 commodum
1153 2068 1256 2106 vobis
1271 2069 1354 2115 erit,
1384 2067 1555 2105 adhibete
1570 2081 1577 2105 :
1599 2078 1712 2118 atque

96 2126 205 2165 aliter
219 2138 308 2165 cum
334 2122 477 2171 natura,
507 2126 614 2162 aliter
638 2137 725 2162 eum
741 2125 887 2176 populo
902 2124 1165 2174 negotiamini.
1213 2125 1347 2162 Nemo
1363 2123 1467 2159 enim
1482 2121 1532 2160 est
1546 2125 1611 2172 qui
1625 2125 1711 2176 plus

97 2183 226 2220 multo
251 2193 365 2231 quam
395 2181 488 2217 alius
522 2181 605 2230 quis
634 2180 825 2229 intelligit,
855 2180 948 2231 quin
977 2179 1023 2216 ad
1054 2180 1180 2216 minus
1206 2179 1499 2228 intelligentem,
1527 2188 1710 2227 tanquam

92 2236 314 2288 personatus
329 2234 382 2282 sit,
413 2245 454 2273 ut
471 2235 505 2272 se
522 2245 640 2282 exuat,
671 2236 776 2272 alteri
787 2235 861 2272 det.
917 2234 1064 2272 Verum
1079 2234 1173 2272 illud
1187 2245 1254 2271 vos
1269 2232 1503 2270 familiariter
1518 2241 1589 2284 pro
1599 2236 1710 2272 m‘ore

94 2289 226 2339 nostro
246 2304 401 2338 moneo,
431 2288 568 2328 habete
579 2288 748 2328 Laidem
761 2286 958 2327 dummodo
971 2301 995 2326 a
1007 2285 1136 2327 Laide
1149 2299 1223 2327 non
1232 2285 1461 2325 habeamini.
1509 2287 1708 2340 Judicium'

90 2347 279 2392 sustinete,
307 2346 387 2384 aliis
409 2359 475 2383 vos
505 2347 601 2392 date,
632 2358 712 2382 non
733 2345 876 2386 dedite3
906 2347 943 2382 ὅ(
965 2356 1032 2382 vos
1054 2343 1274 2381 melioribus
1295 2343 1442 2380 servate.
1497 2344 1629 2391 Atque
1650 2345 1704 2381 vi·

91 2402 228 2446 demur
243 2404 369 2440 minus
384 2402 563 2450 quiddam
580 2402 686 2438 vobis
702 2403 912 2450 imponere,
941 2400 1044 2448 quod
1061 2399 1150 2436 haec
1165 2410 1260 2447 quae
1280 2399 1319 2435 in
1349 2397 1522 2434 manibus
1547 2398 1704 2440 habetis,

91 2457 158 2496 usu
176 2458 284 2495 vobis
303 2457 340 2494 ἃ
356 2457 504 2494 honore
519 2457 728 2494 manebunt
747 2470 753 2491 :
783 2455 945 2506 ideoque
964 2456 1140 2503 aequiore
1156 2454 1289 2491 animo
1302 2453 1434 2504 passuri
1450 2450 1541 2499 estis,
1569 2453 1704 2491 eadem·

91 2513 141 2551 de‘
154 2514 310 2551 veritate
322 2515 357 2549 ὅ(
373 2513 534 2549 utilitate
551 2510 588 2548 in
604 2512 763 2549 dubium
778 2513 917 2549 vocari.

108 2578 113 2582 ”
144 2569 329 2606 VERUM
357 2566 499 2605 etiamsi
515 2580 579 2603 vos
596 2569 741 2619 optime
762 2566 918 2603 animati
934 2563 1064 2610 effetis,
1093 2574 1134 2601 ut
1158 2575 1402 2612 quaeeunque
1421 2562 1596 2600 hactenus
1610 2561 1700 2600 didi-

89 2622 183 2661 cistis
201 2633 265 2661 aut
291 2622 505 2667 credidistis,
537 2623 662 2673 spretis
682 2620 940 2673 opinionibus,
970 2632 1011 2657 ae
1035 2621 1148 2657 etiam
1170 2619 1378 2656 rationibus
1402 2616 1523 2655 vestris
1537 2618 1702 2668 privatiS,

89 2680 150 2717 vel
167 2678 244 2716 hoc
264 2678 344 2727 ipso
361 2679 449 2715 loeo
471 2675 673 2726 deposituri
689 2674 774 2723 sitiS,
803 2676 925 2713 modo
947 2675 994 2713 de
1008 2677 1165 2713 veritate
1179 2673 1286 2711 vobis
1301 2673 1507 2713 constaret3
1535 2682 1701 2710 attamen

89 2734 159 2771 hae
178 2740 331 2783 quoquc
360 2746 402 2770 ex
428 2744 531 2785 parte
553 2732 766 2769 haeremus:
797 2743 921 2779 neque
943 2731 1123 2767 habemus
1142 2729 1219 2766 fere
1239 2740 1318 2775 quo
1337 2739 1407 2764 nos
1422 2738 1628 2768 vertamus;
1658 2738 1699 2765 ut

87 2789 204 2826 fidem
222 2787 327 2825 vobis
351 2790 402 2825 rei
432 2800 508 2825 tam
531 2788 746 2838 inopinatae
762 2788 798 2823 ὅ(
814 2797 935 2823 novae
964 2785 1152 2822 faciamus
1212 2784 1328 2820 Certe
1355 2781 1615 2832 disputationis
1638 2784 1697 2819 lex

87 2845 237 2894 penitus
258 2842 395 2880 sublata
412 2842 472 2889 est,
502 2854 589 2879 eum
605 2842 651 2878 de
668 2840 859 2891 principiis
877 2841 987 2878 nobis
1002 2839 1195 2877 vobiscum
1209 2849 1289 2875 non
1303 2838 1517 2876 conveniat.
1574 2835 1698 2873 Etiam

89 2900 169 2949 spes
184 2897 347 2944 ejusdcm
369 2897 529 2949 praecisa
545 2897 604 2944 est,
633 2895 718 2946 quia
738 2896 783 2932 de
806 2893 1187 2932 demonstrationibus
1217 2905 1309 2942 quac
1326 2904 1428 2930 nunc
1452 2894 1492 2928 in
1513 2891 1578 2929 usu
1600 2890 1697 2936 sunt,

89 2952 276 2992 dubitatio
304 2954 436 2997 injesta
460 2951 520 2999 est,
553 2962 666 3001 atque
689 2950 874 2988 accusatio
896 2949 1070 2998 suscepta.
1124 2949 1256 2997 Atque
1279 2948 1353 2985 hoc
1373 2948 1589 2984 animorum
1609 2945 1701 2983 statu
1734 2975 1741 2983 ,

88 3010 223 3047 veritas
237 3008 311 3059 ipfix
327 3009 432 3045 vobis
450 3020 531 3045 non
551 3017 637 3044 tuto
653 3004 920 3043 committitur.
978 3006 1105 3053 ltaque
1122 3003 1331 3041 intelleetus
1354 3002 1467 3039 vester
1486 3011 1698 3050 praeparan-

87 3065 155 3102 dus
169 3073 371 3110 antequam
387 3062 591 3103 docendus,
621 3061 738 3099 animi
763 3059 913 3099 sanandi
940 3070 1141 3108 antequam
1163 3056 1354 3097 exercendi
1373 3057 1469 3102 sunt,
1500 3067 1582 3092 area
1597 3054 1699 3092 deni-

142 3119 251 3156 VoL.
285 3120 310 3155 L
882 3114 905 3136 *²
928 3115 955 3151 E
974 3127 991 3148 ιτ
1627 3120 1701 3157 qne

1827 240 1929 293 109
