2040 3439
110 221 212 275 Lib.
244 221 308 268 ΙΙ
535 221 838 270 NOVUM
908 219 1336 268 ORGANUM.

110 316 399 366 heterogeneae,
376 312 499 350 oroffo
514 313 659 350 modo
650 316 885 367 incorporari
907 316 943 352 ὅ(
957 315 1213 358 commisceri3
1243 318 1406 356 maxime
1428 327 1553 357 autem
1575 333 1723 372 compa

108 383 173 421 ges
192 380 400 419 corporum
421 366 589 420 compos
592 379 723 407 torum
742 373 778 407 ὅ(
794 368 1005 407 subtiliores
1021 370 1304 410 schematismos
1317 373 1452 411 destrui
1475 377 1511 412 ὅ(
1527 376 1723 415 confundi.

108 425 328 464 Debuerant
350 433 478 460 autem
502 423 651 475 opificia
682 426 817 462 caloris
841 424 992 462 lenioris
1004 426 1138 463 tentari
1154 428 1190 464 &
1205 427 1367 478 exquiri,
1396 431 1497 467 unde
1513 430 1723 470 subtiliores

109 478 281 519 misturae
305 480 342 517 ὃ(
365 478 617 516 schematismi
640 481 804 517 ordinati
821 479 923 531 gigni
954 477 1097 533 possmt
1117 483 1153 518 ὅ(
1170 482 1290 530 educi,
1320 484 1364 521 ad
1384 487 1600 535 exemplum
1615 498 1722 525 natu-

99 547 182 588 rae,
213 536 250 571 ὅ(
272 532 530 571 imitationem
547 546 706 584 operum
737 534 841 577 solis;
869 536 1194 587 quemadmodum
1216 538 1255 574 in
1279 538 1499 588 aphorismo
1522 541 1569 578 de
1589 543 1722 580 instan-

108 589 170 629 tiis
199 587 359 626 foederis
386 589 569 650 quaedam
593 589 906 628 adumbravimus.
967 590 1126 643 Opificia
1155 593 1259 628 enim
1288 603 1441 632 naturae
1468 594 1720 646 transiguntur

100 658 174 707 per
199 645 319 694 longe
344 645 514 681 minores
536 646 748 694 portiones,
778 649 815 684 ὅ(
834 645 1013 696 posituras
1034 645 1151 696 magis
1173 645 1364 696 exquisitas
1387 651 1424 686 ὅ(
1449 652 1576 698 varias,
1606 665 1721 701 quam

96 697 254 753 opificia
277 698 386 749 ignis,
414 709 529 751 prout
553 712 656 738 nunc
679 701 884 739 adhibetur
942 703 1045 739 Tum
1061 714 1153 739 vero
1167 700 1334 741 videatur
1354 703 1476 742 homo
1496 717 1623 745 revera
1637 719 1720 745 auc-

93 765 170 808 tus
188 752 389 806 ffpotestate
418 752 443 791 fi
470 766 536 804 per
563 757 704 793 calores
732 758 770 794 ὅ(
803 757 990 806 potentias
1015 756 1221 794 artificiales
1250 769 1361 808 opera
1395 769 1547 798 naturae
1576 759 1720 814 poffint

95 800 228 865 specie
262 809 541 861 repraesentari,
569 810 707 849 virtute
738 812 879 863 perfici,
909 813 1017 861 copia
1045 811 1191 848 variari:
1229 812 1374 864 Quibus
1398 815 1534 853 addere
1566 828 1721 868 oportet

106 860 422 916 accelerationem
450 867 644 915 temporis.
701 867 805 906 Nam
836 865 971 916 rubigo
997 865 1083 904 ferri
1113 868 1235 916 longo
1260 877 1433 920 ternpore
1461 873 1646 919 procedit,
1683 884 1720 910 at

84 919 227 971 ‚verso
250 922 292 958 in
319 932 474 958 crocum
500 919 626 958 martis
655 920 799 962 subit03
829 924 865 959 ὅ(
891 920 1056 958 fimilitcr
1077 922 1123 958 de
1152 924 1329 971 aerugine
1353 926 1391 960 ὃ(
1419 926 1566 962 ceruss'a.
1624 928 1720 976 Cry-

82 968 253 1018 stallum
277 975 398 1025 longo
428 986 603 1028 tempore
617 976 828 1025 conficitur,
856 975 994 1014 vitrum
1011 975 1134 1014 subito
1157 977 1355 1015 conflatur
1413 979 1569 1029 Lapides
1597 982 1689 1032 lon‹
1676 995 1719 1018 o

99 1030 545 1083 temporeconereseunt,
556 1031 685 1069 lateres
696 1031 820 1069 subito
842 1042 1072 1081 coquuntur,
1102 1034 1170 1069 ἃς.
1202 1034 1361 1070 Interim
1379 1032 1505 1083 (quod
1521 1048 1625 1074 nunc
1644 1039 1718 1086 agi-

94 1085 184 1138 tur)
214 1098 349 1124 omnes
369 1084 591 1124 diversitates
617 1088 751 1125 caloris
766 1099 854 1124 cum
877 1086 1069 1124 effectibus
1088 1086 1159 1124 suis
1187 1087 1383 1137 respective
1398 1089 1597 1139 diligenter
1613 1094 1673 1130 &
1665 1105 1720 1130 in—

96 1142 242 1185 dustrie
256 1140 423 1190 undique
439 1141 523 1178 sunt
539 1141 626 1179 colli
618 1143 772 1192 gendae
788 1145 824 1180 δ(
840 1142 1106 1190 exquir-:entiae
1138 1143 1383 1190 Coeleffium,
1413 1156 1479 1195 per
1494 1146 1618 1183 radios
1634 1147 1719 1184 1uos

80 1191 278 1243 λἑεῑίιτῑᾶοε),
309 1197 477 1243 reflexos,
507 1196 694 1245 resi-aeros,
724 1201 760 1235 ὅ(
785 1196 911 1235 unitos
940 1199 979 1234 in
996 1196 1148 1247 speculis
1170 1199 1503 1236 comburentibus:
1533 1202 1716 1251 Fulguris,

105 1253 293 1299 flammae,
323 1253 420 1302 ignis
448 1252 676 1294 earbonum3
707 1252 801 1302 ignis
821 1265 863 1289 ex
884 1251 1031 1289 diversis
1048 1254 1228 1293 materiis3
1260 1253 1353 1302 ignis
1381 1256 1510 1303 aperti,
1540 1256 1716 1304 conclufi,

105 1306 283 1358 angustati
313 1309 350 1344 ὃς
374 1307 604 1354 inundantis,
632 1307 792 1356 denique
817 1320 883 1358 per
904 1307 1060 1344 diversas
1079 1308 1234 1344 fabricas
1248 1308 1462 1346 fornacium
1491 1310 1716 1358 qualificati3

104 1364 205 1413 ignis
217 1362 308 1400 flatu
329 1363 452 1409 exciti,
481 1361 596 1413 quieti
613 1364 649 1399 ὅ(
665 1374 746 1400 non
763 1364 890 1403 exeiti3
919 1361 1018 1412 ignis
1033 1363 1078 1399 ad
1094 1363 1279 1407 majorem
1296 1373 1358 1400 aut
1380 1366 1571 1402 minorem
1588 1365 1717 1404 distan-

105 1419 201 1467 tiam
214 1418 373 1458 remoti;
402 1418 500 1467 ignis
509 1429 575 1467 per
590 1416 687 1455 varia
697 1417 818 1455 media
833 1419 1079 1468 permeanti53
1108 1419 1279 1455 calorum
1295 1417 1556 1466 humidorum,
1586 1432 1626 1458 ut
1643 1423 1716 1458 bal-

85 1474 169 1521 “nei
184 1471 338 1519 Mariae,
367 1471 460 1519 fimi,
489 1471 619 1509 caloris
634 1474 856 1510 animalium
871 1485 936 1522 per
952 1472 1120 1520 exterius,
1148 1471 1281 1510 caloris
1295 1475 1518 1511 animalium
1537 1487 1602 1524 per
1619 1478 1712 1514 inte-

72 1562 78 1566 .
104 1529 192 1576 rius,
220 1527 326 1566 foeni
342 1525 526 1569 conclufi3
554 1529 726 1565 calorum
740 1529 942 1574 aridorum,
962 1529 1110 1574 cineris,
1131 1528 1249 1576 calcis,
1269 1540 1398 1565 arenae
1413 1529 1578 1579 tepidae3
1608 1531 1711 1569 deni-

76 1630 82 1633 *
102 1595 179 1633 que
205 1583 377 1620 calorum
400 1582 557 1626 cujusvis
576 1584 724 1632 generis
741 1595 831 1620 cum
857 1582 1030 1633 gradibus
1046 1595 1193 1620 eorum.

157 1639 257 1676 PRA
269 1647 445 1675 ECIPUE
474 1649 567 1675 vero
581 1639 759 1675 tentanda
783 1636 1036 1687 estinquifitio
1052 1640 1088 1675 ὅ(
1103 1639 1277 1675 inventio
1299 1637 1503 1676 effestuum
1519 1641 1555 1677 &
1572 1639 1717 1690 opifici-

103 1705 216 1739 orutn
243 1692 377 1730 caloris
397 1692 604 1730 accedentis
620 1694 657 1730 ὅ(
673 1693 891 1740 recedentis,
921 1691 1129 1742 graduatim
1151 1695 1188 1730 δ(
1207 1694 1428 1741 ordinatim,
1456 1696 1493 1732 ὅ(
1515 1695 1717 1744 periodice,

104 1751 222 1799 &per
244 1747 370 1785 debita
398 1746 520 1797 spatia,
551 1749 589 1784 ὅ(
614 1760 749 1785 moras.
808 1748 873 1785 Ista
902 1747 1004 1785 enim
1030 1748 1269 1799 inaequalitas
1298 1748 1470 1786 ordinata
1493 1762 1617 1788 revera
1643 1750 1717 1788 filia

103 1804 203 1842 coeli
235 1803 295 1848 est,
325 1804 362 1840 ὃς
385 1801 636 1851 generationis
655 1812 795 1840 mater:
826 1805 964 1851 Neque
987 1815 1007 1840 a
1022 1804 1146 1840 calore
1169 1814 1232 1840 aut
1247 1803 1474 1850 vehementi,
1501 1815 1565 1842 aut
1579 1805 1716 1857 praeci

104 1857 185 1909 piri,
213 1867 276 1896 aut
291 1856 532 1903 subiultorio,
560 1858 703 1906 aliquid
722 1859 851 1907 magni
875 1858 1144 1920 expectandum
1161 1857 1219 1895 est.
1277 1859 1431 1895 Etenim
1455 1861 1492 1895 &
1516 1860 1554 1896 in
1571 1870 1716 1910 vegeta-

104 1913 240 1952 bilibus
265 1912 341 1950 hoc
368 1889 709 1950 manifeslissimum
734 1913 802 1954 ests
831 1923 942 1961 atque
967 1914 1082 1949 etiam
1111 1911 1150 1949 in
1184 1914 1299 1950 uteris
1332 1912 1550 1951 anImalium
1579 1926 1716 1964 magna

103 1969 152 2007 est
167 1968 299 2007 caloris
314 1966 566 2017 inaequalitas,
593 1980 635 2004 ex
652 1978 774 2014 motu,
806 1968 956 2014 somno,
985 1966 1332 2005 alimentationibus
1350 1970 1386 2005 ὅ(
1401 1965 1628 2019 passionibus
1638 1970 1716 2007 toe-

102 2025 314 2073 tricliarum,
345 2035 439 2072 quae
463 2032 612 2060 uterum
633 2023 793 2073 gestant3
821 2022 983 2071 denique
1003 2024 1043 2059 in
1060 2020 1140 2074 ipsis
1158 2021 1374 2060 matricibus
1387 2033 1516 2070 terrae,
1544 2025 1589 2061 iis
1603 2025 1715 2061 nimi-

102 2091 188 2117 rum
205 2081 246 2116 in
261 2078 397 2127 quibus
419 2079 571 2115 metalla
586 2080 623 2115 &
643 2074 781 2115 foslilia
802 2077 1066 2124 efformantur,
1096 2078 1227 2114 locum
1242 2077 1353 2115 habet
1374 2080 1410 2115 δε
1426 2077 1524 2128 viget
1540 2078 1602 2116 ista
1617 2080 1715 2116 inae-

103 2133 269 2182 qualitas.
327 2135 419 2185 Quo
442 2134 558 2182 magis
574 2134 741 2170 notanda
766 2133 814 2170 est
828 2131 972 2170 inscitia
991 2132 1206 2182 aliquorum
1222 2133 1522 2181 alchymistarum
1538 2145 1580 2170 ex
1596 2134 1715 2171 refor-

102 2191 224 2236 matis,
254 2189 318 2238 qui
347 2200 413 2237 per
438 2189 579 2225 calores
608 2189 817 2238 aequabiles
843 2188 1071 2238 lampadum,
1101 2190 1138 2225 ὃς
1160 2187 1390 2235 hujusmodi,
1420 2199 1604 2238 perpetuo
1633 2201 1714 2226 uno

43 2287 56 2292 ψ
103 2253 238 2282 tenore
261 2243 486 2289 ardentium,
515 2242 551 2280 se
571 2243 651 2281 voti
680 2253 877 2295 compotes
894 2243 977 2280 fore
1005 2243 1273 2280 existimarunt.
1330 2242 1461 2292 Atque
1490 2244 1537 2280 de
1557 2243 1713 2293 opificiis

101 2301 140 2336 ὂ(
161 2298 353 2337 effee‘tibus
380 2299 513 2335 caloris
533 2298 623 2335 haec
651 2297 746 2336 dieta
768 2296 850 2335 fint.
906 2300 1045 2347 Neque
1067 2308 1160 2335 vero
1179 2298 1441 2349 tempestivum
1466 2299 1515 2335 est
1534 2297 1595 2336 illa
1610 2300 1712 2348 peni-

100 2363 161 2392 tus
177 2353 341 2400 scrutari,
371 2363 573 2402 antequam
586 2365 713 2391 rerum
729 2354 876 2390 formae
892 2355 928 2391 ὅ(
943 2364 1148 2403 corporum
1166 2351 1412 2390 schematismi
1442 2352 1593 2390 ulterius
1607 2353 1712 2391 inve-

100 2408 218 2459 stigati
232 2409 386 2455 fuerint,
417 2409 454 2445 ὃ(
469 2409 509 2445 in
525 2409 649 2446 lucem
664 2409 886 2459 prodierint.
942 2410 1047 2446 Tum
1067 2409 1172 2445 enim
1187 2408 1397 2456 quaerenda
1412 2409 1447 2444 δε
1464 2408 1710 2458 adoperanda,

101 2466 138 2501 &
155 2465 312 2514 aptanda
337 2463 423 2501 sunt
444 2462 699 2511 instrumenta,
729 2464 883 2512 quando
913 2463 960 2500 de
983 2463 1253 2513 exemplaribus
1274 2461 1488 2500 constiterit.

154 2521 266 2572 QUA
278 2530 402 2557 Rrus
432 2519 569 2556 modus
584 2520 765 2569 operandi
786 2517 834 2555 est
848 2530 913 2569 per
933 2529 1093 2565 moram,
1123 2530 1218 2566 quae
1234 2528 1331 2555 certe
1347 2520 1384 2555 ὅ(
1398 2529 1554 2567 promus
1568 2519 1606 2555 ὅ(
1620 2529 1711 2555 con-

100 2574 169 2612 dus
184 2585 336 2612 naturae
355 2574 416 2620 est,
447 2576 483 2610 ὃ(
499 2575 684 2624 quaedam
712 2572 958 2624 dispensatrix.
1018 2573 1174 2610 Moram
1189 2574 1430 2624 appellamus,
1459 2584 1548 2610 cum
1571 2584 1709 2622 corpus

99 2628 254 2680 aliquod
282 2628 347 2667 fibi
366 2627 598 2679 permittitur
623 2630 667 2666 ad
684 2639 832 2679 ternpus
855 2628 1036 2676 notabile,
1064 2630 1260 2665 munitum
1283 2627 1436 2665 interim
1461 2626 1708 2666 &defensum

99 2685 146 2722 ab
161 2684 282 2733 aliqua
316 2686 353 2723 vi
377 2695 540 2721 externa.
597 2686 701 2721 Tum
726 2683 830 2721 enim
859 2694 987 2721 motus
1001 2682 1164 2721 intestini
1193 2682 1229 2720 se
1244 2684 1411 2733 produnt
1443 2684 1480 2720 ὅ(
1497 2681 1707 2734 perficiunt,

57 2767 60 2770 -
97 2751 187 2777 cum
200 2750 328 2778 motus
343 2741 507 2777 extranei
524 2741 559 2775 ὃς
569 2739 765 2777 adventitii
777 2738 923 2776 cessant.
980 2739 1106 2790 Opera
1119 2749 1247 2775 autern
1262 2740 1389 2776 aetatis
1399 2737 1482 2776 sunt
1497 2739 1612 2798 longe
1627 2737 1707 2775 sub-

98 2795 225 2832 tiliora
246 2807 359 2847 quam
385 2793 489 2844 ignis
548 2795 686 2842 Neque
703 2796 808 2831 enim
823 2790 936 2844 poffit
956 2793 1035 2830 fieri
1051 2794 1133 2830 talis
1148 2792 1363 2830 clarificatio
1381 2792 1459 2830 vini
1478 2804 1544 2842 per
1563 2792 1704 2842 ignem,

98 2848 213 2897 qualis
226 2849 267 2887 fit
282 2862 348 2902 per
371 2861 541 2886 moram
532 2873 543 2891 ‚
573 2861 696 2900 neque
715 2851 829 2887 etiam
848 2847 1137 2886 incinerationes
1152 2860 1217 2898 per
1232 2847 1362 2898 ignem
1381 2858 1460 2886 tam
1477 2848 1563 2886 lunt
1583 2849 1707 2895 exqui-·

100 2901 183 2941 sitae
185 2918 317 2956 ,quam
335 2903 962 2956 resolutiones&comtumptiones
971 2915 1036 2953 per
1047 2903 1198 2941 saecula.
1254 2904 1580 2955 Incorporationes
1595 2905 1708 2940 etiam

101 2961 137 2995 &
167 2961 357 2999 mistiones
382 2959 522 2998 lubitae
551 2961 587 2996 ὅ(
608 2958 867 3011 praecipitatae
898 2970 964 3010 per
988 2960 1132 3009 ignem,
1160 2960 1277 3009 longe
1306 2958 1501 2996 inferiores
1517 2958 1601 2996 sunt
1625 2955 1706 3002 illis,

1615 3022 1709 3062 quae

1814 228 1912 289 389
