2040 3439
122 211 148 259 (a)

161 188 182 242 to*

626 150 957 235 NiovuM
1028 180 1551 234 ORGANUM‘·
1726 174 1957 234 Liuiis-³

643 293 719 334 Ad
739 292 927 333 decimam
934 290 1159 344 fiptimam,
1188 290 1370 345 vicestma
1401 295 1536 335 tertia.
1655 293 1657 296 ’
1875 286 1878 289 ’
1923 301 1925 304 ’
1950 288 1953 289 ’

345 374 513 412 Cinea
532 371 628 408 lianc
643 367 853 406 instantiam
876 367 1047 405 facienda
1075 366 1124 403 est
1145 365 1337 416 inquisitio
1355 368 1589 418 diligentior.
1646 364 1836 409 Videntur
1870 369 1945 420 ci:-

288 430 371 467 nim
392 429 526 466 herbae
548 428 585 462 &
606 423 824 473 vegetabilia
844 423 976 460 viridia
997 424 1035 460 &
1054 421 1370 476 liuniidaaliquid
1389 424 1525 462 habere
1553 423 1592 461 in
1623 424 1658 462 se
1680 427 1820 463 occulti
1848 441 1907 466 ca-

287 486 390 522 loris.
445 483 512 519 Ille
532 492 624 518 vero
649 480 751 517 calor
771 489 850 516 tam
869 479 994 515 tenuis
1013 477 1074 524 est,
1103 487 1144 514 ut
1174 478 1216 515 in
1243 475 1394 528 singulis
1426 491 1508 516 non
1530 479 1754 532 percipiatur
1774 483 1819 519 ad
1854 494 1905 521 ta-

287 541 416 577 ctum:
444 538 591 575 Verum
616 533 811 584 postquam
834 532 897 570 illa
920 533 1080 570 adunata
1102 530 1173 570 fint
1205 535 1242 570 &
1270 533 1459 581 conclusa,
1488 544 1530 572 ut
1559 533 1708 585 spiritus
1736 535 1908 587 ipsorum

287 606 370 633 nou
396 593 540 642 expiret
561 590 601 628 in
623 594 762 637 aerem,
792 589 854 627 sed
879 587 915 626 se
943 587 1107 626 invicem
1134 587 1261 626 foveat
1276 605 1291 631 ,ς
1319 599 1404 626 tum
1437 601 1530 627 vero
1549 592 1671 629 oritur
1705 594 1809 629 calor
1827 605 1942 642 mai-¹„-

287 645 454 695 nifcstus,
483 650 520 685 ὃ(
536 657 815 695 nonnunquam
843 643 998 682 flamma
1023 641 1064 680 in
1091 641 1248 681 materia
1270 656 1448 695 congrua.

1860 739 1862 741 -
1890 718 1945 752 ι.ῑέ

656 737 730 778 Ad
754 736 942 776 decimam
963 736 1157 785 mamm,
1185 735 1366 789 vicesima
1389 745 1544 791 quarta.
1868 784 1870 786 ‚
1916 773 1941 806 {x

341 819 513 865 ETIAM
542 817 640 855 circa
659 814 756 853 hanc
779 812 991 851 instantiam
1011 813 1233 864 diligentior
1252 812 1422 850 facienda
1437 812 1485 850 est
1505 807 1707 863 inquisitio.
1743 811 1936 862 Viderunt

286 875 391 912 enim
411 875 488 910 calx
503 873 598 920 viva,
626 882 721 919 aqua
734 867 872 922 aspersa
887 870 1087 919 concipere
1101 869 1278 914 calorem,
1312 869 1371 907 vel
1393 879 1545 918 propter
1561 868 1744 906 unionem
1757 871 1916 921 caloris,->
1932 898 1935 907 .

286 931 353 978 qui
374 938 482 966 antea
505 924 783 972 distrahebatur,
815 925 870 972 (ut
888 934 975 961 ante
1004 924 1149 961 dietum
1169 923 1219 960 est
1237 923 1285 961 de
1305 922 1427 961 herbis
1451 923 1660 972 conclusis)
1691 927 1749 963 vel
1778 927 1830 964 ob
1851 929 1938 971 ‚ii-22:

286 983 505 1022 ritationem
529 982 567 1018 ὅτ.
591 980 911 1032 exasperationem
929 978 1075 1031 spiritus
1101 980 1204 1029 ignei
1221 979 1266 1016 ab
1287 990 1394 1028 aqua,
1424 989 1465 1017 ut
1485 979 1547 1017 fiat
1577 979 1728 1028 quidam
1750 982 1904 1031 conflic-

287 1050 347 1078 tus
375 1041 413 1076 &
437 1034 698 1087 antipcristafis.
757 1036 859 1075 Utra
884 1047 975 1071 vero
1003 1047 1060 1072 res
1087 1032 1129 1071 fit
1162 1036 1202 1071 in
1232 1033 1348 1079 causa,
1379 1034 1520 1072 facilius
1543 1036 1744 1086 apparebit,
1773 1035 1904 1077 filoco

288 1088 405 1143 aquae
433 1093 660 1130 immittatur
677 1091 820 1127 oleum.
877 1090 1022 1127 Oleum
1037 1091 1143 1126 enim
1166 1101 1283 1137 aeque
1305 1101 1346 1126 ac
1368 1102 1463 1138 aqua
1487 1091 1624 1128 valebit
1645 1092 1691 1128 ad
1715 1093 1903 1138 unionem

284 1150 430 1199 spiritus
451 1146 591 1193 inclusi,
622 1146 682 1183 sed
707 1158 788 1182 non
812 1145 857 1182 ad
882 1144 1145 1182 irritationem.
1201 1143 1324 1182 Etiam
1355 1144 1569 1183 faciendum
1595 1145 1645 1183 est
1672 1149 1932 1196 experimen-⁴„u

284 1215 369 1245 tum
397 1203 504 1241 latius
535 1213 612 1239 tam
637 1203 677 1238 in
712 1201 900 1237 cineribus
926 1202 963 1237 δε
992 1200 1153 1238 calcibus
1175 1198 1410 1237 diversorum
1439 1213 1658 1252 corporum,
1687 1213 1803 1251 quam
1824 1196 1930 1254 ,pegj

283 1255 562 1297 immiffionem
582 1255 818 1296 diversorum
848 1257 1054 1307 liquorum.

672 1348 748 1389 Ad
767 1347 955 1387 decimam
979 1360 1131 1395 nonam,
1161 1344 1341 1399 vicesima
1368 1349 1520 1402 quinta⁶

336 1428 466 1464 Huic
494 1423 685 1463 instantiae
718 1422 955 1472 subjungitur
985 1423 1157 1471 negativa
1185 1422 1350 1459 aliorum
1389 1422 1648 1469 metallorum,
1691 1434 1787 1471 quae
1813 1424 1918 1469 suut,

284 1481 401 1531 magis
419 1483 552 1518 mollia
577 1484 613 1518 ὅ(
643 1480 750 1517 fluxa.
807 1479 960 1515 Etenim
990 1477 1198 1515 bracteolae
1222 1476 1303 1514 auri
1337 1476 1478 1514 solutae
1501 1479 1542 1514 in
1569 1476 1757 1527 liquorem
1773 1490 1840 1528 per
1864 1493 1901 1518 a·

283 1549 398 1587 quam
417 1539 524 1587 regis,
554 1537 705 1574 nullum
723 1534 813 1571 dant
838 1535 1003 1571 calorem
1029 1533 1075 1569 ad
1103 1532 1245 1569 tartum
1275 1533 1316 1569 in
1336 1531 1606 1570 dissolutione:
1635 1545 1759 1581 neque
1774 1532 1901 1573 fimili-

282 1604 342 1631 ter
368 1593 571 1643 plumbum
593 1593 634 1628 in
661 1602 755 1639 aqua
777 1590 880 1626 forti.
937 1590 1075 1636 Neque
1104 1588 1218 1624 etiam
1238 1598 1438 1636 argentum
1460 1589 1600 1634 vivum,
1633 1588 1688 1635 (ut
1706 1589 1898 1640 mcmiui‚)

280 1640 344 1686 sed
373 1658 572 1697 argentum
595 1646 716 1697 ipsum
735 1655 870 1697 parum
889 1642 1022 1680 excitat
1043 1641 1185 1689 caloris,
1211 1653 1325 1691 atque
1345 1643 1458 1680 ctiam
1482 1655 1654 1694 cuprum,
1687 1642 1747 1693 (ut
1764 1648 1899 1687 memi-

280 1701 352 1752 ni,)
382 1703 445 1740 sed
464 1704 582 1752 magis
607 1700 805 1738 manifesto
834 1697 1018 1745 stannum,
1048 1709 1161 1746 atque
1187 1699 1366 1735 omnium
1397 1699 1561 1735 maxime
1585 1698 1727 1736 ferrum
1751 1701 1789 1738 ὅ(
1814 1701 1899 1747 cha—

278 1759 387 1807 lybs;
417 1769 510 1807 quae
530 1769 611 1794 non
631 1756 755 1794 solum
788 1754 929 1792 fortem
951 1755 1113 1791 excitant
1140 1754 1307 1790 calorem
1335 1754 1377 1789 in
1404 1752 1659 1800 dissolutione,
1688 1752 1752 1791 sed
1772 1754 1914 1805 etiam,-

279 1815 488 1851 violentam
512 1813 790 1849 ebullitionem.
846 1811 975 1857 Itaque
1004 1807 1150 1847 videtur
1182 1809 1285 1844 calor
1309 1807 1389 1845 fieri
1412 1820 1477 1857 per
1504 1807 1737 1856 conflictum,
1757 1821 1849 1848 cum.
1863 1824 1913 1852 aa*

279 1881 374 1917 quae
404 1868 522 1905 fortes
550 1876 748 1919 penetrant
778 1868 815 1903 ὃς
834 1865 1002 1909 fodiunt,
1034 1866 1071 1901 ὅ(
1097 1862 1280 1900 divellunt
1309 1873 1429 1914 partes
1454 1865 1636 1914 corporis,
1666 1865 1703 1901 ὅ(
1739 1876 1898 1916 corpora

278 1923 352 1974 ipsa
374 1921 553 1962 resistunt.
611 1922 696 1962 Ubi
726 1933 817 1960 vcro
845 1931 1003 1969 corpora
1032 1919 1176 1956 facilius
1202 1918 1354 1965 cedunt,
1383 1920 1444 1957 vix
1460 1917 1638 1956 excitatur
1656 1919 1768 1958 calor.

723 2012 799 2053 Ad
821 2010 1052 2064 vicesimam,
1088 2009 1268 2062 vicesima
1288 2011 1424 2064 sexta.

332 2088 534 2127 CALORI
563 2086 786 2123 animalium
802 2085 905 2122 nulla
934 2084 1171 2133 subjungitur
1187 2085 1370 2133 negativa,
1400 2081 1465 2120 nisi
1485 2081 1715 2122 insectorum
1742 2084 1797 2132 (ut
1823 2084 1905 2135 dic?

277 2154 361 2181 tum
386 2140 451 2191 est)
482 2141 534 2179 ob
560 2142 778 2191 parvitatem
809 2141 989 2189 corporis.
1046 2140 1200 2176 Etenim
1229 2140 1270 2176 in
1292 2138 1452 2190 piscibus
1474 2140 1622 2176 collatis
1647 2140 1692 2177 ad
1721 2134 1896 2191 animalia>

275 2199 456 2236 terrestria
482 2195 601 2246 magis
637 2205 791 2233 notatur
830 2195 964 2245 gradus
995 2195 1140 2241 caloris,
1183 2206 1297 2245 quam
1326 2192 1495 2245 privatio.
1549 2195 1594 2232 In
1628 2195 1901 2246 vegetabilibus

278 2264 403 2292 autem
435 2255 471 2291 ὅ(
499 2253 646 2304 plantis
668 2251 792 2288 nullus
820 2252 1024 2300 percipitur
1052 2250 1188 2300 gradus
1203 2250 1336 2287 caloris
1350 2249 1396 2286 ad
1419 2249 1573 2296 taCtum,
1590 2262 1713 2299 neque
1727 2249 1767 2288 in
1782 2252 1894 2301 Lacry—

277 2311 349 2346 mis
374 2308 553 2360 ipsorum,
582 2319 706 2356 neque
736 2307 776 2343 in
804 2306 978 2343 medullis
999 2315 1168 2343 recenter
1183 2306 1327 2355 apertis.
1384 2304 1441 2342 At
1456 2303 1495 2342 in
1516 2304 1739 2343 animalibus
1758 2318 1898 2357 magna

278 2366 458 2416 reperitur
487 2359 673 2400 diversitas
697 2362 842 2409 caloris,
870 2372 954 2399 tum
979 2362 1020 2398 in
1040 2361 1207 2413 partibus
1228 2359 1420 2410 ipsorum3
1451 2360 1557 2407 (alius
1596 2360 1646 2398 est
1667 2359 1769 2397 enim
1789 2363 1893 2409 mlo:

277 2422 374 2456 circa
397 2431 473 2465 cor,
501 2419 594 2455 alius
620 2419 660 2454 in
688 2417 856 2464 cerebro,
886 2418 979 2454 alius
1000 2416 1097 2453 circa
1111 2416 1290 2464 externa,)
1317 2425 1402 2453 tum
1417 2414 1456 2453 in
1476 2414 1729 2454 accidentibus
1743 2428 1891 2466 eorum,

279 2485 321 2511 ut
344 2474 383 2511 in
403 2474 671 2511 exercitatione
693 2472 910 2510 vehementi
938 2474 976 2509 ὅ(
1000 2470 1175 2509 febribus.

617 2564 692 2605 Ad
715 2563 933 2619 viccfimam
952 2565 1135 2618 primam,
1164 2560 1344 2614 viccfima
1362 2561 1548 2616 prtima.

330 2639 403 2676 HU
416 2650 462 2676 1c
490 2639 682 2678 instantiae
715 2642 775 2679 vix
802 2639 1040 2688 subjungitur
1068 2638 1251 2688 negativa.
1305 2637 1531 2688 Quinetiam
1557 2647 1794 2676 excrementa
1812 2638 1893 2677 ani-

274 2695 433 2730 malium
461 2707 542 2732 non
564 2696 728 2734 recentia
756 2692 952 2733 manifeste
977 2692 1117 2731 habent
1140 2693 1307 2731 calorem
1320 2690 1582 2742 potentialem,
1613 2702 1654 2730 ut
1674 2691 1890 2736 cerniturin

271 2746 574 2798 impinguatione
600 2750 679 2789 soli.

465 2840 540 2879 Ad
556 2840 772 2891 viccfimam
799 2840 1014 2896 ficundam
1045 2838 1093 2886 ὠ·
1123 2841 1300 2889 tertiam,
1328 2837 1510 2891 vicestma
1536 2838 1692 2878 offava.

325 2918 597 2970 LIQUOREs,
629 2917 713 2965 (five
734 2933 828 2969 aqua
848 2929 1032 2968 vocentur
1060 2917 1131 2957 five
1163 2920 1274 2968 olea,)
1306 2921 1371 2968 qui
1401 2919 1541 2958 habent
1564 2928 1744 2967 magnam
1770 2918 1808 2955 ὃ(
1832 2916 1887 2954 in-

271 2972 415 3010 tensam
439 2972 698 3020 acrimoniam,
729 2987 962 3024 exequuntur
983 2987 1095 3025 opera
1121 2975 1256 3012 caloris
1285 2976 1325 3011 in
1346 2971 1551 3012 divulsione
1583 2984 1802 3022 corporum,
1834 2982 1887 3010 αε-

268 3040 343 3076 que
369 3026 558 3066 adustione
580 3027 658 3077 post
674 3029 837 3078 aliquam
855 3026 1032 3066 moram:
1062 3029 1123 3066 sed
1140 3039 1267 3066 tamen
1288 3028 1333 3066 ad
1354 3028 1626 3080 ipsumtaftum
1646 3039 1790 3075 manus,
1804 3038 1885 3065 non

272 3083 355 3121 sunt
376 3083 487 3122 calidi
515 3083 561 3121 ab
589 3081 711 3122 initio.
771 3085 993 3133 Operantur
1015 3094 1142 3123 autem
1170 3084 1376 3122 secundum
1395 3084 1609 3132 analogiam
1627 3084 1663 3120 ὅ(
1678 3094 1792 3134 poros
1805 3093 1885 3118 cor-

962 3148 982 3174 2
1767 3147 1882 3189 pons,
