2040 3439
55 175 226 240 capii.
248 168 372 223 ”DE
413 177 708 226 AUGME
729 176 921 226 NTls
972 180 999 225 s
1020 181 1153 227 eia
1176 171 1579 230 NTIARUM.

53 272 199 312 misceri
213 269 354 323 possint
369 275 507 322 potius,
537 286 649 322 quam
666 286 730 323 per
753 274 787 310 se
803 274 908 312 utilia
924 275 1002 312 ess'e.
1060 277 1155 313 Item
1175 275 1299 315 insitio
1319 279 1359 316 in
1376 279 1573 319 arboribus
1588 283 1661 322 sru-

52 328 187 366 &ifetis
221 331 261 366 in
290 329 356 366 usu
385 327 445 374 est,
483 330 524 365 in
544 330 741 366 arboribus
760 330 986 378 sylvestribus
1017 343 1103 368 raro
1128 342 1295 373 tentata5
1332 335 1420 372 licet
1434 335 1664 387 perhibetur,

51 385 199 422 ulmum
219 386 259 420 in
283 385 432 420 ulmum
450 382 596 420 insitam
612 386 721 420 miras
737 384 942 433 producere
962 381 1148 424 foliorum
1170 388 1331 425 umbras.
1388 388 1517 427 Infitio
1541 394 1656 431 etiam

51 440 90 475 in
116 439 271 475 fioribus
292 450 371 475 rata
392 438 600 475 admodum
631 439 690 485 est,
723 441 808 476 lieet
829 439 902 476 hoc
924 441 996 483 jam
1013 443 1180 493 eoeperit
1194 442 1275 479 fieri
1296 445 1337 480 in
1360 443 1448 481 rosis
1463 446 1657 485 muscarel—

51 495 109 541 lis,
145 505 240 542 quae
268 491 356 530 rolis
387 493 655 531 communibus
683 493 842 531 feliciter
871 497 1127 533 inoculantur:
1179 497 1302 534 Etiam
1335 498 1580 538 variationem
1616 502 1653 541 in

48 559 154 597 parte
184 550 248 594 rei,
277 550 375 584 inter
391 550 614 586 variationes
640 550 679 585 in
704 548 858 586 materia
874 552 1062 600 ponimus
1118 552 1302 589 Videmus
1318 553 1432 602 enim,
1462 556 1653 597 surculum

49 605 89 640 in
101 614 238 641 trunco
253 603 394 639 arboris
408 602 558 640 infitum
574 603 717 640 felicius
732 606 923 652 pullulare,
953 617 1067 653 quam
1082 603 1107 641 fi
1122 616 1240 643 terrae
1255 608 1416 646 indatur.
1477 611 1558 649 Cur
1571 624 1655 652 non

49 661 85 695 ὅ(
102 658 228 695 semen
248 669 368 706 cepae,
398 659 506 707 capiti
523 660 672 696 alterius
692 671 800 709 cepae
821 659 946 697 viridis
962 658 1137 707 inditum,
1164 661 1309 700 felicius
1323 667 1523 713 germinet,
1539 680 1654 716 quam

48 711 74 751 fi
94 714 215 750 nudae
231 724 349 749 terrae
374 712 611 750 commifl'uin
636 714 772 751 fuerit?
809 714 940 762 Atque
961 715 1021 750 hie
1041 715 1143 752 radix
1164 728 1234 766 pro
1252 727 1390 755 trunco
1409 722 1580 768 variatur,
1611 734 1652 760 ut

48 768 137 806 hacc
153 781 210 805 res
225 766 350 804 insitio
365 769 548 815 quaedam
570 771 608 805 in
626 769 747 806 radice
763 770 879 806 videri
897 765 1023 818 possit.
1080 770 1254 808 Variatio
1269 775 1513 821 experimenti
1535 776 1575 813 fit
1605 777 1653 815 se-

48 823 176 862 cundo
196 824 236 859 in
252 819 439 860 efficiente
455 837 464 859 ι
493 822 583 860 radii
598 823 684 860 solis
699 836 763 873 per
779 823 925 875 specula
939 823 1217 871 comburentia,'
1241 828 1367 864 calore
1383 830 1433 865 ita
1452 829 1654 869 intendun-

47 889 120 925 tur,
148 889 190 916 ut
210 879 419 924 materiam,
448 891 542 927 quae
563 880 692 928 ignem
715 879 822 915 facile
841 879 1041 929 concipiat,
1072 880 1274 917 accendere
1297 879 1438 930 poflint
1460 899 1466 919 :
1495 897 1588 922 num
1615 891 1653 925 ὅ(

48 934 144 972 radii
162 935 284 979 lunae,
315 944 379 982 pet
394 934 539 980 eadem,
567 935 612 970 ad
629 930 861 970 leuissimum
882 934 1048 981 aliquem
1072 934 1230 982 gradum
1259 936 1397 987 teporis
1419 939 1554 976 aetuari
1571 942 1653 989 pos—

45 988 142 1036 sunt,
171 998 213 1026 ut
228 988 428 1035 videamus,
458 999 585 1026 utrum
601 1001 760 1038 corpora
780 987 909 1025 onmia
930 987 1099 1025 eoelestia
1112 986 1182 1026 fint
1197 991 1375 1041 potestate
1390 994 1528 1030 calida?
1556 997 1653 1034 Item

46 1045 188 1082 calores
207 1040 352 1089 radiofi‚
382 1055 448 1092 per
474 1044 620 1096 specula
645 1043 794 1090 seilicet,
823 1042 1099 1081 intenduntur:
1129 1056 1224 1081 num
1250 1047 1363 1082 etiam
1389 1049 1530 1086 calores
1547 1051 1654 1100 opaci

47 1099 186 1149 (quales
211 1098 295 1136 sunt
317 1099 481 1148 lapidum
498 1101 534 1136 ὅ(
556 1100 801 1137 metallorum
816 1108 1018 1147 antequam
1038 1098 1238 1150 candeant)
1256 1101 1358 1138 idem
1373 1105 1587 1154 patiuntur;
1605 1119 1654 1144 an

45 1156 171 1205 potius
190 1153 275 1191 sunt
296 1154 451 1190 luminis
475 1156 514 1191 in
542 1154 607 1191 hae
636 1167 674 1191 re
698 1164 818 1206 partes
845 1154 1081 1191 nonnullae?
1110 1155 1207 1191 Item
1228 1155 1419 1194 succinum
1444 1161 1480 1196 &
1505 1172 1652 1210 gagates

43 1210 175 1247 fricata
193 1208 313 1259 paleas
341 1210 518 1246 trahunt:
548 1221 642 1246 num
667 1212 780 1247 ctiam
804 1211 841 1246 ὅ(
859 1209 906 1246 ad
930 1208 1058 1258 ignem
1084 1209 1291 1261 tepefadta?
1321 1213 1492 1251 Variatio
1504 1201 1653 1265 ”experi-

43 1267 166 1302 menti
194 1264 236 1301 fit
264 1262 378 1300 tertio
412 1266 451 1300 in
483 1274 651 1312 quanto:
687 1264 780 1301 eirea
813 1264 918 1313 quod
941 1265 1101 1313 diligens
1126 1265 1336 1304 admodum
1368 1265 1417 1304 est
1441 1269 1653 1310 adhibenda

45 1329 144 1366 cura,
172 1332 260 1358 cum
280 1319 354 1355 hoc
379 1318 491 1356 multi
517 1320 755 1357 circumstent
781 1331 937 1356 errores.
997 1319 1171 1356 Credunt
1200 1322 1305 1358 enim
1331 1321 1520 1374 homineS,
1550 1327 1653 1364 auita

46 1386 109 1413 aut
129 1374 375 1426 multiplicata
400 1376 619 1423 quantitate,
648 1387 719 1426 pro
747 1385 823 1412 rata
845 1375 971 1423 augeri
995 1384 1057 1411 aut
1080 1374 1321 1424 multiplicari
1356 1379 1547 1417 virtutem.
1603 1383 1652 1419 Et

44 1430 212 1467 hocfete
226 1429 412 1481 postulant
428 1432 464 1466 δ(
480 1429 708 1479 supponunt,
737 1440 917 1477 tanquam
934 1440 991 1465 res
1009 1427 1050 1466 fit
1065 1429 1351 1468 mathematicae
1365 1433 1556 1478 cujusdam
1576 1448 1654 1473 cer-

44 1485 242 1525 titudini33
270 1484 375 1533 quod
400 1486 566 1521 omnino
590 1482 821 1522 falsiffimum
837 1484 896 1521 est.
955 1483 1102 1521 Globus
1129 1485 1329 1533 plumbeus
1352 1489 1462 1525 unius
1487 1489 1605 1527 librae
1633 1503 1654 1528 a

45 1541 138 1577 turri
166 1538 339 1577 demissus
371 1537 494 1588 (puta)
524 1540 656 1577 decem
684 1540 859 1589 pulsuum
884 1538 1014 1588 spatio,
1044 1539 1090 1575 ad
1117 1549 1256 1576 terram
1282 1540 1470 1580 descendit
1496 1557 1504 1580 :
1543 1546 1654 1583 Num

45 1595 181 1646 globus
195 1595 354 1632 duarum
370 1595 551 1631 librarum
583 1595 636 1642 (in
661 1607 739 1643 quo
761 1594 922 1646 impetus
951 1592 1026 1640 iste,
1057 1604 1185 1631 motus
1210 1593 1342 1643 (quem
1366 1599 1515 1646 vocant)
1547 1611 1651 1638 natu-

45 1651 153 1698 ralis,
172 1650 352 1701 duplicari
382 1647 509 1699 debet)
537 1649 655 1699 spatio
687 1651 856 1699 quinque
884 1648 1058 1698 pulsuum
1087 1644 1225 1686 terram
1250 1650 1386 1688 feriet?
1423 1652 1479 1690 At
1505 1655 1570 1691 ille
1597 1667 1654 1692 ae-

46 1705 247 1753 qualivfere
272 1714 445 1755 tempore
476 1704 686 1752 descendet,
717 1717 840 1753 neque
865 1703 1128 1741 accelerabitur
1158 1705 1258 1750 juxta
1287 1707 1475 1745 rationem
1506 1712 1652 1757 quanti.

43 1760 139 1798 Item
170 1759 352 1809 sulphuris
376 1760 490 1809 (puta)
521 1761 697 1797 drachma
719 1772 791 1797 una
813 1759 1022 1796 semilibrae
1041 1759 1207 1808 chalybis
1232 1760 1394 1809 admista,
1425 1775 1508 1800 eam
1538 1764 1654 1803 fluere

44 1814 154 1853 faciet
182 1818 220 1852 ὅ(
250 1814 464 1863 colliquari:
494 1828 587 1853 num
612 1818 725 1865 igitur
750 1818 858 1853 uneia
875 1814 1067 1866 sulphuri-³,
1098 1825 1259 1863 quatuor
1274 1817 1380 1854 libris
1399 1818 1576 1867 chalybis,
1605 1821 1653 1858 ad

44 1870 360 1918 colhquationem
376 1866 555 1907 sufficiet?
584 1871 639 1908 At
661 1872 752 1908 illud
775 1883 854 1907 non
872 1870 1047 1918 sequitur.
1108 1871 1269 1907 Certum
1286 1874 1389 1908 enim
1405 1873 1466 1920 est,
1495 1875 1653 1912 obstina-

44 1924 194 1963 tionem
217 1926 395 1962 materiae
416 1927 454 1962 in
476 1927 653 1974 patiente,
683 1938 747 1974 per
769 1927 1031 1973 quantitatem,
1060 1924 1185 1974 augeri
1212 1927 1371 1975 amplius
1391 1939 1503 1976 quam
1529 1930 1653 1967 3ρἶνί-

44 1990 163 2018 tatem
182 1981 327 2018 virtutis
354 1979 392 2016 in
412 1991 559 2030 agente.
615 1983 737 2018 Porro
757 1980 918 2017 nimium
938 1992 1054 2028 aeque
1069 1980 1163 2017 fallit
1178 1992 1218 2016 ac
1233 1993 1374 2032 parum.
1430 1984 1584 2020 Etenim
1612 1983 1653 2022 in

46 2034 326 2073 excoctionibus
342 2037 378 2072 ὅ(
393 2035 702 2087 depurationibus
718 2037 976 2081 metallorum,
1006 2047 1110 2071 error
1125 2035 1173 2072 est
1193 2035 1397 2083 familiaris,
1427 2048 1467 2074 ut
1483 2038 1526 2074 ad
1544 2051 1652 2076 exco-

45 2090 213 2128 &ionem
234 2091 548 2139 promovendam,
578 2102 640 2129 aut
661 2093 825 2128 calorem
849 2089 1022 2136 tornaciS,
1052 2101 1113 2127 aut
1142 2090 1388 2128 additamenti
1411 2093 1516 2140 quod
1531 2094 1651 2137 injici-

45 2155 128 2193 unt,
158 2147 303 2182 molem
319 2156 488 2195 augeant.
546 2146 601 2183 At
623 2148 684 2183 illa
702 2146 803 2198 supra
830 2146 991 2182 modum
1007 2146 1108 2182 anua
1125 2145 1384 2194 operationem
1411 2147 1622 2196 impediunt
1641 2163 1652 2190 3

43 2210 239 2250 propterea
254 2200 357 2249 quod
370 2202 406 2238 vi
422 2203 458 2237 ὃς
471 2202 677 2238 acrimonia
696 2201 754 2238 sua
771 2202 934 2238 multum
955 2213 997 2237 ex
1013 2201 1170 2237 metallo
1184 2212 1280 2251 puro
1304 2202 1343 2237 in
1359 2201 1486 2239 fumos
1503 2214 1650 2241 vertant

44 2259 82 2293 ὅ(
103 2255 319 2307 asporteut3
350 2265 390 2292 ut
406 2258 441 2292 ὃς
457 2256 593 2301 jastura
613 2256 696 2296 fiat3
727 2259 763 2293 δε
783 2256 904 2300 malla,
933 2267 1027 2303 quae
1052 2265 1232 2299 remanet,
1262 2257 1380 2305 magis
1400 2254 1442 2293 fit
1466 2255 1648 2295 obstinata

43 2313 80 2347 ὅ(
100 2311 201 2348 dura.
258 2311 410 2347 Debent
431 2312 544 2359 igitur
573 2311 748 2347 homines
772 2310 974 2347 ludibrium
996 2311 1090 2347 illud
1105 2311 1273 2346 mulieris
1288 2310 1440 2360 AEsopi
1456 2313 1621 2360 cogitare
1640 2327 1649 2350 :

45 2377 138 2414 quae
157 2365 327 2415 sperarat,
357 2378 399 2402 ex
423 2365 608 2416 duplicata
631 2365 804 2403 mensura
823 2363 955 2402 hordei
978 2366 1157 2414 gallinam
1174 2364 1275 2402 suam
1299 2365 1377 2403 duo
1392 2378 1462 2403 ova
1476 2368 1650 2414 quotidie

42 2419 269 2472 parituram:
299 2423 354 2457 At
382 2421 445 2457 illa
474 2422 706 2472 impinguata
732 2422 879 2458 nullum
903 2421 1057 2471 peperit.
1114 2419 1267 2457 Prorsus
1290 2432 1370 2457 non
1385 2430 1512 2457 tutum
1531 2421 1645 2460 fuerit

43 2476 155 2513 alicui
175 2473 434 2525 experimento
450 2477 609 2512 naturali
624 2475 825 2522 confidere,
854 2474 921 2511 nili
933 2475 1026 2512 faita
1038 2475 1148 2512 fuerit
1160 2476 1346 2524 probatio,
1377 2477 1413 2512 ὅ(
1428 2477 1469 2512 in
1489 2477 1643 2514 minore

43 2532 80 2567 δε
100 2532 142 2568 in
155 2532 298 2576 majore
311 2541 465 2581 quanto.
524 2531 654 2579 Atque
674 2531 721 2567 de
738 2532 942 2567 variatione
959 2529 1202 2579 experimenti
1223 2530 1407 2567 haetenus.

93 2586 150 2623 PR
162 2597 381 2623 ODUCTIO
402 2582 643 2636 experimenti
654 2586 808 2637 duplex3
831 2584 1005 2634 repetitio
1021 2583 1247 2622 &extensioz
1268 2586 1465 2631 nimitum,
1481 2597 1567 2623 eum
1584 2598 1647 2624 aut

41 2642 341 2693 experimentum
356 2642 522 2687 iteratur,
538 2652 600 2678 aut
613 2641 657 2678 ad
670 2639 836 2678 subtilius
855 2641 1034 2689 quiddam
1051 2650 1211 2689 urgetur.
1251 2640 1504 2691 Repetitionis
1519 2653 1641 2678 exem-

40 2696 146 2747 plum
169 2696 243 2733 tale
265 2693 319 2733 fit.
378 2696 534 2745 Spiritus
555 2698 634 2733 vini
654 2696 694 2733 fit
715 2708 757 2732 ex
782 2698 875 2733 vino
897 2708 962 2747 per
983 2694 1271 2732 destillationem
1295 2697 1470 2734 unieam;
1508 2695 1633 2744 estque

41 2751 133 2788 vino
157 2750 387 2802 ipsomulto
415 2749 532 2787 aerior
558 2754 595 2788 ὃ(
617 2750 779 2788 fortior:
811 2763 903 2788 num
930 2752 1042 2787 etiam
1067 2750 1214 2799 spiritus
1237 2751 1315 2787 vini
1343 2750 1418 2799 ipse
1444 2749 1644 2789 destillatus

40 2803 112 2842 {ive
131 2805 359 2851 sublimatus,
391 2805 425 2842 se
450 2805 569 2854 ipsum
593 2806 817 2842 fortitudine
840 2817 956 2853 aeque
982 2804 1187 2855 superabit?
1218 2804 1272 2841 At
1293 2804 1467 2854 repetitio
1490 2817 1644 2854 quoque

41 2872 122 2897 non
140 2860 276 2908 absque
291 2861 433 2897 laliaci-a
449 2860 497 2897 est
514 2875 522 2896 2
551 2859 703 2907 etenim,
733 2871 815 2897 tum
832 2860 988 2896 secunda
1001 2862 1188 2906 exaltatio,
1217 2862 1349 2909 prioris
1365 2860 1546 2897 excess'um
1561 2873 1642 2898 non

41 2924 193 2963 aequam
221 2926 304 2952 tum
328 2916 442 2952 etiam
467 2915 734 2965 saepenumero
764 2927 830 2964 per
857 2914 1094 2951 iterationem
1121 2917 1379 2965 experimenti,
1407 2915 1487 2964 post
1510 2915 1643 2952 statum

41 2967 264 3006 siveacmen
284 2970 471 3018 quandam
487 2972 730 3021 operationis,
759 2979 908 3006 tantum
925 2968 1019 3006 abest
1035 2981 1075 3007 ut
1091 2971 1350 3021 progrediatur
1370 2981 1511 3016 natura,
1526 2980 1565 3006 ut
1578 2982 1642 3018 po-

41 3025 113 3062 tius
128 3025 323 3063 relabatur.
347 3023 541 3077 Judieium
558 3024 669 3074 igitur
685 3027 725 3062 in
740 3024 808 3061 hac
825 3036 862 3061 re
876 3024 1138 3063 adhibendum.
1180 3027 1274 3062 Item
1291 3036 1489 3074 argentum
1503 3027 1642 3067 vivum,

1606 3089 1644 3114 ιη

1703 198 1798 251 14³
