2040 3439
789 142 1316 208 INDEX.

196 250 354 289 Piarurae
371 249 407 287 &
426 249 594 298 imagines
610 259 855 298 comparantur
870 247 1030 285 historiae

245 301 350 344 civili,
884 299 966 345 Pag.
983 308 1000 342 7
1011 309 1025 332 1

198 351 300 388 Picus
329 352 374 386 de
387 349 559 392 Teneriff‚
585 359 748 384 cacumen
765 347 836 396 ejus
858 347 940 383 nive
967 348 1030 382 de-

249 401 419 442 stitutum,
847 408 932 445 319,
961 405 1031 442 320

197 451 438 498 Pigmenlorum
453 446 662 483 consuetudo
679 445 886 490 damnanda,
963 458 976 481 1
986 457 1031 493 30

197 500 351 546 Pigritia
371 498 403 533 in
424 497 492 532 fine
510 495 689 538 laboriosa,
961 507 1034 540 224

199 548 350 593 Pilqfitas
367 559 409 582 ex
424 546 671 582 humiditatum
689 543 845 587 orificiis,
964 557 978 580 1
991 556 1034 580 10

201 598 369 634 Pindarus
387 595 502 631 laudat
521 595 730 636 Hieronem,
763 606 776 629 1
788 606 842 642 17.
893 595 948 630 De
965 594 1033 631 for-

250 658 330 682 tuna
349 645 456 681 subita
475 645 513 680 &
530 643 740 691 indulgente,
767 645 924 680 animum
937 657 1033 680 ener-

249 705 363 737 vante,
391 696 472 731 208.
526 693 624 729 Dicit
642 705 712 729 non
729 692 835 737 dicta,
862 694 1034 730 interdum

250 744 361 792 magis
378 744 512 780 afficere
527 755 633 791 quam
644 742 747 785 dieta,
774 754 793 777 2
805 756 858 789 ¹4·
906 744 947 780 In
963 743 1035 779 sen-

250 794 391 831 tentiola
409 793 585 841 inopinata
599 792 672 840 ejus
689 791 772 835 laus,
955 793 1036 829 ibid.

203 845 308 880 Pinus
318 842 411 891 picea
422 843 528 890 magis
538 843 571 878 in
583 840 924 891 regionibusfrigidis
930 855 1035 891 quam

251 892 382 935 calidis,
966 903 1008 939 3²
1019 905 1032 927 ι

203 943 328 991 Pisces,
354 941 414 990 qui
429 942 506 978 loco
520 954 586 977 non
605 952 801 984 moventur,
822 954 881 990 95.
905 942 1036 977 Volan-

253 1004 315 1035 tes,
334 991 411 1028 ibid.
462 991 724 1040 Qadrupedes,
744 991 823 1027 ibid.
876 991 941 1027 Per
955 991 1037 1027 inte·

251 1042 342 1078 riora
361 1040 470 1077 minus
491 1040 589 1076 calidi
621 1053 663 1077 ex
691 1041 828 1088 vulgari
857 1041 1035 1088 opinione,

256 1102 336 1138 327.
388 1090 497 1136 Pisces
514 1090 668 1126 volantes
680 1089 765 1126 inter
781 1103 858 1125 aves
873 1091 910 1126 &
921 1090 1036 1137 pisces,

967 1140 1038 1185 346

206 1191 293 1227 Pius
311 1189 470 1237 Qintus,
498 1188 606 1237 qualis
622 1189 665 1225 ad
683 1198 848 1237 papatum
874 1188 1037 1232 ascendit,

993 1251 1036 1285 32

207 1290 350 1327 Plantae
363 1300 507 1332 tenerae,
972 1299 1013 1337 19
1020 1301 1038 1335 3

208 1341 359 1375 Platonis
375 1339 505 1387 dogma
516 1338 658 1375 afferens
670 1337 839 1374 scientiam
857 1337 922 1375 effe
938 1339 1040 1375 remi-

257 1389 469 1430 niscentiam,
993 1400 1038 1436 27

208 1438 307 1477 Plato
324 1438 550 1486 corruptiores
577 1437 697 1474 videns
725 1438 857 1474 civium
892 1451 1002 1474 mores
1019 1452 1038 1474 a

254 1489 396 1537 publico
412 1486 571 1523 abstinuit
598 1500 749 1530 munere,
779 1488 836 1534 36.
889 1489 1042 1524 Platonis

256 1538 410 1585 elogium
428 1538 472 1573 de
490 1548 709 1585 praeceptore
733 1538 791 1573 suo
808 1538 953 1580 Socrate,
984 1550 1041 1586 37.

258 1587 451 1623 Immiscuit
472 1586 710 1634 philosophiae
728 1587 954 1634 theologiam,
981 1601 1040 1632 44.

262 1637 341 1672 Vide
352 1650 386 1684 p.
405 1648 484 1683 107.
501 1636 673 1684 Hippiam
699 1636 880 1684 sophistam
894 1649 970 1672 cum
981 1639 1041 1672 So-

259 1697 350 1722 crate
367 1686 595 1734 disputantem
614 1685 754 1734 pulchre
772 1686 968 1729 introducit,
983 1687 1039 1734 67.

260 1736 318 1772 Ex
336 1748 420 1784 rupe
447 1735 575 1771 excelsa
605 1736 720 1770 omnia
737 1735 1042 1783 circumspiciebat,

262 1787 342 1821 108.
396 1784 527 1820 Omnia
545 1797 606 1832 per
624 1784 747 1820 scalam
763 1785 806 1820 ad
819 1785 983 1820 unitatem
995 1786 1043 1822 as-

259 1834 403 1872 cendere
416 1833 543 1876 statuit,
569 1844 645 1881 109.
697 1833 819 1869 Causas
836 1834 953 1869 finales
966 1847 1044 1883 per-

260 1895 382 1933 peram
402 1883 599 1927 introducit,
633 1895 711 1919 110.
766 1883 891 1930 Neque
909 1884 1044 1931 prorsus

259 1933 532 1969 contemnendus
560 1945 668 1981 neque
694 1933 816 1981 cupide
835 1932 1046 1981 recipiendus

262 1983 298 2019 in
328 1983 550 2019 collocatione
578 1982 793 2026 facultatum,
839 1993 917 2019 120.
969 1984 1046 2019 Ubi

260 2032 448 2069 medullam
466 2031 701 2080 philosophiae
731 2032 821 2078 figit,
854 2044 932 2080 139.
986 2033 1044 2068 In-

262 2083 338 2118 duit
349 2082 528 2130 personam
545 2082 702 2126 Socratis,
734 2094 813 2128 153.
865 2082 1045 2130 Etymolo-

263 2133 356 2180 giam
390 2130 568 2166 nominum
603 2144 670 2167 non
705 2132 922 2179 contempsit,
966 2132 1044 2168 160.

260 2181 485 2217 Rhetoricam
518 2181 604 2216 inter
634 2181 839 2228 voluptarias
867 2193 1046 2230 perperam

262 2230 462 2273 collocavit,
506 2241 585 2277 170.
637 2230 864 2279 Coquinariae
899 2230 1046 2268 similem

263 2281 392 2321 dicens,
411 2280 487 2316 ibid.
516 2280 601 2327 Ejus
611 2280 742 2316 dietum
758 2280 801 2316 de
814 2280 952 2322 virtute,
966 2280 1045 2317 ibid.

264 2331 428 2366 Subtilior
459 2329 526 2377 ejus
556 2329 758 2377 superstitio,
788 2332 870 2372 284.
924 2330 1048 2366 Schola

261 2379 331 2427 ejus
361 2379 542 2428 quomodo
573 2379 810 2427 acatalepfiam
846 2379 1046 2421 introduxit,

267 2431 348 2474 285.
401 2428 484 2475 Ejus
504 2429 733 2477 peregrinatio
757 2440 826 2465 non
857 2428 1046 2477 longinqua

266 2477 321 2513 sed
340 2478 535 2518 suburbana,
565 2480 647 2513 288.
698 2477 781 2525 Ejus
798 2478 995 2526 acatalepfia
1008 2479 1046 2513 δε

265 2527 487 2575 philosophia,
507 2528 591 2574 289,
611 2538 693 2575 290,
714 2538 795 2574 300.
838 2527 1048 2564 Induffionis

267 2576 415 2611 turmam
433 2577 587 2619 tentavit,
606 2577 660 2613 sed
677 2590 743 2612 non
764 2576 919 2624 perfecit,
978 2588 1044 2623 302

217 2625 420 2663 Platonicum
437 2636 671 2662 commentum
688 2627 830 2663 afferens
847 2626 958 2662 lucem
974 2639 1047 2661 ma-

270 2675 351 2710 teria
366 2675 607 2721 antiquiorem,
980 2687 993 2711 1
1002 2676 1047 2722 36

217 2723 371 2765 Plautus,
400 2723 526 2758 mirum
545 2724 613 2771 ejus
628 2724 671 2760 de
688 2723 763 2761 sene
779 2725 947 2769 benefico,
978 2728 1044 2761 108

221 2773 319 2808 Plebs
337 2771 413 2807 vilis
429 2772 466 2807 ὅτ
484 2773 606 2820 ignava
622 2774 695 2816 ubi,
972 2785 1049 2819 ¹244

221 2822 318 2859 Plebs
345 2821 542 2857 nativorum
569 2823 677 2858 tribus
707 2824 889 2871 generibus
906 2823 1047 2866 constat,

977 2873 1049 2917 246

220 2920 365 2962 Plinius,
392 2918 580 2962 Cudanus,
599 2920 760 2956 Albertus
774 2922 882 2957 multa
898 2921 1049 2958 fabulosa

270 2969 479 3017 scripserunt,
506 2979 565 3011 42.
615 2968 788 3006 Historiae
805 2971 966 3007 naturalis
983 2984 1049 3019 op-

269 3020 374 3055 timus
405 3019 525 3054 author
557 3016 699 3058 Plinius,
729 3018 786 3054 66.
839 3020 940 3055 Licet
972 3033 1048 3057 eam

269 3068 472 3115 quandoque
490 3065 635 3115 indignis
653 3067 764 3102 modis
781 3067 952 3110 tractavit,
968 3069 1049 3106 ibid.

270 3120 380 3166 Qae,
409 3118 480 3167 ipso
489 3116 614 3165 judice,
645 3116 680 3152 in
696 3128 772 3153 eam
791 3116 867 3154 sunt
883 3117 1052 3166 recipien-

271 3174 327 3210 da,
980 3177 1049 3213 307

1079 246 1214 282 Plinius
1229 246 1389 283 secundus
1409 247 1499 296 stylo
1528 249 1654 298 gaudet
1673 251 1912 298 moderatiori,

1127 308 1187 340 40.
1240 297 1432 340 Laudatur,
1456 302 1549 335 118.»
1568 299 1776 348 ,Τηιῇαηιιτῃ
1799 313 1916 341 coram

1126 345 1294 388 laudavit,
1311 357 1392 390 204.
1446 348 1779 398 Etcum-exemplar
1791 359 1923 401 propo·
1947 376 1952 379 »

1129 395 1180 430 nit
1195 396 1334 432 virtutis
1349 396 1498 441 divinae,

1743 400 1828 449 Pag.
1844 412 1863 435 2
1872 411 1886 436 1
1897 413 1916 436 2

1081 444 1252 491 Plumago,

1846 446 1953 497 326*-

1081 493 1294 537 Plutarchus,
1311 507 1366 542 39.
1393 496 1448 531 De
1462 496 1598 544 placitis
1611 496 1919 548 philosophorum,
1947 526 1950 527 ν

1137 554 1215 590 107.
1267 544 1323 580 De
1340 545 1576 588 Timoleonte,
1847 551 1918 596 178

1083 592 1232 628 Plutonis
1249 593 1349 641 galea
1365 594 1488 631 Perseo
1499 596 1667 639 conceffa,
1711 600 1772 644 87,
1793 600 1852 642 88,
1873 601 1919 648 89

1085 642 1243 686 Pluviae,
1847 657 1915 694 322

1085 692 1241 727 Poenales
1259 692 1348 740 leges
1364 705 1406 728 ne
1422 692 1657 738 (attendantur,
1847 709 1923 743 25⁰

1085 741 1188 786 Pocsss
1205 741 1344 777 refertur
1361 742 1403 777 ad
1420 743 1642 790 phantasiam,
1679 744 1740 789 64,
1758 756 1816 793 79,
1839 749 1918 792 138.

1136 791 1193 826 Ex
1212 791 1317 827 tribus
1333 791 1464 827 constat
1491 794 1657 840 partibus,
1686 805 1743 842 79.
1796 796 1924 833 Verbis

1135 841 1323 889 plerunque
1333 840 1606 883 adstrista,rebus
1617 843 1736 885 soluta,
1747 843 1825 881 ibid.
1847 846 1923 883 Du-

1136 890 1217 938 plici
1233 890 1324 926 sensu
1339 890 1496 933 sumitur,
1522 891 1602 929 ibid.
1649 892 1712 928 Est
1726 893 1865 931 historia
1877 895 1922 933 ad

1135 940 1302 988 placitum
1321 940 1485 983 conficta,

1086 1008 1136 1015 -
1150 989 1337 1026 Narrativa
1351 991 1418 1025 five
1434 989 1582 1033 heroica,
1610 992 1669 1027 80.
1720 992 1924 1030 Dramatica

1837 943 1919 982 ibid.
1950 971 1954 974 .
2008 931 2025 970 1.

1133 1039 1226 1086 apud
1243 1039 1409 1088 antiquos,
1437 1041 1568 1075 animos
1586 1041 1770 1077 hominum
1788 1043 1830 1078 ad
1848 1043 1924 1081 vir·
1947 1069 1954 1073 -

1136 1097 1242 1123 tutem
1263 1088 1468 1130 instituebat,
1497 1089 1575 1125 ibid.
1629 1090 1921 1128 Parabolieavtan-
1943 1116 1953 1121 -

1137 1150 1238 1185 quam
1259 1150 1310 1173 res
1328 1138 1419 1174 sacra
1450 1140 1487 1173 &
1507 1139 1649 1186 augusta
1667 1140 1813 1184 videtur,
1839 1141 1922 1178 ibid.

1137 1187 1323 1224 Humanae
1340 1199 1477 1223 naturae
1509 1189 1654 1235 largitur
1677 1202 1766 1237 quae
1783 1190 1924 1228 historia
1947 1210 1950 1213 *

1136 1237 1294 1285 denegat,
1321 1237 1402 1274 ibid.
1453 1238 1652 1274 Divinitatis
1668 1239 1716 1275 est
1739 1240 1921 1290 particeps,

1137 1286 1214 1323 ibid.
1267 1287 1452 1323 DoCtrinae
1470 1297 1633 1334 tanquam
1649 1288 1834 1333 somnium,
1874 1302 1922 1338 93

1087 1335 1285 1372 —saeculis
1302 1337 1404 1372 etiam
1424 1337 1563 1372 rudibus
1579 1339 1618 1373 δε
1645 1339 1738 1386 apud
1767 1340 1923 1376 nationes

1138 1385 1294 1421 barbaras
1325 1386 1446 1422 honori
1474 1385 1550 1426 fuit,
1587 1387 1664 1424 ibid.
1715 1388 1848 1437 Ingenii
1873 1390 1924 1425 est

1138 1435 1241 1478 lusus,
1264 1438 1341 1482 138.
1369 1436 1670 1485 Qadruplexejus
1682 1437 1820 1480 divisio,
1837 1449 1922 1486 207.

1138 1485 1272 1520 Dicitur
1288 1486 1408 1521 vinum
1426 1487 1649 1529 daemonum,
1849 1499 1923 1526 210

1090 1533 1213 1569 Poetae
1229 1535 1356 1571 ethnici
1386 1535 1528 1571 virtutes
1545 1536 1690 1573 morales
1707 1536 1924 1574 stomachan-

1137 1593 1203 1626 tur,
1851 1589 1922 1635 263

1089 1632 1211 1668 Pcb'tae
1227 1634 1344 1682 cygni,
1373 1644 1430 1682 74.
1482 1633 1628 1670 Illorum
1647 1647 1758 1672 mores
1776 1636 1923 1674 insokn-

1139 1694 1200 1725 tes,
1848 1698 1866 1722 2
1874 1688 1922 1734 36

1089 1732 1237 1775 Politici,
1255 1733 1377 1780 quibus
1390 1734 1588 1781 opprobriis
1599 1734 1710 1770 literas
1723 1735 1920 1784 aspergunt,

1141 1794 1197 1827 30.
1250 1781 1421 1818 Literatos
1438 1783 1669 1831 pedaneorum
1687 1785 1826 1820 nomine
1849 1786 1922 1824 ele-

1137 1840 1233 1874 vant,
1262 1843 1317 1877 32.
1369 1833 1505 1867 Eorum
1523 1843 1722 1870 commenta
1740 1836 1923 1883 reprehen-

1136 1881 1262 1924 denda,
1290 1880 1369 1918 ibid.
1422 1881 1556 1918 Literas
1574 1883 1790 1920 contumeliis
1822 1884 1927 1922 inces-

1139 1931 1228 1973 sunt,
1258 1943 1313 1977 34.
1367 1931 1496 1967 Omnia
1513 1933 1555 1968 ad
1570 1933 1602 1968 se
1618 1933 1768 1970 referunt
1773 1935 1926 1980 politico-

1137 1993 1208 2016 rum
1226 1982 1336 2023 turba,
1366 1983 1423 2027 36.
1477 1981 1593 2029 Magis
1605 1993 1668 2030 per
1678 1982 1750 2018 vias
1762 1983 1925 2032 obliquas

1140 2043 1245 2078 quam
1257 2031 1400 2066 directas
1411 2031 1645 2078 incedunr,85.
1663 2032 1725 2067 Ab
1734 2043 1860 2070 eventu
1867 2033 1925 2071 de*-

1135 2080 1237 2115 decus
1252 2080 1305 2115 vel
1326 2081 1489 2116 honorem
1509 2091 1694 2128 reportant,
1727 2093 1808 2127 121,
1841 2094 1922 2122 122.

1140 2130 1284 2165 Politica
1297 2130 1456 2166 immersa
1471 2131 1720 2178 &compofita‚
1744 2133 1822 2181 167.
1853 2133 1924 2170 Res

1136 2179 1183 2214 est
1200 2179 1347 2215 difficilis
1363 2192 1442 2215 vere
1458 2181 1605 2228 politicus
1623 2181 1661 2216 δε
1678 2184 1815 2219 moralis
1833 2181 1924 2227 fieri,

1139 2239 1220 2276 229.
1272 2229 1484 2265 politicorum
1500 2240 1588 2264 artes
1606 2241 1746 2278 pravae,
1853 2242 1926 2277 240

1091 2279 1252 2316 Politicus
1269 2291 1309 2313 ne
1328 2279 1368 2314 sit
1384 2282 1444 2314 uni
1462 2279 1510 2314 rei
1530 2279 1624 2314 unice
1642 2280 1801 2324 intentus,
1852 2292 1924 2329 239

1092 2328 1237 2365 Politica
1255 2329 1434 2376 quomodo
1453 2328 1615 2364 traetatur
1631 2342 1650 2364 a
1667 2328 1922 2373 Machiavello,

1140 2379 1221 2414 228.
1270 2377 1431 2414 Politicus
1451 2388 1577 2419 motus,
1852 2383 1921 2427 381

1093 2428 1223 2469 Poloni,
1850 2439 1924 2474 244

1093 2478 1192 2514 Polus
1211 2476 1370 2524 sophista,
1852 2481 1924 2527 287

1091 2526 1356 2572 Polychrestorum
1380 2526 1565 2574 catalogus,
1598 2539 1610 2561 1
1623 2538 1674 2572 13.
1727 2527 1820 2564 Inter
1837 2529 1925 2564 desi-

1141 2577 1272 2616 derata,
1852 2577 1922 2614 268

1093 2625 1277 2672 Polyphemi
1294 2624 1410 2667 statua,
1437 2634 1536 2661 eruto
1553 2625 1669 2667 oculo,
1878 2627 1926 2674 69

1095 2674 1375 2721 Polyprugmosyne
1392 2686 1442 2710 res
1461 2675 1653 2716 temeraria,
1853 2687 1872 2711 2
1879 2687 1923 2723 32

1094 2726 1262 2771 Pompeius
1280 2723 1441 2771 Magnus,
1470 2723 1692 2759 memorabile
1705 2721 1774 2771 ejus
1791 2724 1927 2767 dietum

1141 2773 1342 2809 devitandis
1357 2773 1529 2821 periculis,
1551 2775 1627 2819 198.
1657 2774 1842 2810 Prudentia
1853 2774 1929 2823 ejus

1144 2824 1178 2859 in
1213 2822 1354 2859 Sertorii
1388 2822 1513 2858 chartis
1548 2823 1802 2866 comburendis,
1843 2834 1924 2872 219.

1140 2871 1306 2909 occultior
1322 2884 1391 2906 non
1421 2871 1544 2907 melior
1563 2871 1712 2913 Caesare,
1740 2883 1782 2907 ex
1813 2884 1926 2910 mente

1145 2921 1273 2963 Taciti,
1291 2921 1372 2967 236.
1423 2920 1665 2956 Ambitionem
1679 2921 1744 2956 alte
1756 2922 1927 2966 condidit,

1141 2971 1221 3007 ibid.
1274 2969 1400 3005 Consul
1417 2970 1504 3004 solus
1519 2969 1639 3010 faetus,
1657 2969 1734 3006 ibid.
1772 2971 1851 3007 Fuit
1867 2984 1927 3009 ore

1145 3021 1273 3069 prob0,
1287 3019 1403 3054 animo
1415 3018 1654 3060 inverecundo,
1667 3029 1703 3053 ut
1714 3021 1761 3055 ait
1773 3020 1926 3058 Sallusti-

1145 3082 1195 3111 us,
1213 3068 1294 3114 236.
1325 3068 1468 3115 Propter
1483 3068 1709 3103 imitationem
1731 3070 1765 3104 in
1778 3079 1924 3106 errorem

1141 3118 1274 3158 incidit,
1302 3128 1384 3163 234.
1436 3116 1484 3151 Et
1505 3127 1645 3164 propter
1672 3129 1810 3154 morum
1834 3119 1926 3156 diffi-

1147 3164 1376 3203 militudinem
1406 3177 1475 3202 non
1505 3165 1614 3214 potuit
1644 3167 1811 3215 praest-are
1836 3169 1927 3214 quod

1817 3216 1927 3266 Sylla,
