2040 3439
70 215 184 278 Cap.
208 211 265 258 11.
303 211 401 258 DE
452 211 939 259 AUGMENTIS
993 214 1595 265 SCIENTIARUM.

69 321 158 348 nem
181 310 291 355 vitae,
329 318 488 358 utroque
511 317 648 357 genere
672 308 856 345 utendum
878 307 939 349 est,
970 309 1163 355 (disjunfla
1184 313 1310 350 minus
1334 313 1497 362 poss'unt)
1524 317 1672 365 corpus-

67 377 140 413 que
160 363 369 401 humanum
386 361 695 407 conservandum,
724 363 1047 411 quemadmodum
1072 366 1276 403 inanimata
1293 368 1579 407 conservantur:
1611 372 1670 410 Ae

67 418 189 456 rursus
211 417 535 469 quemadmodum
556 416 708 453 flamma
723 417 986 459 conservatum
1014 432 1056 456 ae
1075 420 1236 471 denique
1261 423 1517 470 quadantenus
1535 436 1574 462 ut
1596 439 1672 463 me-

65 474 217 511 chanica
231 471 509 510 conservantur.
565 473 659 508 Tres
674 472 788 521 igitur
805 471 889 509 sunt
906 473 949 510 ad
966 475 1268 524 prolongandam
1285 479 1401 515 vitam
1417 479 1668 519 intentiones:

64 528 287 566 Retardatio
310 524 629 578 consumptionis:
668 527 838 564 Probitas
861 530 1118 578 reparationis,
1157 533 1193 568 ὃ(
1217 535 1415 570 renovatio
1439 535 1527 581 ejus,
1565 538 1669 584 quod

62 584 189 632 coepit
211 581 446 620 veterascere.
504 580 763 632 Consumptio
782 581 822 618 fit
845 593 865 618 a
888 583 1029 620 duabus
1051 584 1427 636 depraedationibus:
1464 590 1669 641 Depraedar

64 639 172 675 tione
191 637 338 689 spiritus
352 636 492 676 innati3
522 638 558 673 &
573 636 860 686 depraedatione
876 638 969 674 aeris
984 640 1193 677 ambientis.
1250 642 1464 680 Proliibitio
1481 646 1669 694 utriusque

64 692 220 743 duplex:
258 692 339 728 Aut
364 689 389 727 fi
414 692 562 740 agentia
586 689 648 727 illa
671 690 760 727 fiant
781 693 907 728 minus
930 694 1176 740 praedatoria,
1214 707 1275 732 aut
1300 694 1326 733 si
1349 699 1538 745 patientia
1555 699 1665 745 (lucei

58 747 204 788 ,seilicet
224 747 406 796 corporis)
429 746 631 782 reddantur
652 747 776 782 minus
796 746 1080 795 depraedabilia.
1139 749 1294 798 Spiritus
1317 750 1358 787 fit
1377 754 1501 789 minus
1521 757 1668 803 praeda-

63 803 195 848 torius,
223 799 248 838 si
273 811 334 838 aut
359 799 552 838 substantia
575 799 761 846 densetur,
791 811 831 838 ut
856 802 896 837 in
913 801 980 838 usu
1004 804 1218 851 opiatorum
1241 807 1277 841 δ(
1302 807 1543 854 nitratorum,
1574 812 1609 846 ὅ(
1629 810 1668 848 in

65 855 426 894 contristationibus:
457 856 538 892 Aut
553 856 760 905 quantitate
776 857 980 902 minuatur,
1009 867 1051 892 ut
1067 858 1106 893 in
1122 857 1248 895 diaetis
1264 861 1518 909 Pythagoricis
1534 866 1570 900 ὅ(
1586 877 1668 902 mo-

64 909 224 949 nasticis:
274 911 355 948 Aut
378 920 488 947 motu
510 911 682 956 leniatur,
713 920 754 946 ut
777 911 816 946 in
841 911 925 947 otio
941 912 976 947 ὅ(
991 913 1280 959 tranquillitate.
1331 915 1410 950 Aer
1435 917 1603 955 ambiens
1628 919 1669 957 fit

58 968 191 1004 :minus
212 965 478 1018 praedatorius,
517 963 541 1001 fi
567 974 629 1002 aut
651 963 772 1001 minus
791 965 986 1002 incalescat
1006 979 1026 1002 a
1050 967 1157 1003 radiis
1181 968 1280 1014 soliS,
1318 979 1358 1006 ut
1386 971 1425 1005 in
1450 973 1669 1020 regionibus

62 1020 331 1070 frigidioribus,
361 1022 400 1057 in
415 1019 608 1068 speluncis,
638 1020 678 1055 in
695 1020 889 1056 montibus
910 1022 1001 1057 &in
1018 1022 1208 1060 columnis
1221 1024 1556 1063 anachoretarum:
1586 1028 1669 1065 Aut

63 1076 342 1114 summoveatur
357 1087 376 1112 a
390 1086 573 1126 corpores
603 1084 643 1111 ut
659 1075 698 1110 in
714 1084 798 1111 cute
818 1074 941 1121 densa,
970 1078 1006 1112 ὅ(
1021 1076 1061 1112 in
1077 1078 1214 1128 plumis
1228 1079 1367 1126 avium,
1397 1081 1434 1116 δ(
1449 1082 1489 1117 in
1507 1081 1573 1119 usu
1589 1085 1666 1121 olei

65 1133 102 1170 &
127 1141 409 1180 unguentorum
435 1129 570 1177 absque
593 1130 834 1166 aromatibus·
894 1132 1001 1167 Succi
1027 1134 1195 1182 corporis
1223 1133 1429 1171 redduntur
1455 1137 1581 1174 minus
1607 1139 1669 1175 de-

63 1186 301 1237 praedabileS,
330 1183 355 1221 fi
375 1195 436 1222 aut
459 1185 541 1222 duri
566 1183 649 1221 fani
671 1182 751 1230 sint,
780 1194 842 1221 aut
864 1185 998 1222 roscidi
1020 1183 1090 1222 five
1111 1186 1237 1224 oleosi.
1294 1189 1402 1229 Duri,
1440 1201 1479 1227 ut
1506 1193 1545 1228 in
1570 1192 1668 1232 vitiu

63 1241 217 1291 aspero3
254 1242 329 1279 vita
354 1239 393 1276 in
416 1240 580 1289 frigidm
617 1240 943 1277 exercitationibus
967 1239 1145 1282 robustis;
1183 1241 1323 1280 balneis
1347 1245 1568 1291 quibusdam
1597 1250 1667 1285 mi-

64 1295 258 1334 neralibus.
314 1294 482 1342 Roscidi,
520 1305 560 1332 ut
584 1295 623 1330 in
650 1293 716 1330 usu
739 1294 921 1341 dulcium,
955 1297 991 1332 ἃ
1012 1296 1226 1334 abstinentia
1248 1310 1266 1335 a
1288 1296 1380 1335 salsis
1408 1302 1444 1336 ὅ(
1467 1302 1591 1348 acidis,
1630 1306 1667 1340 ὅ(

65 1351 226 1389 maxime
245 1350 422 1387 omnium
443 1352 482 1386 in
507 1351 572 1386 tali
592 1347 766 1386 mistione
790 1359 915 1400 potuS,
951 1362 1046 1398 quae
1068 1348 1109 1387 fit
1129 1354 1293 1402 partium
1313 1354 1418 1390 valde
1439 1356 1609 1393 tenuium
1632 1361 1669 1394 ὅτ.

63 1405 268 1452 subtilium,
306 1404 442 1453 absque
467 1415 594 1442 tamen
620 1405 729 1440 omni
759 1405 966 1441 acrimonia
995 1415 1057 1442 aut
1084 1408 1247 1443 acedine.
1305 1410 1507 1457 Reparatio
1536 1411 1575 1448 tit
1604 1425 1668 1462 per

62 1462 262 1498 alimenta:
282 1459 535 1497 Alimentatio
551 1466 675 1497 autem
688 1468 934 1508 promovetur
947 1471 1108 1508 quatuor
1121 1462 1265 1498 modis:
1288 1463 1357 1499 Per
1372 1465 1667 1504 concoffioncm

61 1514 257 1562 viscerum,
286 1515 333 1551 ad
353 1512 602 1551 extrusionem
618 1514 802 1559 alimenti,
831 1523 870 1550 ut
893 1515 932 1549 in
948 1514 1252 1553 confortantibus
1272 1516 1410 1554 viscera
1426 1521 1666 1569 principalia:

63 1564 134 1609 Per
148 1570 417 1608 excitationem
438 1571 602 1619 partium
621 1567 848 1605 exteriorum
868 1569 914 1605 ad
929 1570 1191 1606 attrae'iionem
1207 1572 1390 1619 alimenti,
1420 1586 1459 1610 nt
1476 1576 1515 1610 in
1533 1580 1669 1613 exerei-

63 1623 268 1664 tationibus
293 1627 329 1662 ὃς
351 1623 610 1661 fricationibus
635 1624 782 1669 debitis,
812 1634 923 1671 atque
950 1625 1191 1662 unciionibus
1216 1627 1437 1675 quibusdam
1463 1632 1499 1666 ὅ(
1528 1631 1668 1668 balneis

64 1680 326 1734 appropriatis:
353 1680 421 1717 Per
435 1680 756 1731 praeparationem
772 1678 941 1715 alimenti
955 1677 1075 1730 ipfiuS,
1105 1690 1146 1718 ut
1161 1680 1299 1718 facilius
1316 1682 1350 1719 se
1366 1682 1537 1732 inlinuet,
1567 1688 1603 1723 ὅ(
1618 1686 1669 1723 di<

64 1736 247 1787 gestiones
272 1733 364 1786 ipsas
388 1734 646 1783 quadantenus
672 1732 861 1782 anticipet,
899 1743 940 1771 ut
963 1735 1004 1771 in
1028 1737 1135 1773 variis
1159 1739 1196 1773 &
1224 1735 1425 1774 artificiosis
1448 1739 1572 1777 modis
1595 1741 1667 1779 cibi

63 1789 281 1836 condiendi,
309 1800 420 1839 potus
443 1788 634 1835 miscendi,
664 1789 768 1838 panis
791 1788 1055 1835 fermentandi,
1086 1793 1122 1827 δε
1144 1790 1282 1828 horum
1306 1793 1422 1829 trium
1446 1796 1600 1832 virtutes
1627 1799 1667 1834 in

58 1857 186 1884 unum
201 1845 415 1894 redigendi:
445 1847 514 1882 Per
530 1845 855 1882 confortationem
875 1842 982 1893 ipsius
997 1844 1120 1881 ultimi
1142 1847 1240 1883 acius
1253 1843 1539 1895 assimilationis,
1570 1862 1609 1888 ut
1626 1854 1666 1888 in

63 1901 203 1940 somno
225 1898 457 1951 tempestivo,
473 1913 476 1916 ⁴
495 1902 532 1937 &
554 1899 866 1949 applicationibus
886 1899 1108 1948 quibusdam
1133 1903 1389 1939 exterioribus.
1444 1906 1666 1942 Renovatio

63 1957 153 2003 ejus,
174 1955 278 2004 quod
293 1953 416 2004 coepit
429 1955 663 2001 veterascere,
684 1954 725 1991 fit
740 1954 887 1992 duobus
902 1956 1043 1991 modis:
1066 1957 1136 1993 Vel
1154 1968 1217 2005 per
1233 1959 1551 1996 intcnerationem
1569 1961 1675 1998 habi--

62 2021 122 2050 tus
132 2011 302 2060 corporis
317 2008 436 2061 ipfius,
465 2021 506 2048 ut
526 2009 564 2047 in
578 2013 643 2047 usu
665 2009 999 2047 malaciss'ationum
1017 2022 1059 2047 ex
1075 2011 1228 2058 balneis,
1257 2013 1470 2064 emplastris,
1499 2017 1534 2051 δε
1551 2016 1666 2053 uncii-

63 2066 223 2107 onibus;
245 2077 338 2114 quae
353 2066 439 2102 talia
454 2063 522 2102 fint
538 2076 578 2102 ut
595 2063 826 2114 imprimant,
847 2077 928 2101 non
943 2065 1157 2103 extrahant:
1188 2068 1259 2104 Vel
1275 2079 1339 2116 per
1355 2071 1664 2118 expurgationem

65 2120 163 2159 succi
191 2122 336 2167 veteris,
380 2122 416 2157 ὅ(
447 2120 748 2158 substitutionem
779 2119 874 2157 succi
903 2122 1007 2167 novi,
1051 2131 1090 2157 ut
1119 2121 1157 2158 in
1187 2121 1408 2171 tempestivis
1438 2126 1473 2160 δε
1502 2127 1666 2175 repetitis

59 2176 360 2228 purgationibus,
394 2174 581 2225 sanguinis
605 2172 855 2221 mfflionibus,
884 2178 920 2212 δε
943 2176 1072 2212 diaetis
1095 2179 1383 2224 attenuantibuS,
1413 2191 1506 2227 quae
1530 2180 1665 2217 florem

64 2231 234 2282 corporis
251 2231 456 2267 restituunt.
513 2231 643 2278 Atque
658 2230 703 2266 de
719 2229 863 2266 indiciis
880 2231 1064 2267 maenus.

117 2287 424 2331 ΡΒΑΕΟΕΡΤΑ,
461 2296 675 2334 quanquam
700 2297 742 2321 cx
767 2283 847 2333 ipsis
877 2285 1023 2322 indiciis
1047 2286 1206 2334 plurima
1230 2283 1371 2338 poss'mt
1397 2289 1554 2330 deducis
1592 2293 1662 2329 tria

64 2352 191 2381 tamen
212 2341 327 2378 veluti
348 2343 542 2390 praecipua
567 2340 788 2389 subjungere
808 2339 926 2376 visum
951 2340 1009 2377 cst.
1067 2341 1317 2390 Praecipimus
1340 2345 1477 2393 primo,
1517 2356 1557 2381 ut
1580 2358 1664 2395 pro-

65 2397 238 2446 longatio
260 2397 358 2433 vitae
381 2396 592 2445 expecietur
616 2396 740 2447 potius
761 2406 780 2430 a
803 2394 933 2431 diaetis
948 2394 1054 2441 statis,
1083 2407 1197 2442 quam
1221 2408 1241 2433 a
1261 2397 1442 2446 regimine
1466 2400 1595 2448 aliquo
1615 2400 1662 2437 vi-

63 2453 141 2489 Ctus
155 2451 353 2492 familiaris
382 2461 444 2488 aut
459 2451 572 2487 etiam
596 2461 616 2486 a
633 2450 998 2486 medicamentorum
1020 2452 1298 2500 particularium
1315 2455 1543 2491 excellentia.
1601 2457 1660 2492 Et-

64 2507 181 2553 enim,
209 2517 302 2554 quae
325 2516 428 2544 tanta
447 2507 584 2544 virtute
604 2506 763 2554 pollent,
793 2514 832 2541 ut
854 2515 1023 2541 naturam
1046 2516 1293 2543 retrovertere
1313 2509 1477 2548 valeant3
1505 2509 1666 2547 fortiora

63 2562 272 2613 plerunque
296 2560 392 2608 sunt,
421 2563 457 2600 ὅ(
480 2561 697 2612 potentiora
717 2561 761 2596 ad
785 2560 1031 2606 alterandum,
1060 2572 1172 2610 quam
1197 2572 1237 2598 ut
1258 2560 1363 2598 limul
1387 2562 1424 2600 in
1447 2562 1567 2612 aliqua
1591 2577 1665 2602 me-

58 2617 189 2654 ,dicina
208 2618 403 2665 componi,
434 2616 700 2653 multominus
724 2616 763 2651 in
779 2615 876 2652 vistu
893 2614 1065 2652 familiari
1086 2615 1304 2665 interspergi
1321 2614 1472 2666 possint.
1531 2621 1662 2671 Super-

67 2671 115 2709 est
138 2673 263 2719 itaque
287 2681 328 2708 ut
353 2670 516 2708 seriatim
537 2674 573 2708 <sc
596 2671 826 2720 regulariter,
864 2672 901 2708 &
923 2671 968 2706 ad
993 2680 1164 2719 tempora
1186 2682 1296 2718 certa,
1334 2675 1369 2709 &
1393 2674 1534 2711 vicibus
1560 2675 1666 2712 certis

68 2726 306 2772 recurrentia,
335 2726 591 2763 adhibeantur.
1362 2731 1364 2733 '

121 2782 346 2818 SECUNDO
365 2783 623 2830 praecipimus,
653 2790 694 2817 ut
719 2781 962 2831 prolongatio
987 2781 1092 2825 vitae,
1129 2782 1338 2829 expectetur
1359 2784 1486 2834 potius
1510 2783 1555 2820 ab
1581 2796 1667 2835 ope-

66 2838 212 2873 ratione
237 2834 276 2872 in
294 2835 450 2887 spirituS,
481 2838 517 2872 ὅ(
536 2848 557 2871 a
572 2835 860 2872 malacissationc
881 2837 1054 2884 partium,
1085 2847 1197 2882 quam
1219 2848 1238 2873 a
1259 2838 1383 2874 modis
1407 2839 1664 2875 alimentandi.

67 2889 230 2936 Etenim,
267 2901 354 2927 cum
381 2902 516 2942 corpus
543 2890 766 2934 humanum,
804 2890 955 2937 ejulque
982 2890 1118 2926 fabrica
1146 2888 1276 2939 (missis
1300 2892 1477 2941 externis)
1505 2906 1523 2929 a
1552 2894 1667 2931 tribus

68 2947 245 2997 patiatur5
278 2944 464 2995 spiritibus
490 2945 639 2990 scilicet,
669 2945 844 2993 partibus,
876 2947 912 2981 ὃς
935 2946 1142 2985 alimenti&
1172 2948 1228 2983 via
1245 2949 1548 2997 prolongationis
1573 2950 1667 2984 vitae

67 3012 132 3051 per
156 3000 401 3037 alimentandi
425 3001 561 3036 modos
580 3001 693 3048 longa
718 2999 790 3039 cst3
829 3009 940 3048 atque
964 3012 1028 3051 per
1053 3001 1188 3037 multas
1212 3003 1383 3051 ambages
1406 3006 1440 3039 &c
1467 3004 1664 3039 circuitus:

67 3067 102 3091 at
124 3053 199 3091 viae
215 3067 280 3105 per
304 3058 544 3105 operationes
560 3053 665 3103 super
689 3053 846 3106 spiritus,
877 3057 913 3092 ὃ(
930 3053 1034 3104 super
1054 3066 1186 3104 partcS,
1216 3058 1341 3094 multo
1359 3059 1546 3094 breviore<
1572 3057 1666 3096 sunt.

121 3110 229 3149 Vos..
260 3110 286 3146 1.
851 3111 880 3146 R
1635 3115 1669 3147 :e

1721 235 1815 278 129
