2040 3439
66 163 258 230 cap.11.
316 164 415 209 DE
465 159 958 208 AUGMENTIS
1012 154 1619 207 SCIENTIARUM.

66 263 184 314 specie
200 258 393 310 insigniter
409 257 627 304 deflestunt,
643 266 685 294 ut
701 254 865 294 monstra
880 271 890 298 3
919 269 1001 294 non
1014 257 1138 293 minus
1154 256 1251 293 reae
1263 256 1502 295 constituitur
1518 261 1683 298 narratio

66 319 113 356 de
132 317 204 354 illis
224 318 265 353 in
285 314 434 352 historia
454 311 625 359 naturali,
654 324 770 360 quam
789 312 836 349 de
858 311 1075 350 hominibus
1091 309 1335 361 singularibus
1350 314 1392 350 in
1406 312 1551 352 historia
1566 316 1680 352 civili.

65 374 169 411 Haec
183 381 308 409 autem
326 370 457 406 omnia
472 368 517 404 ad
538 368 768 404 memoriam
787 366 961 416 speciant.

123 428 303 472 Ponsrs,
334 436 381 460 eo
405 422 509 461 sensu
528 435 608 471 quo
629 422 773 459 dierum
793 421 854 467 est,
884 425 998 460 etiam
1022 420 1306 460 individuorum
1330 422 1398 465 est3
1426 423 1681 462 confictorum

67 483 118 521 ad
136 479 418 518 similitudinem
447 479 617 524 illorum,
646 488 740 526 quae
768 478 809 514 in
833 477 981 515 historia
1000 490 1086 514 vera
1105 488 1392 516 memorantur:
1420 477 1470 516 ita
1484 490 1614 517 tamen
1639 491 1681 518 ut

66 537 233 576 modum
256 535 394 584 saepius
413 533 576 577 excedat,
606 535 655 579 ὃς,
684 543 779 581 quae
798 533 839 569 in
858 545 985 570 rerum
1005 542 1137 569 natura
1152 545 1348 582 nunquam
1365 545 1598 572 conventura
1615 546 1680 573 aut

66 602 242 630 eventura
257 589 416 634 fument,
443 588 491 625 ad
515 587 666 624 libitum
691 598 899 636 componat
924 590 960 625 ὃ(
987 587 1225 630 introducam
1254 590 1579 640 quemadmodum
1593 590 1680 628 facit

67 649 105 685 δε
119 644 280 697 pistoria.
340 644 456 695 Quod
471 643 627 691 quidem
642 640 849 694 phantasiae
865 655 959 695 opus
975 643 1033 680 est.

120 703 397 739 Pnuosopfl
410 710 424 735 Ι
435 710 461 735 Α
487 696 676 734 individua
691 696 849 735 dimittit
865 712 874 739 3
903 711 1026 746 neque
1043 695 1303 747 impress'rones
1318 700 1456 748 primas
1471 699 1680 738 individuo-

67 764 166 804 r'um,
195 755 256 793 sed
273 756 453 791 notiones
469 754 514 790 ab
540 754 614 790 illis
628 753 815 790 abstractas
834 754 1100 805 complecsstitur
1116 770 1129 795 ‚-
1160 764 1270 801 atque
1285 755 1324 790 in
1346 752 1386 790 iis
1405 756 1681 804 componendis

70 814 109 850 &
131 808 350 856 dividendis,
379 821 422 846 ex
452 809 535 857 lege
560 817 712 845 naturae
738 809 774 844 δί
800 820 926 845 rerum
957 807 1117 859 ipsarum
1151 809 1350 855 evidentia,
1379 809 1554 847 versatur.
1611 812 1680 849 At·

67 879 141 917 que
161 866 236 904 hoc
250 864 398 915 prorsus
412 860 583 900 officium
599 862 648 900 est
663 873 774 911 atque
794 861 987 912 opificium
1010 862 1176 901 rationis.

121 923 256 959 HAEC
278 930 406 958 autem
428 918 546 956 irase
573 918 722 964 habere,
751 917 776 956 fi
799 919 882 967 quis
905 918 1220 955 intellestualium
1244 917 1406 969 origines
1430 929 1545 968 petat,
1574 919 1683 957 facile

68 986 206 1016 cernet.
262 974 457 1014 individua
478 973 557 1010 sola
588 973 736 1010 sensum
766 974 987 1023 percellunt,
1017 975 1083 1021 qui
1108 974 1319 1011 intellectus
1341 975 1448 1019 janua
1469 973 1528 1011 est.
1586 975 1683 1012 Indi-

68 1032 273 1070 viduorum
301 1042 435 1068 eorum
463 1030 644 1078 imagines
672 1027 743 1067 five
774 1025 1033 1078 impreffiones
1056 1041 1075 1066 a
1104 1028 1210 1066 sensu
1236 1040 1419 1081 exceptae,
1448 1029 1616 1079 figuntur
1643 1032 1684 1068 in

67 1088 266 1133 memoria,
295 1084 568 1134 atqueabeunt
596 1086 637 1121 in
660 1096 756 1131 eam,
786 1097 805 1121 a
833 1081 1020 1136 principio
1046 1095 1226 1134 tanquam
1246 1084 1424 1134 integrae,
1453 1085 1590 1122 eodem
1605 1097 1684 1137 quo

68 1151 270 1181 occurrunt
293 1141 437 1178 modo:
466 1140 536 1176 Eas
551 1139 674 1188 postea
693 1141 840 1186 recolit,
872 1142 908 1176 &
933 1138 1096 1177 ruminat
1112 1142 1236 1177 anima
1257 1139 1446 1181 humana3
1475 1153 1564 1190 quas
1579 1141 1683 1177 dein-

69 1209 156 1250 ceps
177 1207 240 1236 aut
269 1194 481 1247 simpliciter
504 1195 670 1232 recenset
686 1212 700 1237 ,-
730 1205 793 1232 aut
818 1193 899 1232 lusu
915 1196 1082 1243 quodam
1099 1195 1292 1235 imitatur3
1319 1205 1383 1232 aut
1409 1196 1685 1245 componendo

69 1251 322 1290 &dividendo
337 1252 484 1301 digerit.
533 1252 661 1298 Itaque
671 1250 820 1298 liquido
832 1249 985 1295 constat,
1005 1262 1047 1286 ex
1063 1251 1183 1287 tribus
1198 1249 1252 1286 his
1268 1250 1450 1296 fontibus,
1462 1252 1683 1299 memoriae,

69 1305 277 1360 phantafiae
296 1309 332 1343 ὃς
354 1306 523 1351 rationis,
552 1304 621 1341 effe
639 1315 712 1342 tres
732 1304 811 1342 illas
832 1306 1102 1352 emanationes,
1123 1305 1305 1350 historiae,
1321 1305 1488 1357 poeseos,
1505 1308 1541 1342 ἃ
1562 1305 1684 1355 philo-

70 1362 242 1413 sophiae;
271 1373 340 1399 nce
366 1360 450 1398 alias
478 1370 540 1398 aut
561 1360 683 1411 plures
707 1360 777 1397 ess'e
806 1359 916 1409 poss'e.
974 1359 1128 1396 Etenim
1156 1359 1348 1397 historiam
1365 1363 1401 1396 ὃ(
1417 1360 1685 1410 experientiam

69 1430 142 1468 pro
157 1417 289 1455 eadem
310 1429 349 1453 re
373 1416 576 1458 habemus3
605 1415 931 1466 quemadmodum
947 1413 1060 1451 etiam
1074 1414 1353 1467 philosophiam
1374 1417 1410 1452 ὅ(
1426 1414 1608 1453 scientias.

125 1474 166 1511 N
174 1482 302 1523 EQUE
326 1472 396 1508 alia
411 1469 607 1507 censemus
625 1470 672 1506 ad
687 1470 904 1519 theologica
918 1468 1122 1521 partitione
1137 1481 1230 1521 opus
1245 1469 1325 1507 effe.
1380 1468 1574 1508 Differunt
1587 1481 1685 1508 certe

68 1525 362 1566 informationes
377 1526 518 1563 oraculi
539 1527 576 1562 δε
600 1524 735 1571 sensus,
766 1527 803 1562 ὅ(
825 1537 865 1562 re
887 1527 924 1562 ὅ(
952 1525 1075 1562 modo
1096 1523 1329 1562 insinuandi:
1359 1524 1420 1561 sed
1446 1524 1594 1576 spiritus
1620 1525 1688 1563 hu-

70 1594 205 1622 manus
222 1593 318 1620 unus
340 1581 400 1628 est,
430 1579 579 1628 ejusque
602 1581 747 1617 arculae
770 1582 807 1617 ὅ(
829 1580 944 1618 cellae
967 1580 1133 1617 eaedem.
1189 1579 1245 1617 Fit
1274 1581 1412 1628 itaque,
1441 1592 1484 1617 ac
1506 1578 1532 1616 fi
1555 1579 1687 1619 diversi

70 1639 251 1690 liquoreS,
279 1646 389 1688 atque
414 1647 481 1687 per
506 1634 646 1672 diversa
661 1635 915 1680 infundibula,
946 1633 985 1672 in
1008 1647 1130 1673 unum
1158 1645 1270 1684 atque
1299 1635 1401 1672 idem
1424 1647 1483 1672 vas
1508 1637 1688 1687 recipian-

70 1703 145 1731 tur„
201 1694 327 1744 Quare
349 1694 386 1728 δε
413 1690 620 1739 theologia,
659 1701 722 1728 aut
746 1701 789 1728 cx
815 1688 965 1728 historia
993 1690 1090 1728 saera
1119 1691 1289 1730 constat3
1329 1700 1391 1728 aut
1416 1702 1459 1727 ex
1487 1692 1687 1740 parabolis,

72 1760 167 1797 quae
190 1749 299 1785 instar
322 1745 468 1784 divinae
488 1745 643 1795 poeseos
658 1745 742 1784 sunt
759 1759 769 1787 ς
798 1756 861 1783 aut
885 1757 928 1782 ex
942 1747 1143 1797 praeceptis
1164 1749 1202 1784 &
1221 1746 1476 1794 dogmatibus,
1506 1756 1689 1795 tanquam

70 1802 229 1854 perenni
261 1802 421 1853 quadam
455 1799 702 1853 philosophia.
758 1801 876 1853 Qrod
902 1802 1006 1838 enim
1035 1802 1081 1838 ad
1110 1813 1193 1839 eam
1221 1811 1367 1853 partem
1390 1803 1566 1851 pertinet,
1596 1812 1689 1849 quae

71 1859 282 1896 redundare
303 1857 462 1902 videtur,
492 1855 728 1908 prophetiam
742 1855 929 1903 videlicet,
958 1869 999 1893 ea
1023 1854 1195 1894 historiae
1219 1868 1336 1906 genus
1351 1855 1424 1894 est:
1454 1857 1691 1908 quandoqui-

73 1914 161 1951 dem
177 1911 326 1951 historia
344 1912 483 1957 divina,
513 1923 554 1948 ca
577 1912 718 1962 polleat
737 1911 843 1963 supra
858 1912 1063 1950 humanam
1088 1912 1356 1962 praerogativa,
1387 1921 1427 1949 ut
1451 1911 1615 1948 narratio
1639 1911 1688 1947 fa-

73 1969 175 2006 stum
190 1968 408 2021 praecedere
423 1978 506 2004 non
522 1966 648 2004 minus
669 1979 783 2016 quam
801 1966 904 2017 sequi
930 1963 1057 2017 possit.

717 2161 759 2206 C
795 2163 841 2210 A
876 2163 926 2209 P.
993 2158 1052 2209 ΙΙ.

78 2263 262 2303 Partitio
282 2260 460 2313 historiae
479 2261 522 2298 in
543 2259 763 2299 naturalem
794 2258 843 2304 dy
872 2259 1046 2309 civilem,
1075 2257 1321 2311 ecclcjfiastica
1347 2257 1394 2302 dy
1418 2259 1599 2299 literaria
1616 2257 1692 2313 fitb

130 2318 247 2358 civili
270 2314 544 2370 comprehensa.
603 2314 788 2353 ‘Partitio
816 2314 998 2367 historiae
1020 2314 1219 2354 naturalis
1245 2315 1287 2353 in
1314 2313 1511 2366 historiam
1531 2328 1692 2369 genera·—

130 2375 290 2422 tionnm,
310 2371 789 2426 praeter-generationum,
819 2368 868 2415 ὠ
892 2371 1051 2414 artium,

207 2506 456 2550 ISTORIA
489 2517 552 2544 aut
582 2507 756 2545 naturalis
779 2505 840 2553 cst,
867 2514 930 2543 aut
950 2498 1090 2543 civilis}
1120 2507 1162 2543 in
1182 2506 1354 2553 naturali,
1383 2513 1536 2543 naturae
1558 2516 1616 2545 res
1635 2519 1695 2557 ge-

229 2565 298 2606 stae
322 2567 359 2600 &
382 2562 550 2601 facinora
565 2571 855 2602 memorantur3
885 2559 924 2598 in
954 2561 1069 2608 civili,
1097 2559 1311 2599 hominum.
1368 2561 1528 2598 Elucent
1548 2564 1695 2613 procul⁴

83 2621 202 2659 dubio
222 2619 410 2660 divinain
437 2616 612 2666 utrisque,
643 2616 706 2655 sed.
728 2617 847 2667 magis
876 2618 917 2654 in
946 2614 1125 2663 civilibus,
1154 2626 1197 2653 ut
1225 2614 1337 2653 etiam
1359 2617 1552 2665 propriam
1585 2618 1694 2656 histo-

84 2677 160 2714 riae
189 2675 351 2725 speciem
373 2673 612 2719 constituant,
641 2682 756 2722 quam
786 2671 924 2709 sacram
951 2681 1016 2709 aut
1039 2669 1310 2709 ecclcfiasticam
1334 2672 1515 2721 appellare
1544 2672 1697 2711 cousue-

84 2733 218 2769 vimus.
275 2727 399 2768 Nobis
422 2740 519 2767 vero,
546 2729 661 2765 etiam
689 2740 732 2765 ea
759 2727 906 2765 videtur
934 2727 1128 2765 literarum
1163 2728 1201 2763 ὅ(
1228 2727 1366 2764 artium
1390 2724 1564 2775 dignitas,
1594 2738 1634 2765 ut
1659 2727 1698 2766 iis

85 2784 234 2824 historIa
257 2784 406 2836 propria
428 2782 594 2820 seorsum
620 2781 773 2821 attribui
797 2783 954 2824 debeam
984 2794 1098 2831 quam
1126 2780 1193 2819 sub
1212 2779 1360 2819 historia
1383 2779 1480 2819 civili
1506 2782 1696 2831 (quemad-

86 2842 249 2878 modum
270 2842 306 2878 &
322 2837 609 2887 ecclesiasticam)
627 2837 899 2891 comprehendi
918 2835 1175 2887 intelligimus.

140 2897 267 2934 PART
279 2904 499 2932 ITIONEM
523 2892 692 2931 historiae
707 2894 882 2931 naturalis
897 2894 1102 2930 moliemur
1118 2904 1161 2929 ex
1183 2892 1274 2930 statu
1296 2893 1334 2930 ὅ(
1348 2891 1573 2930 conditione
1590 2890 1697 2943 ipsius

89 2959 254 2998 naturae,
283 2961 377 2998 quac
401 2948 441 2986 in
463 2947 602 2998 triplici
625 2948 715 2986 statu
744 2946 860 2998 posita
881 2949 1083 2994 invenitur,
1111 2949 1149 2985 &
1170 2957 1351 2997 tanquam
1367 2946 1535 2997 regimen
1551 2950 1697 2985 trinum

90 3005 198 3044 subit.
255 3005 337 3042 Aut
358 3004 460 3042 enim
475 3003 591 3042 libera
611 3001 660 3041 est
674 3013 818 3051 natura,
848 3005 885 3041 δε
905 3002 1013 3041 cursu
1025 3001 1210 3042 consueto
1226 3002 1262 3041 se
1276 3001 1474 3055 explicans,
1503 3013 1545 3041 ut
1560 3005 1600 3040 in
1616 3014 1699 3040 coe-

143 3062 260 3103 Vot..
290 3061 319 3098 I.
898 3059 915 3100 Ι
1660 3055 1702 3091 lis

1759 163 1821 224 65
