2040 3439
174 238 241 284 54

381 217 480 263 DE
532 208 1038 261 AUGMENTIS
1098 205 1728 254 sorENT1ARUM.
1777 187 1924 253 Liar.

313 310 554 351 fionificabat.
608 308 668 344 Eo
687 302 841 357 perculsi
863 305 1002 341 milites
1022 295 1462 351 &.plane·obstupcfaiti,
1498 302 1794 338 concionantem
1824 297 1929 339 dein-

314 343 399 416 cgps
415 374 597 416 perpetuo
613 361 865 398 obturbabant
883 376 896 401 ς
928 360 963 395 &
979 356 1164 407 postulato
1180 358 1248 394 illo
1264 353 1450 393 mistionis
1464 355 1687 408 posthabito,
1717 366 1851 394 contra
1866 357 1932 396 ob-

322 424 407 461 nixe
423 420 611 472 petebant,
640 425 680 452 ut
701 414 867 451 militum
883 414 1086 464 appellatio
1106 414 1157 449 cis
1176 413 1440 450 restitueretur.

375 478 650 514 SECUNDUM
671 468 740 506 fuit
765 466 993 512 hujusmodi.
1051 465 1166 517 Regis
1194 479 1338 504 nomen
1368 465 1504 504 Caesar
1534 464 1680 503 summe
1707 465 1903 504 affectabat
1922 481 1935 504 z

323 534 448 579 itaque
477 526 668 565 subornati
696 523 779 561 sunt
810 523 1003 570 nonnulli,
1039 523 1104 570 qui
1133 531 1434 572 praetereuntem
1465 521 1636 572 populari
1664 519 1934 560 acclamatione

322 596 449 630 regem
473 582 686 619 salutarent.
744 579 812 615 llle
834 577 1009 624 sentiens,
1046 577 1358 614 acclamationem
1386 586 1541 613 tenuem
1569 574 1686 620 fuiffe,
1722 587 1765 613 ac
1788 587 1934 618 raram;

324 626 526 689 negotium
550 637 638 680 joco
654 630 863 679 transmisit,
893 645 933 669 ae
952 630 981 677 ,sl
1002 642 1167 670 erratum
1191 633 1277 669 cffet
1297 630 1336 668 in
1360 631 1605 680 cognomine,
1635 627 1732 668 Non
1751 642 1822 669 rex
1831 629 1939 683 sitm,-

327 691 462 742 inquit,
498 687 567 741 fed
586 686 739 740 Caefizr.
798 688 955 725 Dictum
985 686 1071 724 sane
1101 686 1331 733 hujusmodi,
1367 696 1409 724 ut
1440 683 1465 722 fi
1492 686 1694 735 diligenter
1722 688 1940 734 excutiatur,

325 750 434 798 vigor
449 738 526 791 ejus
543 747 578 782 δε
594 744 745 794 pondus
758 745 819 780 vix
842 743 1000 794 exprimi
1021 739 1147 794 possit.
1204 743 1375 780 Primum
1393 742 1498 778 enim
1514 740 1789 777 recusationem
1809 743 1939 778 'nomi'-

327 806 386 842 nis
401 814 486 853 prae
506 799 542 838 se
565 799 718 846 ferebat,
749 798 808 835 sed
826 800 1047 846 neutiquam
1071 798 1225 834 seriam:
1255 796 1390 833 deinde
1411 798 1607 845 ingentem
1632 795 1822 844 quandam
1851 808 1941 834 con-

329 859 524 897 fidentiam
548 857 585 892 ὃ(
609 855 963 903 magnanimitatem
989 853 1240 893 monstrabam
1270 863 1311 889 ac
1326 850 1351 889 fi
1369 849 1535 888 Caesaris
1554 851 1768 900 appellatio,
1797 852 1941 889 illustri-

331 927 376 951 or
403 913 533 950 titulus
555 909 640 947 effct
661 920 775 957 quam
797 910 910 958 regis3
941 908 1045 955 quod
1059 907 1158 944 haud
1174 906 1275 945 secus
1295 908 1433 959 evenit,
1463 908 1499 942 δε
1520 904 1688 954 usquein
1707 905 1941 944 hodiernum

331 970 435 1006 diem
450 966 630 1004 obtinuit.
688 964 759 1002 Sed
781 963 885 1012 quod
906 964 1006 1000 illius
1035 964 1196 1000 maxime
1217 964 1409 1008 intererat,
1438 961 1512 998 hoc
1536 959 1692 1007 dictum,
1720 959 1872 998 summo
1891 974 1945 999 ar-

324 1012 465 1068 riticio,
494 1021 609 1058 finem
634 1018 740 1057 suum
771 1019 938 1068 urgebat.
994 1019 1080 1054 Hoc
1109 1019 1213 1054 enim
1243 1018 1437 1063 innuebat,
1469 1017 1503 1053 S.
1523 1016 1688 1066 RQR.
1718 1015 1765 1052 de
1790 1026 1841 1052 re*
1859 1016 1945 1064 levi,

335 1080 411 1117 hoc
426 1077 486 1124 est,
516 1077 676 1112 nomine
690 1084 852 1120 tantum,
883 1074 983 1120 (nam
1000 1071 1218 1125 potestatem
1235 1071 1373 1121 regiam
1390 1070 1610 1120 jampridem
1627 1070 1798 1118 habebat)
1821 1069 1947 1109 secum

337 1131 570 1171 contendere
586 1147 600 1172 ς
631 1141 672 1167 ac
686 1130 751 1166 tali
767 1127 936 1174 nomine,
965 1129 1074 1176 quale
1095 1129 1310 1176 complures
1329 1126 1443 1164 etiarn
1467 1138 1508 1162 ex
1530 1125 1680 1162 familiis
1708 1126 1874 1163 obscuris
1888 1139 1949 1178 ge-

339 1188 471 1226 rebant
486 1201 493 1223 :
523 1197 612 1222 nam
628 1195 847 1232 cognomen
865 1182 958 1231 regis
974 1184 1103 1219 multis
1119 1185 1389 1220 Romanorum
1405 1180 1636 1231 gentilitium
1652 1190 1742 1227 erat,
1771 1181 1950 1229 quemad-

340 1243 503 1281 modum
525 1242 562 1277 &
581 1252 653 1276 nos
673 1237 792 1275 simile
806 1238 985 1288 quiddam
1004 1237 1133 1274 nostro
1152 1238 1334 1274 idiomate
1355 1237 1546 1273 habemus.

395 1297 471 1337 UL
481 1307 505 1332 T
515 1305 574 1332 IM
584 1304 655 1332 UM
675 1293 779 1341 quod
794 1292 967 1329 hocloco
977 1301 1142 1342 repetere
1152 1293 1284 1342 placer,
1299 1293 1374 1329 tale
1388 1291 1472 1328 fuit.
1529 1290 1635 1328 Cum
1645 1289 1781 1328 Caesar
1789 1290 1870 1341 post
1878 1293 1953 1330 bel-

341 1354 422 1390 lum
434 1352 584 1395 initum,
598 1351 765 1387 Romam
781 1347 999 1397 occupasset,
1010 1358 1120 1395 atque
1137 1347 1292 1384 sanctius
1307 1347 1489 1383 aerarium
1503 1343 1708 1392 reclufiffet,
1724 1355 1765 1384 ut
1777 1349 1952 1396 pecunias

342 1408 395 1444 ibi
419 1404 608 1454 congestas
634 1403 672 1441 in
698 1402 781 1440 usus
807 1403 894 1439 belli
923 1404 1089 1449 tolleret,
1118 1401 1249 1439 restitit
1278 1403 1471 1448 Metellus,
1499 1410 1632 1453 utpote
1653 1411 1746 1438 tunc
1770 1405 1955 1455 temporis

343 1463 543 1499 tribunus;
572 1460 632 1496 cui
657 1457 805 1503 Caesar,
835 1455 879 1495 Si
899 1454 1057 1509 perstes,
1087 1458 1224 1505 inquit,
1253 1463 1427 1494 mortuus
1454 1468 1504 1493 es.
1561 1457 1664 1494 Dein
1686 1458 1892 1506 reprimens
1920 1458 1956 1497 se

346 1518 501 1567 paulum
537 1512 700 1559 subjecit,
729 1510 977 1564 Adolqshens‚
1014 1510 1150 1550 durius
1179 1510 1230 1562 est
1262 1510 1360 1550 mihi
1391 1508 1463 1548 hoc
1491 1508 1630 1558 dicere,
1669 1522 1784 1564 quam
1801 1509 1952 1564 facere.

346 1572 502 1610 Dictum
517 1579 595 1606 tam
611 1567 771 1605 mirifice
791 1580 834 1605 ex
854 1577 1001 1604 terrore
1021 1570 1058 1605 ὃς
1078 1568 1283 1605 clementia
1302 1567 1522 1613 conflatum,
1552 1577 1593 1604 ut
1616 1566 1711 1604 nihil
1731 1565 1846 1616 supra.

401 1628 588 1664 VERUM
611 1633 652 1660 ut
675 1622 874 1660 Caesarem
889 1624 1110 1663 mittamus3
1139 1624 1374 1673 perspicuum
1401 1620 1461 1669 est,
1490 1633 1577 1658 eum
1596 1621 1713 1671 probe
1736 1620 1801 1659 fibi
1817 1622 1958 1661 consci-

350 1694 416 1720 um
433 1680 515 1718 suae
535 1680 692 1716 eximiae
708 1676 931 1715 eruditionis
946 1677 1070 1719 fuiss'e3
1100 1687 1141 1715 ut
1167 1680 1285 1726 liquet
1302 1690 1343 1714 ex
1365 1689 1424 1724 eo,
1453 1677 1557 1725 quod
1572 1677 1846 1715 demirantibus
1864 1690 1960 1716 non·

350 1736 464 1774 nullis
492 1735 598 1772 Lucii
615 1734 736 1783 Syllae
759 1731 969 1780 confilium,
997 1732 1037 1770 in
1057 1733 1283 1783 deponenda
1304 1733 1496 1780 distatura,
1524 1733 1700 1771 cavillans
1718 1730 1825 1781 dixit,
1854 1731 1962 1786 Sylla

345 1789 524 1844 *nescivit
540 1787 691 1836 literas,
720 1786 868 1826 dirrare
887 1799 962 1826 non
975 1789 1122 1840 potuit.
1828 1803 1839 1805 ⁷·
1870 1803 1874 1805 *

405 1848 552 1884 NUNC
575 1855 699 1882 autem
722 1854 869 1893 tempus
887 1842 1033 1882 videtur
1048 1844 1273 1895 imponendi
1289 1843 1404 1881 finem
1432 1843 1519 1880 huie
1542 1842 1789 1880 dissertationi
1805 1843 1852 1881 de
1866 1844 1965 1883 arcta

351 1901 625 1951 conjunffione
649 1900 824 1936 militaris
836 1901 986 1937 virtutis
1012 1901 1048 1936 ὅ(
1063 1900 1272 1941 literariae3
1305 1899 1410 1951 (quid
1430 1897 1531 1935 enim
1552 1899 1592 1935 in
1613 1898 1688 1936 hoc
1706 1911 1856 1948 genere,
1885 1898 1966 1952 post

354 1955 613 1993 Alexandrum
637 1957 674 1992 ὃ(
696 1953 892 1992 Caesarem
917 1954 1038 1992 afferri
1058 1955 1177 2006 potest
1189 1956 1214 2003 ?)
1245 1953 1311 1992 nisi
1335 1954 1438 2003 quod
1455 1966 1614 1991 moveor
1627 1956 1738 1991 unius
1758 1955 1795 1991 ὅ(
1815 1956 1967 1994 alterius

357 2011 517 2060 exempli
541 2010 724 2059 dignitate
751 2012 788 2047 ὅ(
804 2008 1013 2057 insolentia,
1043 2023 1090 2047 eo
1113 2010 1217 2058 quod
1240 2020 1318 2047 tam
1335 2009 1459 2047 subito
1478 2006 1661 2046 tranfierit
1682 2022 1703 2046 a
1732 2009 1898 2048 ludibrio
1922 2011 1969 2048 ad

358 2067 594 2103 miraculum.
651 2064 710 2102 Est
725 2075 851 2102 autem
865 2065 1135 2117 Xenophontis
1161 2065 1390 2117 philosophi,
1418 2065 1483 2116 qui
1503 2076 1523 2101 e
1545 2065 1707 2102 Socratis
1732 2064 1825 2102 ludo
1843 2065 1968 2118 profe-

357 2122 438 2158 uus
462 2120 510 2158 cst
533 2122 574 2157 in
590 2118 730 2166 Asiam,
761 2133 849 2158 cum
875 2121 982 2169 Cyro
999 2120 1158 2167 juniore,
1188 2122 1228 2157 in
1252 2120 1492 2172 expeditione
1521 2129 1654 2156 contra
1684 2131 1812 2169 regem
1834 2120 1970 2159 Artax-

361 2188 499 2214 erxem.
555 2177 628 2212 Hie
647 2175 867 2225 Xenophon
889 2174 936 2212 eo
957 2186 1130 2227 tempore
1154 2174 1434 2224 peradolcsccns
1457 2175 1540 2222 fuit,
1568 2175 1605 2212 δε
1629 2186 1824 2223 nunquam
1853 2177 1973 2214 aciem

360 2241 424 2269 aut
445 2230 554 2268 castra
568 2229 721 2271 viderat,
750 2243 873 2279 neque
889 2240 980 2268 tune
996 2231 1264 2280 praefeCiuram
1279 2231 1442 2278 aliquam
1464 2231 1503 2266 iu
1528 2231 1701 2267 exercitu«
1713 2231 1878 2279 gerebat,
1908 2229 1971 2270 sed

363 2297 513 2324 tantum
534 2284 678 2335 sponte,
708 2286 760 2322 ob
778 2284 983 2322 amicitiam
999 2286 1173 2332 Proxeni,
1203 2286 1516 2337 proficiscebatur.
1572 2284 1718 2322 Aderat
1733 2284 1833 2323 forte
1853 2285 1973 2325 fortu-

365 2354 425 2388 na,
454 2352 542 2378 cum
558 2342 706 2378 Falinus
727 2353 746 2378 a
765 2353 908 2390 magno
928 2353 1014 2390 rege
1035 2341 1176 2390 legatus
1198 2341 1245 2377 ad
1261 2342 1424 2378 Graecos
1447 2341 1603 2385 veniret,
1632 2338 1825 2390 postquam
1849 2341 1972 2390 Cyrus

367 2398 408 2434 in
423 2398 500 2433 acie
515 2395 754 2443 occubutffer,
784 2396 918 2432 Gracci
943 2406 1069 2433 autem
1093 2395 1319 2445 (manipulus
1342 2395 1616 2433 tautummodo
1633 2394 1847 2444 hominum)
1878 2395 1975 2435 duce

368 2452 503 2497 orbati,
535 2452 574 2487 in
588 2452 717 2488 medio
732 2452 1012 2503 provinciarum
1028 2449 1179 2498 Pei-siae,
1209 2463 1228 2488 a
1244 2453 1360 2501 patria
1382 2450 1454 2497 sua,
1485 2449 1736 2499 plurimorum
1753 2452 1977 2489 milliarium

372 2506 575 2543 intervallis
598 2509 634 2543 ὅ(
653 2506 870 2543 fluminibus
892 2507 1062 2542 maximis
1085 2516 1194 2557 atque
1223 2503 1407 2543 altissimis
1431 2503 1618 2542 interclusi
1641 2504 1765 2542 essent.
1821 2505 1978 2557 Legatio

372 2560 446 2599 huc
466 2559 659 2609 spectabat,
687 2572 728 2599 ut
743 2559 866 2613 positis
889 2560 999 2597 armis
1023 2571 1132 2609 atque
1153 2561 1299 2607 deditis,
1329 2560 1364 2597 se
1391 2562 1513 2609 regiae
1540 2561 1763 2598 clementiae
1786 2559 1978 2600 submitte·

372 2624 470 2652 rent.
527 2614 600 2651 Cui
616 2616 796 2665 legationi
812 2626 1012 2664 antequam
1029 2616 1176 2667 publice
1198 2614 1418 2667 responsum
1433 2614 1534 2661 esset,
1563 2615 1778 2666 complures
1806 2628 1849 2653 cx
1879 2629 1979 2655 excr-

373 2671 453 2706 citu
468 2668 696 2707 familiariter
711 2683 798 2708 cum
819 2672 950 2708 Falino
970 2671 1283 2722 colloquebantur
1301 2685 1309 2708 ε
1339 2672 1440 2707 Inter
1460 2681 1556 2719 quos
1575 2671 1794 2722 Xenophon
1813 2672 1864 2708 ita
1879 2672 1980 2710 forte

379 2726 527 2763 locutus
543 2723 601 2762 cst.
658 2724 752 2772 Imo,
782 2728 918 2776 inquit,
949 2723 1100 2768 Faline‚
1129 2723 1224 2762 haec
1247 2723 1319 2762 duo
1345 2731 1501 2763 tantum
1524 2722 1632 2762 nobis
1649 2722 1742 2775 jam
1756 2724 1978 2778 superstent,

379 2790 488 2815 arma
519 2774 565 2824 df
590 2778 723 2816 virtus
736 2799 748 2823 ,-
777 2779 820 2830 st
841 2782 965 2832 zgitur
993 2792 1101 2818 arma
1131 2778 1326 2828 dedamus,
1365 2780 1427 2817 cuz·
1451 2778 1535 2832 ufiti
1566 2777 1738 2832 (obficro)
1769 2778 1876 2818 nobis
1902 2783 1981 2820 erit

381 2834 516 2871 virtus
534 2831 555 2870 ,Ρ
596 2834 650 2871 At
676 2835 819 2873 salinus
844 2836 1059 2874 subridens:
1091 2833 1154 2874 Ni
1166 2832 1306 2888 fallor,
1336 2834 1469 2883 inquit,
1498 2831 1748 2885 Atheniensis
1775 2848 1815 2873 es
1841 2835 1981 2886 (adole-

368 2886 501 2939 fimes)
525 2884 572 2929 c}
591 2885 855 2940 philosbphiae
874 2889 1073 2939 incumbis,
1089 2897 1207 2943 atque
1221 2887 1360 2928 bellula
1365 2888 1475 2942 fimt,
1498 2901 1595 2943 quae
1609 2886 1709 2927 dicis
1725 2908 1737 2933 ,-
1758 2888 1838 2943 fid
1861 2889 1980 2930 valde

383 2954 503 2989 erras,
520 2939 563 2993 st
577 2943 770 2980 virtutem
798 2943 964 2996 vcstram
992 2946 1111 2998 regiis
1137 2945 1256 2998 copiis
1274 2954 1410 2997 parem
1434 2942 1505 2995 eff}
1536 2940 1751 2982 arbitreris.
1809 2948 1904 2984 Ecce
1927 2949 1981 2984 lu-

385 2997 560 3035 dibrium.
617 2999 791 3047 Sequitur
824 3000 1059 3039 miraculum.
1117 3002 1296 3040 Novitius
1328 2999 1390 3037 iste
1419 3013 1462 3037 cx
1496 2999 1621 3037 schola
1655 3002 1691 3037 δε
1725 3001 1981 3054 philosophus,

381 3052 575 3108 postquam
594 3064 727 3092 omncs
748 3054 858 3095 duces
879 3058 914 3094 ὅ(
932 3054 1104 3107 Ριτιεῐεᾱὶ
1118 3054 1334 3107 proditione
1355 3056 1573 3105 interempti
1596 3055 1722 3098 ess'ent,
1751 3055 1882 3094 decem
1899 3057 1983 3093 mil—

1935 3112 1984 3149 lia
