2040 3439
62 208 283 286 eaput.
354 219 446 266 DE
482 218 926 266 AUGMENTIS
961 218 1492 275 SCIENTIARUM.

303 314 450 356 Altera
479 314 662 354 candenti
678 314 853 369 perfeffa
870 316 1000 355 nitens
1020 313 1217 368 elephanto
1232 334 1247 359 ‚-

297 369 376 410 Sed
390 369 503 424 falfiz
528 369 583 408 ad
601 370 742 409 coelum
771 372 937 410 mittunt
959 368 1145 422 insomnia
1167 382 1310 409 manes.

70 454 234 506 -Infignis
261 454 344 492 lane
374 453 651 504 magnificentia
668 463 799 504 portae
820 455 1027 495 eburneae3
1055 464 1184 492 tamen
1205 452 1348 491 somnia
1367 465 1452 491 vcra
1465 464 1529 504 per
1548 465 1677 492 corne-

72 523 146 558 ,am
174 519 401 548 commeant.

135 565 508 602 ADDITAMENTI
537 561 615 601 vice
644 565 736 612 poni
766 560 878 613 poffit
905 565 1001 600 eirca
1028 562 1237 601 dostrinam
1268 562 1428 600 ethicam
1463 562 1674 602 observatio

80 619 168 662 inm
195 618 350 657 inveniri
365 617 544 655 nimirum
572 617 793 656 relationem
822 621 859 655 &
885 620 1161 668 congruitatem
1184 618 1382 669 quandam,
1412 619 1509 655 inter
1529 618 1676 656 bonum

80 673 208 721 animi,
236 676 272 710 ὃ(
293 674 439 711 bonum
466 675 643 722 corporis,
700 675 802 711 Nam
817 671 906 710 ficut
929 674 1074 711 bonum
1090 672 1257 722 corporis
1275 672 1438 709 constare
1459 671 1617 710 diximus
1631 687 1675 711 ex

82 728 244 775 limitare,
265 728 554 777 pulchritudine,
583 728 732 774 robore,
752 741 796 765 ac
821 729 1032 779 voluptate3
1060 725 1107 764 fic
1120 726 1234 764 animi
1250 728 1408 772 bouum,
1436 726 1461 763 fi
1476 729 1574 771 juxta
1594 740 1676 766 mo-

85 785 170 822 ralis
182 784 372 821 doctrinae
390 782 474 820 scita
497 783 589 820 illud
608 783 920 834 contemplemur,
949 782 1021 819 huc
1046 783 1197 819 tendere
1216 781 1476 833 perspiciemus
1496 795 1507 822 3
1535 792 1576 820 ut
1599 782 1675 821 ani-

79 851 187 885 mum
214 838 343 875 reddat
377 837 518 884 sanum,
549 839 584 874 ὃ(
605 850 624 874 a
643 836 984 886 perturbationibus
1011 835 1248 877 immunem5
1278 836 1488 887 pulchrum,
1516 838 1670 886 verique

65 892 221 932 ,decoris
240 894 473 930 ornamentis
495 894 686 930 excultum
701 906 711 933 3
740 892 893 937 fortem,
925 904 968 928 ac
995 890 1129 940 agilem
1145 892 1189 928 ad
1207 893 1338 928 omnia
1351 892 1447 927 vitae
1462 893 1591 928 munia
1605 894 1673 930 ob-

76 948 219 990 eunda3
246 948 410 996 denique
433 959 513 984 non
529 947 727 998 stupidum,
746 946 806 983 sed
825 947 1026 998 voluptatis
1042 948 1078 983 ὅ(
1091 945 1211 983 solatii
1229 945 1372 982 honesti
1393 944 1538 982 sensum
1553 944 1673 984 vivide

55 1040 59 1049 ζ
78 1001 314 1048 retinentem.
368 1003 468 1040 Haec
487 1012 624 1048 autem,
653 999 742 1038 ficut
765 1000 803 1038 in
824 1013 993 1052 corpore,
1026 1003 1077 1038 ita
1093 1003 1126 1037 ὃ(
1144 999 1181 1037 in
1201 1003 1344 1046 animo,
1372 1011 1456 1036 rato
1470 997 1578 1038 fimul
1592 1012 1675 1038 om-

69 1059 139 1103 <gia
163 1058 456 1107 conjunguntur.
512 1057 630 1094 Facile
654 1054 755 1093 enim
782 1054 904 1093 videre
927 1056 976 1092 est
998 1057 1153 1102 multos,
1186 1054 1327 1104 ingenii
1346 1053 1481 1092 viribus
1502 1057 1539 1092 ὃ(
1571 1055 1675 1093 forti-

62 1113 209 1160 „tudine
229 1111 348 1150 animi
381 1113 578 1162 pollentes,
609 1123 704 1160 quos
734 1111 904 1148 infestant
940 1121 1066 1148 tamen
1088 1110 1410 1160 perturbationcs3
1438 1121 1676 1162 quorumque

67 1165 191 1207 «etiam
217 1168 386 1204 moribus
412 1165 469 1204 vix
490 1167 630 1214 aliquid
660 1167 862 1215 elegantiae
885 1176 947 1202 aut
972 1165 1177 1211 venustatis,
1206 1165 1433 1214 aspergitur:
1463 1165 1576 1201 Alios
1590 1167 1670 1213 qui-

66 1223 146 1268 bus
158 1222 308 1259 abunde
329 1222 377 1258 cst
395 1220 434 1258 in
452 1223 621 1258 moribus
645 1223 849 1270 elegantiae
871 1223 907 1258 ὃς
927 1219 1119 1257 venustatis
1129 1238 1142 1262 ,-
1171 1219 1242 1256 illis
1262 1230 1388 1256 tamen
1405 1230 1484 1255 non
1502 1218 1670 1270 suppetit,

73 1286 138 1315 aut
159 1277 322 1328 probitas
341 1278 470 1321 animi,
492 1286 532 1312 ut
561 1276 686 1322 velint,
716 1285 777 1312 aut
798 1275 901 1321 vires,
936 1285 977 1311 ut
1005 1271 1144 1324 pollint
1174 1274 1268 1311 re&e
1298 1285 1429 1323 agere:
1459 1273 1580 1320 Alios,
1595 1276 1671 1311 ani-

74 1343 145 1369 mo
164 1331 346 1384 praeditos
374 1331 542 1376 honesto,
571 1331 908 1378 atqueavitiotum
937 1329 1018 1366 labe
1044 1339 1253 1381 repurgato,
1282 1327 1345 1377 qui
1360 1338 1487 1364 tamen
1516 1340 1586 1365 nec
1607 1326 1672 1367 fibi

76 1384 158 1436 ipsis
196 1395 426 1423 ornamento
466 1384 563 1428 sunt,
592 1397 663 1421 nec
690 1383 910 1436 reipublicae
932 1382 1064 1421 utiles:
1095 1384 1220 1429 Alios,
1249 1385 1313 1433 qui
1344 1381 1495 1419 istorum
1522 1383 1670 1421 fortass'e

73 1441 189 1478 trium
209 1451 405 1492 compotes
425 1439 521 1486 sunt,
551 1439 611 1476 sed
632 1449 758 1476 tamen
774 1440 900 1476 Stoica
928 1439 1089 1487 quadam
1117 1436 1257 1475 tristitia
1278 1439 1314 1473 &
1339 1435 1544 1485 stupiditate
1570 1449 1670 1486 prae·

72 1493 155 1547 diti,
182 1493 327 1532 virtutis
348 1495 502 1544 quidem
526 1494 692 1531 affiones
719 1503 902 1539 exercent,
933 1492 1074 1542 gaudiis
1094 1504 1168 1529 noc
1196 1491 1447 1543 perfruuntur.
1504 1491 1621 1543 Quod
1639 1491 1666 1529 fi

69 1547 283 1599 contingat,
311 1562 354 1587 ex
376 1559 537 1597 quatuor
560 1546 630 1585 istis
651 1549 732 1585 duo
753 1558 816 1586 aut
843 1549 914 1585 tria
936 1546 1137 1596 aliquando
1163 1558 1394 1592 concurrere,
1424 1542 1603 1583 rariffime
1617 1556 1668 1583 ta-

71 1616 164 1643 men
187 1604 243 1652 fit,
277 1604 605 1654 quemadmodum
637 1602 809 1649 diximus,
837 1613 879 1641 ut
911 1604 1052 1640 omnia.
1103 1602 1192 1655 Jam
1217 1614 1308 1639 vero
1343 1600 1543 1652 principale
1580 1599 1671 1638 istud

70 1659 287 1702 membrum
309 1658 565 1712 philosophiae
591 1658 788 1705 humanae,
816 1669 911 1709 quae
941 1657 1141 1694 hominem
1169 1658 1458 1707 contemplatur,
1487 1665 1669 1704 quatenus

70 1726 117 1760 ex
134 1726 295 1766 corpore
320 1711 481 1752 consistit
509 1723 621 1762 atque
652 1714 792 1756 anima,
820 1713 881 1750 sed.
909 1722 1040 1751 tamen
1066 1712 1310 1763 segregatum,
1339 1713 1376 1748 ὅ(
1399 1710 1489 1748 citra
1521 1709 1667 1748 societa-

70 1777 166 1817 tem,
192 1781 215 1807 a
240 1769 353 1808 nobis
378 1768 639 1820 pertractatum
666 1767 726 1807 est.

1364 2997 1662 3046 FRAN-

1766 239 1862 286 213
