2040 3439
87 215 305 283 Cap.VII.
349 218 451 265 DE
502 212 1002 265 AUGMENTIS
1053 207 1662 269 SCIENTIARUM.

82 315 245 351 maxima
260 325 279 350 e
295 312 463 350 minimis
478 312 686 365 suspendat,
710 313 751 351 fit
768 314 1050 364 saepenumero,
1081 325 1122 354 ut
1137 313 1355 358 hujusmodi
1370 315 1532 364 historia,
1552 320 1698 364 maiora

85 379 234 406 tantum
249 368 450 418 persecuta,
481 371 725 418 negotiorum
746 381 928 420 pompam
943 372 1069 421 potius
1089 373 1127 408 ὃ(
1141 369 1324 417 solennia,
1355 383 1467 420 quam
1484 385 1619 410 eorum
1639 382 1698 413 ve'-

86 436 149 460 ros
173 422 325 461 fomites
346 426 382 460 &
397 432 558 460 texturas
582 423 795 461 subtiliores
810 425 999 467 ostendam
1030 423 1251 474 quinetiam,
1282 423 1347 463 etsi
1370 424 1523 465 consilia
1543 428 1618 480 ipsa
1637 432 1697 468 ad-

84 479 147 516 dat
173 489 284 527 atque
307 478 528 526 immisceat,
567 489 696 516 tamen
716 480 926 528 granditate
945 481 1123 530 gaudens,
1159 481 1242 530 plus
1264 481 1454 530 gravitatis
1479 492 1591 533 atque
1612 497 1698 535 pru-

82 533 244 580 dentiae,
273 545 386 582 quam
410 545 535 571 revera
549 534 700 581 habent,
730 535 904 572 humanis
927 537 1136 574 ael-ionibus
1155 535 1341 588 aspergam
1371 546 1412 574 ut
1433 536 1551 587 satyra
1575 539 1696 592 aliqua

83 584 197 638 poffit
223 588 292 625 effe
317 587 440 625 verior
464 588 650 626 humanae
670 591 767 626 vitae
794 591 930 638 tabula,
966 603 1080 640 quam
1101 592 1287 629 nonnulla
1314 603 1356 628 ex
1378 592 1561 638 ejusmodi
1587 595 1697 634 histo-

82 642 158 680 riis.
216 644 363 680 Contra
386 644 494 690 vitae,
523 641 547 680 fi
568 645 769 694 diligenter
793 648 829 682 δε
844 658 931 683 cum
953 646 1096 691 judicio
1113 645 1397 697 perscribantur,
1430 647 1566 697 (neque
1589 652 1695 690 enim

82 699 130 736 de
142 699 276 748 elogiis
290 700 325 735 δε
340 697 554 743 hujusmodi
567 701 998 738 commemorationibus
1015 701 1148 747 jejunis
1160 702 1369 750 loquimur)
1387 704 1697 753 quandoquidem

82 752 282 804 personam
298 751 521 802 {iugularem
540 766 611 803 pro
627 754 792 800 subjeeio
807 753 872 793 fibi
891 767 1122 806 proponant,
1151 757 1190 793 in
1207 768 1280 805 qua
1295 757 1436 794 neeesse
1452 757 1500 796 est
1514 760 1692 809 aet-iones,

83 821 167 846 non
189 809 316 846 minus
338 810 437 845 leves
459 820 572 857 quam
592 819 732 859 grach,
770 822 895 860 parvas
918 823 1031 859 quam
1055 811 1223 860 grandes,
1259 813 1414 860 privatas
1437 825 1550 861 quam
1574 817 1694 864 publi-

82 875 153 910 cas,
182 865 365 913 componi
385 866 422 901 &
441 865 702 906 commisceri3
733 864 817 903 sane
831 867 948 915 magis
963 865 1058 904 vivas
1079 868 1115 903 ὃς
1130 865 1218 902 fidas
1237 878 1365 903 rernm
1381 870 1625 918 narrationes,
1655 874 1694 909 ἀ

82 931 172 968 quas
198 919 244 955 ad
273 919 487 968 exemplum
513 922 630 957 tutius
655 922 693 957 &
714 919 858 958 felicius
883 921 1083 958 transferre
1110 916 1236 972 postis,
1273 921 1462 959 exhibent.
1522 923 1575 961 At
1604 927 1694 964 rela-

81 977 206 1019 tiones
226 972 417 1011 afflonum
442 973 624 1023 speciales,
656 976 795 1023 (quales
811 975 895 1014 sunt
912 977 1055 1013 bellum
1075 970 1338 1025 Peloponnesi,
1367 978 1559 1026 expeditio
1584 981 1693 1029 Cyri,

82 1029 297 1075 conjuratio
321 1029 524 1075 Catilinae,
563 1033 600 1067 ὅ(
627 1028 769 1079 similia)
795 1033 960 1068 omnino
983 1033 1137 1083 puriore
1160 1034 1197 1069 ὃς
1222 1032 1338 1081 magis
1363 1029 1507 1070 sincero
1526 1036 1694 1074 veritatis

82 1085 246 1122 candore
269 1083 387 1122 vestiri
412 1095 476 1133 par
500 1084 560 1132 est,
597 1098 710 1134 quam
731 1086 896 1123 historias
920 1087 1025 1132 justas
1048 1097 1289 1138 temporum3
1318 1088 1405 1135 quia
1425 1100 1694 1138 argumentum

80 1138 121 1176 in
148 1140 192 1176 iis
211 1139 327 1188 deligi
354 1141 390 1176 δε
413 1138 509 1176 sumi
538 1139 656 1191 potest
681 1142 804 1178 habile
829 1145 865 1178 61
888 1142 1108 1183 delinitum3
1146 1152 1257 1190 atque
1279 1141 1476 1190 ejusmodi,
1514 1155 1556 1182 ut
1576 1146 1622 1183 de
1644 1158 1694 1185 eo

80 1195 220 1246 notitia
244 1196 280 1231 ὃ(
295 1195 482 1232 certitudo
508 1196 607 1233 bona
628 1198 663 1233 ὃς
684 1199 793 1246 plena
816 1197 1042 1234 informatio
1056 1197 1183 1235 haberi
1207 1194 1343 1249 possit3
1374 1210 1463 1236 cum
1478 1210 1612 1238 eontra
1636 1202 1692 1239 hi-

81 1243 191 1302 storia
213 1249 391 1300 temporis
413 1250 642 1299 (praesertim
665 1264 760 1300 qnae
781 1262 899 1289 aetate
920 1252 1111 1302 scriptoris
1134 1255 1258 1289 multo
1274 1254 1467 1301 antiquior
1490 1252 1545 1302 fit)
1569 1257 1695 1294 neces—

83 1304 178 1342 sario
192 1303 232 1341 in
247 1307 435 1342 memoria
455 1318 581 1343 rerum
597 1305 736 1356 saepius
752 1307 891 1345 fiitiscat
908 1311 943 1345 &
965 1307 1078 1345 veluti
1098 1307 1207 1357 spatia
1222 1320 1334 1346 vacua
1351 1310 1544 1346 continear
1559 1324 1569 1351 3
1599 1324 1696 1360 quae

81 1361 240 1409 ingenio
264 1361 530 1407 &conjectura
554 1364 781 1414 occupari&
805 1363 966 1412 suppleri
988 1363 1071 1399 satis
1088 1364 1244 1400 licenter
1265 1363 1552 1402 consueverunt.
1607 1368 1694 1405 l-loe

79 1426 211 1452 tamen
234 1414 367 1466 ipsum,
398 1416 500 1464 quod
522 1416 569 1453 de
588 1418 817 1455 relationum
841 1417 1048 1456 sinceritate
1071 1416 1242 1464 dicimus,
1281 1430 1368 1455 cum
1393 1421 1613 1468 exceptione
1638 1423 1695 1460 ln-

81 1471 332 1519 teliigendum
349 1469 421 1511 est3
451 1483 539 1507 nam
563 1471 760 1510 sistendum
782 1483 883 1510 certe
907 1472 967 1519 est,
999 1473 1101 1520 (cum
1125 1474 1288 1510 humana
1304 1474 1436 1510 omnia
1457 1487 1499 1510 ex
1516 1487 1618 1523 parte
1643 1478 1694 1514 la·

82 1526 229 1572 borent,
259 1527 294 1562 ὃ(
319 1526 525 1562 commoda
549 1539 637 1563 cum
662 1529 922 1577 incommodis
937 1531 1014 1565 sere
1036 1539 1218 1577 perpetuo
1234 1528 1437 1573 conjunCia
1458 1526 1542 1574 sint)
1569 1531 1693 1576 hujus-

79 1580 188 1617 modi
213 1581 427 1627 relationes,
464 1582 679 1631 praesertim
709 1581 732 1619 ii
759 1581 825 1620 sub
851 1585 926 1632 ipsa
956 1595 1082 1621 rerum
1108 1583 1291 1633 gestarum
1319 1593 1492 1634 tempora
1519 1585 1692 1635 edantur,

82 1636 184 1682 (cum
207 1634 346 1685 saepius
362 1637 419 1673 vel
439 1637 486 1672 ad
509 1636 677 1685 gratiam,
706 1639 763 1675 vel
779 1638 824 1675 ad
844 1639 1025 1676 invidiam
1048 1638 1281 1688 scribantur,)
1311 1640 1487 1676 o‘nnium
1514 1641 1693 1679 narratio-

79 1702 174 1727 num
190 1692 329 1727 merito
351 1693 510 1728 maxime
527 1691 703 1741 suspeeias
724 1693 804 1730 effe.
864 1695 932 1731 Sed
951 1694 1072 1732 rursus
1091 1693 1176 1731 huic
1191 1694 1447 1731 incommodo
1466 1697 1579 1732 etiam
1598 1696 1692 1736 illud

79 1745 316 1783 connascitur
338 1747 572 1788 remediunn
609 1749 713 1796 quod
738 1750 822 1786 illae
847 1749 942 1799 ipsae
964 1751 1176 1797 relationes,
1206 1761 1293 1786 cum
1318 1760 1399 1786 non
1421 1761 1464 1787 ex
1489 1763 1563 1788 una
1585 1762 1691 1801 parte

81 1797 327 1838 solummodo
349 1801 408 1839 sed
432 1814 503 1853 pro
527 1802 751 1841 faffionibus
775 1806 811 1841 ὅ(
834 1806 997 1855 partium
1020 1803 1152 1850 studiis,
1183 1817 1226 1841 ex
1247 1814 1403 1853 utraque
1421 1815 1524 1856 parte
1549 1806 1695 1857 semper

80 1856 159 1893 fere
188 1857 358 1903 edantur,
397 1858 494 1895 viam
525 1858 599 1895 hoc
625 1860 733 1909 pac‘to
761 1860 948 1907 quandam
977 1861 1135 1907 veritati,
1175 1870 1353 1908 tanquam
1383 1861 1483 1897 inter
1513 1872 1693 1911 extrema,

80 1913 251 1961 aperiunt
274 1915 309 1949 ὃ(
326 1914 525 1953 intiniunt3
554 1924 665 1962 atque
685 1915 877 1966 postquam
900 1914 1165 1952 contentiones
1180 1916 1399 1952 animorum
1420 1915 1692 1966 deferbuerint,

79 1965 256 2004 historico
278 1967 384 2004 bono
409 1970 444 2005 δε
467 1969 646 2020 prudenti
670 1982 751 2007 non
772 1967 929 2022 peilima
941 1969 1114 2008 historiae
1137 1970 1375 2021 perfectioris
1396 1972 1553 2008 materia
1577 1974 1614 2010 ὅ(
1638 1972 1693 2020 sei

79 2025 217 2066 menti-3
233 2021 329 2059 sunt.
1272 2069 1274 2075 y

133 2079 276 2128 QUOD
299 2090 389 2115 vero
405 2077 449 2114 ad
473 2091 526 2125 ca,
557 2091 650 2127 quae
675 2078 712 2117 in
734 2079 790 2117 his
815 2081 932 2118 tribus
952 2080 1124 2118 historiae
1149 2080 1349 2130 generibus
1370 2077 1565 2118 desiderari
1590 2081 1691 2120 vide-

77 2143 208 2173 antur3
237 2133 395 2170 dubium
412 2145 509 2170 certe
532 2147 611 2171 non
632 2136 692 2182 est,
722 2138 814 2184 quin
836 2138 1019 2186 plurimae
1034 2136 1205 2173 historiae
1224 2136 1459 2185 particulares
1477 2134 1540 2176 (de
1556 2138 1693 2175 talibus

78 2189 274 2236 loquimur
298 2201 392 2236 quae
408 2190 476 2225 elie
493 2187 646 2240 possint)
674 2193 827 2236 alicujus
843 2192 1046 2240 dignitatis,
1075 2202 1137 2228 aut
1153 2193 1267 2228 etiarn
1289 2191 1572 2237 mediocritatis,
1602 2203 1691 2230 cum

79 2244 245 2279 maximo
261 2255 465 2292 regnorum
481 2249 516 2281 e':
534 2247 906 2296 rerumpublicarum,
927 2247 1062 2294 quibus
1077 2246 1275 2292 debentur,
1296 2246 1454 2282 honoris
1467 2247 1503 2282 ὅ(
1518 2249 1690 2285 nominis

78 2298 323 2344 detrimento,
340 2298 527 2347 hucusque
541 2299 807 2348 practermissae
821 2299 902 2346 lint,
919 2313 1008 2349 quas
1022 2311 1151 2337 notate
1165 2302 1392 2350 perlongum
1406 2300 1502 2337 ess'ct.
1554 2301 1688 2339 Caete-

77 2366 164 2390 rum
188 2364 396 2390 exterarum
413 2357 614 2392 nationum
640 2356 804 2393 historias
820 2366 1035 2393 exterorum
1061 2367 1169 2393 curae
1186 2356 1400 2406 relinquens
1426 2356 1488 2403 (nc
1504 2356 1603 2393 forte
1622 2354 1689 2395 fim

78 2410 118 2445 in
134 2411 253 2453 aliena
269 2410 456 2458 republica
473 2410 637 2447 curiosus
650 2412 672 2457 ς)
697 2423 777 2448 non
794 2411 938 2460 poil'um
955 2418 1034 2448 non
1052 2411 1147 2462 apud
1164 2410 1388 2455 majestatem
1405 2420 1508 2447 tuam
1524 2423 1689 2460 conque-

79 2466 123 2509 ri,
152 2465 198 2501 de
219 2463 387 2501 historiae
405 2465 582 2514 Angliae,
613 2478 707 2514 quae
728 2478 808 2503 non
824 2467 993 2513 habetur,
1021 2465 1161 2503 vilitate
1186 2469 1221 2502 ὁ(
1238 2465 1474 2514 indignitate,
1505 2477 1689 2514 quatenus

79 2523 123 2556 ad
140 2531 274 2569 corpus
297 2520 374 2565 ejus
390 2522 604 2570 integrum3
633 2534 703 2559 nec
726 2534 807 2558 non
823 2521 993 2559 historiae
1015 2522 1162 2559 Scotiae
1179 2520 1374 2569 iniquitate
1390 2524 1426 2558 <Sc
1447 2521 1685 2572 obliquitate,

79 2585 260 2623 quatenus
275 2575 320 2610 ad
344 2576 542 2613 authorem
559 2578 636 2623 ejus
658 2573 951 2614 recentissimum
969 2579 1006 2614 ὃ(
1030 2577 1285 2614 uberrimum:
1326 2585 1498 2625 reputans
1520 2588 1687 2625 mecum,

80 2630 333 2667 honorificum
353 2631 561 2668 admodum
577 2632 754 2677 majestati
775 2643 860 2670 tuae
883 2632 1067 2679 futurum,
1096 2643 1206 2680 atque
1227 2643 1318 2683 opus
1332 2631 1535 2681 posteritati
1559 2632 1688 2682 gratis-

78 2680 234 2726 1inium5
265 2683 288 2721 fi
310 2686 634 2733 quemadmodum
655 2686 771 2724 insula
786 2688 876 2725 haec
895 2689 1058 2737 Magnae
1074 2688 1299 2733 Britanniae,
1328 2685 1363 2724 se
1378 2698 1481 2724 nunc
1504 2687 1544 2723 in
1567 2699 1682 2725 unam

78 2741 338 2789 monarchiam
362 2742 551 2789 coalitam,
580 2742 625 2779 ad
653 2742 847 2791 sequentes
869 2746 1004 2780 aetates
1027 2741 1268 2782 transinittit3
1299 2742 1350 2779 ita
1374 2742 1411 2778 in
1439 2753 1511 2779 una
1533 2740 1682 2780 historia

78 2795 268 2847 descript-a,
296 2808 317 2832 a
332 2795 536 2847 praeteritis
561 2796 708 2835 saeculis
732 2808 981 2850 repeteretur;
1012 2798 1149 2835 eodem
1171 2797 1291 2834 modo
1305 2809 1384 2846 quo
1407 2797 1599 2834 historiam
1619 2797 1683 2835 de-

77 2862 160 2891 cem
184 2851 351 2888 tribuum
377 2853 483 2900 regni
507 2851 658 2899 Israelis,
697 2855 734 2890 ὃ(
756 2854 915 2891 duarum
940 2853 1108 2890 tribuum
1134 2853 1238 2901 regni
1255 2851 1387 2904 Judae,
1416 2862 1595 2901 tanquam
1619 2865 1681 2902 ge-

77 2907 243 2952 mellam,
272 2905 367 2943 sacra
387 2908 522 2957 pagina
545 2907 707 2945 deducit.
762 2908 879 2960 Quod
904 2905 928 2944 fi
953 2908 1073 2945 moles
1097 2906 1310 2950 hujusmodi
1332 2905 1514 2954 historiae,
1543 2919 1680 2956 magn-a

79 2971 177 2997 certe
204 2963 241 2998 ὅ(
268 2961 391 3007 ardua,
436 2974 515 3010 quo
539 2964 663 3000 minus
698 2964 821 3000 exacle
853 2964 890 2998 δε
918 2975 989 3014 pro
1016 2961 1196 3011 dignitate
1222 2962 1477 3012 perscribatur,
1511 2962 1680 3000 videatur

78 3015 266 3062 obfutura,
297 3029 380 3052 ecce
395 3017 464 3053 tibi
480 3019 770 3055 memorabilem
786 3019 911 3054 multo
926 3016 1144 3066 angustioris
1159 3020 1338 3070 temporis
1353 3017 1566 3069 periodum,
1594 3028 1683 3065 qua-

78 3083 184 3108 tenus
209 3071 252 3107 ad
280 3070 466 3109 historiam
488 3071 664 3123 AngHae,
697 3075 879 3111 nimirum
901 3073 946 3110 ab
970 3075 1112 3112 unione
1136 3072 1303 3112 rosarum
1328 3074 1371 3111 ad
1397 3074 1581 3111 unionem
1604 3083 1683 3120 reg-

110 3127 239 3170 ,Von
272 3128 297 3162 l.
868 3130 903 3168 K
1521 3137 1684 3167 norum5

1775 231 1842 293 ³73
