2040 3465
211 209 797 258 R‘EDARGUTIO
847 211 1651 263 PHILOSOPHIARUM.

125 308 262 359 sophia.
318 310 378 345 Illi
403 310 508 346 enim
530 309 589 346 vel
617 309 709 346 ludo
736 311 796 347 i'el
825 309 966 358 gloriae
989 323 1066 348 erat
1082 312 1449 360 quaestionesminus
1465 314 1580 361 utiles,
1610 314 1736 364 primo

125 363 341 410 subornare,
371 364 508 400 deinde
530 364 738 402 confodere
758 379 766 404 3
798 376 837 402 ut
859 378 929 413 pro
950 367 1122 404 ass'ertore
1138 367 1298 406 veritatis
1313 370 1658 407 coiitradieiioiiutzi
1680 383 1732 407 ar-

122 419 213 457 tifex
236 417 289 456 fit.
346 415 511 456 Peffimo
540 418 642 455 enim
662 421 699 456 ἃ
726 422 901 469 exemplo
922 424 958 458 ὅ(
981 421 1139 460 successu
1163 422 1314 460 scientia
1340 424 1498 462 traditur
1523 437 1587 474 per
1606 426 1728 473 quaes⁴

122 476 247 511 tiones
274 472 574 520 subministratas,
615 486 818 525 earumque
852 475 1069 514 solutiones.
1137 476 1213 529 Qui
1251 480 1354 514 enim
1385 479 1480 515 benc
1509 476 1668 517 affirmat
1692 483 1729 518 δ(

123 530 270 578 probat,
299 531 336 566 &
364 527 557 566 constituit
582 530 618 566 &
640 531 868 579 componit3
898 532 928 567 is
949 543 1092 569 errores
1116 534 1152 569 ὃ(
1179 533 1410 571 obice-dones
1430 535 1544 583 longe
1565 534 1729 572 summo-

122 595 183 621 vet
209 587 247 621 δε
274 585 390 621 veluti
420 583 567 620 eminus
587 585 746 634 impedit
770 587 807 622 &
826 585 943 634 abigit
960 600 970 626 ε
999 585 1063 635 qui
1083 598 1206 624 autern
1224 599 1310 625 cum
1326 586 1473 637 lingulis
1494 590 1728 636 colluciatur,

119 637 150 676 is
175 637 318 676 exitum
346 640 400 676 rei
420 640 571 676 nullum
588 640 733 677 invenit
758 639 819 677 sed
847 640 1114 692 disputationes
1138 641 1233 679 serit.
1289 643 1392 695 Quid
1409 644 1511 680 enim
1528 656 1620 695 opus
1636 642 1677 682 fit
1692 648 1727 682 ei

121 693 184 742 qui
206 706 327 731 unum
348 695 503 731 luminis
533 695 570 731 &
592 694 755 732 veritatis
783 707 917 744 corpus
937 697 1079 734 clarum
1103 698 1140 734 ὅ(
1164 697 1356 735 radiosum
1379 699 1418 734 in
1448 699 1579 735 medio
1606 698 1727 736 statuit

103 761 231 798 „parva
252 749 434 797 quaedam
460 751 497 786 ὅ(
520 749 656 799 pallida
684 749 994 788 confutationum
1023 751 1208 800 ellychnia
1233 753 1279 789 ad
1307 764 1442 790 omncs
1470 765 1644 790 errorum
1664 766 1725 790 an-

118 805 228 854 gulos
254 803 515 841 circumferre:
545 803 703 842 solventi
721 807 791 842 alia
806 806 931 853 dubia,
959 807 1030 843 alia
1044 819 1109 858 per
1123 805 1235 856 ipsam
1258 809 1361 844 illam
1387 807 1616 845 solutionem
1633 808 1724 845 exci-

117 861 214 897 tanti
243 871 286 896 ac
303 860 420 896 veluti
449 861 673 908 generanti?
702 872 833 897 verum
860 861 899 897 id
928 873 1049 907 curae,
1078 871 1119 909 ut
1139 862 1298 908 viderur,
1328 861 1520 912 praecipue
1546 863 1614 900 fuit
1639 864 1724 900 Ari-

117 913 252 960 stoteli,
281 923 321 951 ut
339 913 512 951 homines
536 914 716 952 haberent
730 925 855 967 parata
870 916 910 952 in
927 913 1077 965 singulis
1103 929 1198 964 quae
1218 916 1523 965 pronunciarent,
1553 930 1647 966 quae
1671 930 1725 955 re-

116 969 358 1020 sponderent,
374 972 410 1007 &
421 982 486 1021 per
501 981 596 1018 quae
607 969 642 1007 se
655 970 883 1020 expedirent,
898 972 1035 1021 potius,
1050 983 1163 1021 quam
1174 971 1265 1019 quid
1280 973 1429 1023 penitus
1438 973 1645 1020 crederent,
1664 982 1727 1010 aut

116 1025 264 1076 liquido
287 1026 510 1074 cogitarent,
538 1034 601 1062 aut
616 1037 702 1063 vere
726 1025 872 1062 scirent.
931 1025 1172 1078 Philosophia
1187 1037 1312 1063 autem
1333 1026 1444 1063 vestra
1458 1038 1535 1064 tam
1554 1028 1650 1064 bene
1665 1039 1723 1065 au-

116 1079 269 1118 thorem
285 1079 406 1126 refert,
436 1090 478 1116 ut
493 1078 737 1128 quaestiones,
766 1093 856 1129 quas
872 1081 934 1118 illc
950 1083 1084 1128 movit,
1114 1082 1176 1118 illa
1190 1081 1277 1130 figat
1292 1084 1329 1119 ὅ(
1345 1081 1452 1119 faciat
1468 1091 1654 1123 aeternas5
1682 1092 1723 1120 ut

115 1133 243 1186 quaeri
267 1133 447 1176 videatur,
477 1147 557 1172 non
581 1145 622 1172 ut
651 1137 780 1172 veritas
805 1146 968 1183 cruatur,
998 1135 1058 1173 sed
1083 1148 1123 1174 ut
1153 1135 1354 1185 disputatio
1381 1137 1519 1174 alatur:
1559 1138 1654 1174 adeo
1683 1149 1723 1174 ur

117 1188 272 1230 Nasicae
298 1189 481 1227 sententia
510 1190 566 1227 illi
595 1190 754 1227 Catonis
778 1191 1063 1243 praeponderet.
1121 1193 1258 1240 Neque
1286 1193 1389 1228 enim
1415 1190 1507 1228 illud
1536 1194 1657 1240 agitur
1683 1202 1723 1229 ut

112 1245 299 1295 temporis
321 1245 509 1297 progressu
544 1244 695 1283 sublatis
724 1245 858 1294 dubiis,
886 1257 1065 1294 tanquam
1081 1245 1243 1284 hostibus
1271 1259 1292 1283 a
1317 1256 1438 1295 tergo,
1467 1246 1511 1283 ad
1528 1249 1724 1284 ulteriores

113 1299 323 1353 provincias
338 1310 553 1349 penetretur
570 1314 580 1340 ς
610 1300 671 1338 sed
686 1311 727 1338 ut
741 1312 938 1352 perpetuae
953 1300 1035 1339 istae
1049 1301 1292 1350 quaestiones,
1320 1312 1498 1352 tanquam
1516 1302 1722 1352 Carthago,

114 1354 292 1393 militiam
311 1353 413 1392 istam
429 1354 643 1406 disputandi
658 1367 863 1393 exerceant.

171 1412 316 1463 Quor)
343 1422 436 1448 vero
461 1411 506 1447 ad
530 1423 691 1461 operum
715 1411 879 1448 fruCtum
906 1412 942 1448 ὅτ
967 1421 1197 1462 proventum
1220 1409 1378 1451 attinet3
1407 1409 1573 1448 existimo
1595 1424 1637 1448 cx
1660 1411 1723 1448 ista

115 1465 366 1517 philosophia,
394 1477 460 1517 per
483 1476 542 1503 tot
558 1478 747 1503 annorum
771 1465 883 1516 spatia
903 1466 1069 1504 laborata
1089 1469 1126 1504 ὅ(
1142 1467 1253 1513 culta,
1282 1479 1330 1503 nc
1356 1477 1474 1503 unum
1499 1467 1651 1514 quidem
1668 1479 1725 1504 ex-

114 1523 373 1574 perimentum
393 1520 526 1558 adduci
542 1521 655 1573 poss'e,
684 1522 788 1572 quod
803 1521 849 1558 ad
865 1520 1066 1558 hominum
1081 1520 1212 1559 statum
1229 1521 1427 1559 levandum
1445 1523 1480 1558 ὃς
1497 1522 1725 1573 locupletari<

115 1576 209 1615 dum
238 1575 385 1625 speeiet,
414 1578 451 1613 &
475 1575 734 1628 philosophiae
765 1575 1079 1627 speculationibus
1097 1589 1182 1614 vere
1207 1587 1401 1626 acceptum
1429 1575 1557 1613 referri
1586 1573 1723 1626 poslit:

113 1632 210 1670 adeo
224 1641 266 1668 ut
277 1631 478 1668 brutorum
493 1633 714 1668 animalium
731 1630 918 1668 instinstus
933 1632 1037 1682 plura
1052 1633 1202 1669 inventa
1219 1633 1442 1681 pepererint,
1463 1642 1576 1679 quam
1595 1633 1722 1669 doeio-

114 1698 198 1726 rum
228 1683 432 1724 hominum
454 1685 654 1723 sermones.
712 1687 807 1723 Sane
833 1685 966 1722 Celsus
990 1687 1153 1735 ingenue
1170 1689 1206 1723 ὃ(
1221 1687 1422 1738 prudenter
1439 1686 1573 1723 fatetur
1587 1690 1724 1737 experi-

115 1750 247 1780 menta
267 1740 476 1778 medicinae
497 1742 624 1793 primo
645 1742 797 1778 inventa
814 1740 930 1787 suill'e,
959 1752 1002 1776 ac
1025 1740 1344 1790 posteahomines
1372 1743 1467 1778 circa
1495 1753 1536 1777 ca
1563 1741 1725 1789 philoso-

114 1798 248 1848 phatos
272 1795 341 1833 effe
357 1798 394 1833 ὅ(
410 1796 531 1833 causas
551 1795 750 1848 explorasse
772 1798 807 1833 ὃ(
824 1791 1011 1843 affignafl'e
1027 1810 1036 1836 ς
1066 1808 1147 1832 non
1167 1796 1300 1832 ordine
1323 1794 1471 1832 inverso
1486 1795 1654 1839 cveniss'e,
1683 1807 1724 1834 ut

116 1865 161 1890 ex
188 1850 428 1905 philosophia
448 1854 485 1889 δε
505 1851 695 1888 causarum
721 1849 939 1900 cognitione
963 1849 1037 1902 ipsa
1061 1852 1315 1899 experimenta
1338 1851 1560 1900 deprompta
1584 1850 1723 1892 client3

116 1919 240 1959 neque
262 1905 325 1944 hic
351 1905 449 1944 finis.
504 1908 601 1945 Non
617 1907 714 1943 male
730 1908 832 1944 enim
850 1907 983 1942 merita
998 1905 1084 1942 esset
1097 1905 1334 1957 philosophia
1349 1904 1409 1942 ista
1425 1905 1472 1942 de
1487 1906 1655 1954 praCtica,
1684 1905 1723 1943 li-

116 1973 176 2000 cet
190 1974 275 2000 earn
288 1963 562 2014 >experimentis
584 1973 668 1999 non
692 1960 837 1999 auxiss'ct
855 1974 863 2000 3
894 1959 918 1997 fi
935 1971 1060 1997 tamen
1083 1959 1190 1997 usum
1207 1961 1285 2004 ejus
1299 1959 1491 1997 castiorem
1508 1962 1545 1997 &
1563 1961 1722 2010 pruden-

114 2019 254 2056 tiorem
270 2016 494 2064 reddidisset,
526 2017 645 2065 (quod
669 2016 816 2054 forrall'e
843 2015 965 2062 facit5)
997 2026 1107 2064 arque
1137 2017 1292 2052 interim
1316 2016 1391 2060 ejus
1416 2014 1658 2052 incrementis
1683 2019 1721 2053 ὅ(

117 2068 371 2124 progressibus
393 2072 490 2110 nihil
505 2071 691 2110 obfuisset.
747 2071 842 2108 Illud
860 2081 985 2107 aurem
1001 2072 1117 2119 magis
1138 2069 1376 2116 damnosum,
1406 2072 1443 2106 ὅ(
1459 2068 1722 2121 perniciosum,

118 2128 225 2178 quod
244 2129 398 2165 inventa
422 2139 503 2164 non
525 2127 647 2164 solum
665 2139 745 2164 non
770 2127 866 2171 edat,
898 2125 956 2162 scd
973 2126 1086 2162 etiam
1103 2127 1292 2174 opprimat
1308 2127 1343 2162 &
1360 2126 1564 2174 extinguat.

171 2185 294 2222 NAM
328 2179 514 2220 affirmare
545 2184 647 2228 licet,
676 2182 756 2227 filii,
785 2176 984 2227 verissime,
1015 2179 1227 2217 Aristotelis
1256 2180 1302 2216 de
1332 2190 1492 2230 quatuor
1528 2182 1724 2217 elementis

118 2249 385 2276 commentum
419 2249 501 2274 rem
534 2248 635 2274 certe
667 2238 818 2274 obviam
844 2237 881 2273 &
910 2237 1104 2287 pinguem,
1144 2234 1229 2283 quia
1255 2234 1470 2278 hujusmodi
1492 2246 1652 2283 corpora
1684 2237 1723 2271 in

116 2292 278 2331 maxima
306 2291 512 2342 quantitate
542 2295 578 2330 ὅ(
606 2293 712 2330 mole
741 2301 959 2337 cernuntur,
988 2291 1048 2328 cui
1077 2300 1205 2327 tamen
1235 2288 1298 2326 ille
1319 2291 1443 2339 potius
1458 2288 1724 2326 authoritatem

117 2360 232 2398 quarn
252 2349 481 2398 principium
509 2347 613 2384 dedit
637 2361 647 2389 3
683 2358 770 2385 cum
802 2345 1043 2394 Empedoclis
1069 2345 1168 2391 ess'et,
1196 2356 1216 2381 a
1244 2356 1323 2392 quo
1351 2344 1462 2382 etiam
1492 2344 1625 2382 melius
1647 2356 1725 2381 erat

117 2401 293 2454 positum,
324 2403 428 2451 quod
460 2403 582 2452 postea
614 2402 718 2439 avide
744 2413 765 2438 a
793 2400 948 2437 medicis
972 2410 1174 2449 arreptum,
1203 2410 1364 2448 quatuor
1397 2401 1719 2451 complexionum,

118 2468 280 2510 quatuor
311 2458 532 2503 humorum,
569 2468 731 2508 quatuor
760 2457 966 2508 primarum
995 2456 1217 2504 qualitatum
1253 2455 1538 2503 conjugationes
1570 2454 1648 2503 post
1691 2454 1725 2491 se

118 2512 251 2550 traxit:
280 2524 457 2564 tanquam
484 2512 694 2562 malignum
726 2513 762 2548 δε
791 2510 985 2547 infaustum
1013 2508 1106 2546 fidus
1138 2509 1337 2556 infinitam,
1368 2511 1405 2546 δε
1440 2509 1659 2555 medicinae,
1689 2511 1726 2546 δε

119 2567 376 2618 compluribus
409 2568 518 2604 rebus
545 2567 770 2604 mechanicis
802 2563 1031 2602 sterilitatem
1055 2564 1223 2609 attuliss'e,
1252 2565 1342 2601 dum
1374 2563 1548 2601 homines
1577 2575 1640 2612 per
1660 2565 1726 2601 hu-

119 2622 281 2670 jusmodi
311 2622 585 2660 concinnitates
615 2624 650 2659 ἃ
674 2619 957 2670 compendiosas
982 2619 1134 2669 ineptias
1160 2618 1223 2656 sibi
1250 2618 1409 2656 satisfieri
1439 2618 1630 2670 patientes,
1671 2620 1724 2655 nil

120 2679 278 2729 amplius
307 2688 462 2714 curant:
495 2679 532 2714 ὅ(
560 2678 658 2715 vivas
685 2678 721 2713 ὃς
742 2676 851 2713 utiles
881 2686 1004 2711 rerum
1027 2673 1303 2711 ohservationes
1331 2673 1476 2723 prorsus
1503 2672 1722 2710 omiserunt,

120 2734 249 2782 Itaque
272 2730 293 2769 li
312 2732 404 2768 illud
421 2744 565 2778 verum,
594 2743 644 2769 ex
657 2727 860 2782 frqubm
881 2741 1017 2775 eornm,
1047 2728 1178 2766 vidctis·
1200 2740 1298 2766 certe
1313 2741 1390 2779 quo
1407 2740 1462 2765 res
1478 2728 1641 2765 redierit.

173 2789 341 2826 AGITE
365 2799 468 2833 vero,
497 2786 575 2834 filii,
605 2789 641 2823 &
663 2784 761 2835 signa
792 2797 832 2821 ex
857 2785 1099 2821 incrementis
1120 2783 1329 2833 capiamus:
1358 2794 1471 2828 certe,
1502 2782 1526 2819 si
1556 2783 1616 2820 issa
1635 2784 1721 2820 doc>

119 2844 219 2881 trina
238 2844 346 2892 plane
372 2841 479 2878 instar
500 2843 647 2891 plantae
672 2852 692 2877 a
719 2839 887 2889 stirpibus
912 2838 982 2875 suis
1003 2839 1163 2876 revulsae
1196 2851 1276 2876 non
1306 2838 1405 2884 effer,
1435 2837 1494 2875 sed
1515 2839 1663 2886 gremio
1688 2840 1725 2873 δε

122 2907 232 2935 utero
253 2907 404 2934 naturae
421 2895 647 2942 adhaereret,
676 2906 785 2943 atque
804 2895 848 2931 al>
872 2894 1002 2930 eadem
1023 2896 1208 2933 alei-ctum
1238 2894 1275 2930 id
1302 2894 1464 2930 minime
1497 2904 1720 2929 eventurum

119 2952 252 2999 fuiss'ct,
282 2951 387 3000 quod
406 2963 471 3001 per
497 2963 618 2988 annos
648 2951 703 2986 bis
728 2950 833 2985 mille
849 2949 922 2994 jam
952 2948 1029 2985 fieri
1050 2949 1231 2994 videmus,
1264 2959 1307 2985 ut
1337 2947 1510 2985 scientiae
1530 2949 1569 2983 in
1586 2947 1722 2983 eodem

121 3008 200 3044 fere
219 3007 309 3044 statu
326 3016 502 3043 maneant
519 3007 554 3042 ὅ(
570 3006 756 3050 haereant,
785 3015 908 3052 neque
925 3014 1171 3053 augmentum
1189 3003 1343 3051 aliquod
1366 3002 1612 3039 memorabile
1631 3002 1725 3038 sum-

122 3061 250 3099 se'rint.
306 3062 506 3099 Poliuntur
526 3059 674 3097 sortasse
698 3070 975 3106 nonnunquam
1001 3059 1047 3095 ab
1062 3057 1202 3106 aliquo,
1233 3061 1268 3096 δε
1295 3057 1515 3094 illustrantur
1535 3057 1570 3093 ck
1585 3067 1729 3093 acconi-

122 3117 328 3155 modantur
345 3116 449 3164 (dum
466 3126 594 3154 tamen
607 3113 760 3153 interim
777 3114 821 3152 ab
839 3112 992 3152 intinitis
1015 3113 1200 3150 lacet-cnm
1209 3126 1222 3149 r
1241 3116 1269 3150 ὃς
1290 3111 1548 3149 deforment-ut
1563 3113 1597 3147 ὅ(
1614 3110 1731 3158 ἰιιηιιὶἶ

1156 3179 1164 3202 i
1582 3174 1729 3202 nentur*

1814 238 1908 283 119
