2040 3439
156 150 251 212 308

665 138 994 190 NOVUM
1063 111 1556 187 ORGANUM.
1792 138 1941 187 Libii.

333 242 502 281 'sentibus
522 237 735 289 assuefaEio)
757 238 987 276 videbuntur
1007 234 1173 273 curiosae
1192 235 1384 277 cuiusdam
1401 237 1436 272 &
1454 235 1601 272 inutilis
1617 234 1839 275 subtilitatis.
1876 240 1944 278 Ita-

337 310 411 348 que
426 297 560 335 dehoc
585 306 671 333 ante
698 294 829 331 omnia
849 294 885 329 ὃ(
906 289 1048 328 dietum
1076 293 1113 328 ὅ(
1127 290 1332 327 dicendum
1352 290 1419 327 cst.·
1469 291 1554 327 Hoc
1578 289 1739 331 scilieet3
1769 305 1840 330 nos
1861 294 1943 339 jam

337 354 405 392 sub
424 351 541 390 initiis
562 354 598 388 ὅ(
619 349 662 386 ad
684 355 844 397 tempus,
873 356 1022 383 tantum
1038 345 1193 382 lucifera
1216 347 1484 395 experimenta,
1513 357 1593 381 non
1617 344 1804 384 fructifera
1838 360 1944 396 quae-

340 420 446 448 rcre3
474 407 518 443 ad
540 404 756 456 exemplum
781 399 978 439 creationis
1006 401 1168 444 divinae,
1198 401 1303 449 quod
1339 399 1480 449 saepius
1507 401 1680 447 diximus,
1707 414 1802 452 quae
1821 402 1947 452 primo

341 464 402 500 die
418 463 542 499 lucem
561 466 709 496 tantum
734 457 921 510 produxit,
950 454 1057 504 eique
1081 456 1151 493 soli
1175 467 1295 492 unum
1331 457 1521 504 integrum
1542 455 1644 492 diem
1664 455 1853 504 atti-ibuit,
1885 471 1948 496 ne-

342 529 415 567 que
440 516 509 552 illo
531 515 592 551 die
621 514 822 566 quicquam
845 511 1038 548 materiati
1054 512 1178 562 operis
1202 510 1419 547 immiscuit.
1893 529 1904 547 ,-

395 572 583 621 ITAQJE
606 566 631 605 si
655 569 737 616 quis
767 564 972 603 istiusmodi
1002 577 1059 602 res
1077 564 1214 603 nullius
1242 565 1311 602 effe
1330 564 1414 602 usus
1437 574 1556 616 putet,
1590 564 1692 602 idem
1708 567 1946 615 cogitetanfi

342 627 492 663 nullum
503 626 617 662 etiam
633 624 724 660 lucis
734 621 802 659 effe
820 621 927 658 usum
944 620 1101 666 censeat,
1116 622 1204 669 quia
1220 632 1277 656 res
1292 619 1431 656 scilicet
1449 618 1565 657 solida
1579 631 1641 656 aut
1661 623 1855 660 materiata
1865 626 1947 662 n'on

342 679 394 718 sit.
450 680 581 731 Atque
609 690 734 715 revera
762 675 966 713 dicendum
987 675 1046 721 est,
1076 673 1299 726 simplicium
1328 685 1547 711 naturarum
1570 676 1834 723 cognitionem
1851 677 1945 716 bene

343 735 590 773 examinatam
621 735 658 770 ὅ(
682 731 874 769 definitam
897 730 1005 767 instar
1033 729 1123 767 lueis
1148 730 1217 767 esle
1233 748 1246 772 ,-
1276 742 1369 780 quae
1389 730 1434 766 ad
1456 728 1622 766 universa
1655 742 1813 780 opetum
1834 744 1946 784 pene-

341 792 448 828 tralia
470 790 615 827 aditum
634 788 809 840 praebet3
839 796 948 835 atque
964 796 1045 822 tota
1064 787 1216 834 agmina
1236 796 1392 835 operum
1417 787 1453 821 ὅ(
1481 796 1634 828 turmas,
1663 787 1700 822 ἃ
1715 788 1945 826 axiomatum

342 841 667 883 nobilissimorum
683 843 819 887 fontes,
844 838 1019 890 potestate
1033 841 1195 889 quadam
1210 839 1488 889 complectitur,
1504 842 1541 876 δε
1555 839 1633 889 post
1648 838 1682 876 se
1698 839 1828 882 trahit3
1856 841 1896 891 in
1910 841 1947 880 se

342 911 566 938 tamennon
590 901 640 936 ita
659 899 788 947 magni
804 895 886 933 usus
909 895 969 932 est.
1025 894 1129 947 Qiin
1153 897 1190 932 ὅ(
1214 897 1407 932 literarum
1429 892 1614 931 elementa
1629 894 1746 945 perse
1761 898 1797 933 &
1813 895 1947 946 separa-

318 958 324 962 ’
343 957 414 993 tim
444 955 539 992 nihil
565 951 781 1003 fignificant,
811 963 881 988 nec
900 951 1054 994 alieuius
1074 951 1157 987 usus
1172 950 1256 988 sunt
1272 949 1376 991 {sed
1407 961 1534 986 tamen
1557 950 1603 986 ad
1619 951 1745 987 omnis
1765 951 1946 990 sermonis

337 1008 656 1060 compositionem
687 1009 723 1044 ὅ(
751 1016 966 1056 apparatum
1000 1004 1108 1042 instar
1134 1004 1311 1043 materiae
1329 1006 1472 1054 primae
1506 1004 1601 1042 sunt.
1656 1006 1781 1042 Etiam
1807 1006 1951 1057 semina.

341 1078 469 1102 rerum
488 1063 666 1114 potestate
690 1061 820 1106 valida,
853 1060 933 1107 (usu
954 1058 1019 1097 nisi
1039 1062 1079 1097 in
1108 1060 1273 1111 processu
1305 1059 1386 1108 suo)
1417 1059 1524 1096 nihili
1548 1058 1645 1097 [unt.
1702 1061 1834 1110 Atque
1856 1063 1948 1102 lucis

343 1118 449 1171 ipsius
469 1117 558 1156 radii
586 1114 746 1167 dispersi,
776 1114 844 1153 nifi
871 1117 1018 1162 co'e'ant,
1049 1115 1275 1152 beneficium
1298 1114 1405 1152 suum
1428 1127 1509 1152 non
1530 1114 1808 1167 impertiuntur.
1875 1149 1877 1154 .
1900 1146 1904 1154 ,

396 1176 539 1226 QUOD
559 1171 583 1209 fi
607 1171 688 1222 quis
716 1169 975 1209 subtilitatibus
1004 1169 1237 1220 speculativis
1258 1170 1500 1211 offendatur;
1528 1171 1620 1218 quid
1647 1171 1695 1209 de
1729 1170 1948 1212 scholasticis

339 1228 425 1268 viris
445 1228 649 1266 dicendum
672 1225 752 1273 erit,
783 1227 848 1275 qui
870 1223 1131 1263 subtilitatibus
1157 1225 1387 1263 immensum
1411 1225 1667 1263 indulserunt?
1695 1227 1802 1278 Quae
1820 1235 1954 1267 tamen

342 1282 561 1322 subtilitates
590 1284 630 1320 in
663 1282 797 1328 verbis,
826 1291 891 1318 aut
919 1279 1049 1318 saltem
1074 1281 1288 1330 vulgaribus
1309 1281 1543 1327 notionibus,
1574 1279 1696 1330 (quod
1723 1282 1951 1324 tantundem

341 1337 457 1389 valet)
478 1351 559 1376 non
575 1340 615 1376 in
631 1337 739 1374 rebus
758 1347 820 1374 aut
839 1346 971 1373 natura
989 1335 1233 1385 consumptae
1248 1336 1400 1373 fuerunt
1413 1353 1427 1378 ,-
1457 1346 1569 1384 atque
1588 1337 1759 1374 utilitatis
1785 1347 1950 1386 expertes

343 1406 461 1441 erant,
491 1406 573 1431 non
593 1402 742 1430 tantum
757 1391 796 1428 in
815 1390 974 1440 origine,
1006 1390 1066 1428 sed
1082 1389 1193 1428 etiam
1215 1392 1255 1428 in
1278 1391 1558 1439 consequentiis
1575 1405 1583 1428 :
1604 1392 1715 1429 Tales
1728 1402 1853 1431 autern
1868 1389 1951 1430 nen

343 1450 509 1496 fuerunt,
539 1459 579 1486 ut
594 1448 774 1485 haberent
803 1446 842 1483 in
865 1444 1032 1497 praesens
1048 1447 1251 1483 utilitatem
1272 1447 1430 1491 nullam,
1459 1446 1519 1483 sed
1540 1458 1604 1497 per
1624 1441 1950 1496 consequensinfi-

342 1507 483 1545 nitams
513 1503 639 1553 quales
662 1502 746 1539 sunt
767 1514 831 1538 eae
846 1502 893 1538 de
917 1502 1052 1552 quibus
1068 1503 1273 1549 loquimur.
1332 1503 1415 1538 Hoc
1434 1513 1523 1538 veto
1549 1500 1661 1539 sciant
1683 1502 1859 1540 homines
1879 1514 1952 1553 pto

340 1571 464 1606 certo,
476 1570 634 1597 omnem
656 1556 897 1595 subtilitatem
914 1555 1210 1607 disputationum
1233 1559 1268 1594 ἃ
1284 1555 1513 1593 discurluum
1528 1558 1679 1603 mentis,
1694 1555 1720 1594 si
1733 1557 1952 1596 adhibeatur

344 1624 495 1652 tantum
517 1614 596 1665 post
624 1611 807 1650 axiomata
842 1613 1005 1658 inventa,
1033 1611 1152 1648 seram
1180 1611 1250 1648 esse
1279 1614 1315 1648 &
1344 1611 1640 1662 praeposteran15
1670 1614 1706 1649 ὅ(
1738 1611 1950 1653 subtilitatis

342 1680 488 1721 tempus
519 1680 654 1706 verum
683 1680 724 1704 ac
750 1668 958 1719 proprium,
987 1676 1051 1703 aut
1085 1665 1214 1704 saltem
1243 1668 1497 1717 praecipuum,
1526 1665 1720 1704 versatiin
1738 1664 1952 1717 pensitanda

341 1724 579 1773 experientia,
612 1726 648 1760 ὃς
674 1721 761 1759 inde
792 1722 1061 1759 constituendis
1093 1722 1367 1758 axiomatibus:
1397 1722 1500 1758 Nam
1529 1720 1592 1758 illa
1623 1722 1737 1760 altera
1763 1721 1950 1762 *subtilitas

341 1790 514 1817 naturam
537 1777 684 1829 prensat
705 1780 741 1815 <St
761 1787 895 1828 captat,
924 1776 984 1813 sed
1016 1788 1210 1824 nunquam
1236 1775 1480 1827 apprehendit
1498 1786 1559 1813 aut
1579 1778 1688 1827 capit.
1745 1778 1793 1814 Et
1815 1774 1949 1828 verissi-

342 1846 453 1871 mum
484 1844 582 1870 certe
611 1832 670 1877 est,
700 1832 804 1880 quod
833 1832 879 1868 de
908 1829 1102 1868 occasione
1137 1829 1206 1868 five
1245 1831 1399 1868 fortuna
1433 1831 1507 1867 diei
1532 1831 1639 1872 solet,
1667 1829 1693 1868 fi
1713 1831 1951 1873 transfezatur

341 1889 386 1927 ad
406 1899 596 1926 naturam:
626 1886 808 1933 videlicet,
838 1898 920 1923 eam
935 1899 959 1922 a
963 1883 1103 1937 fronte
1118 1892 1320 1932 comatam,
1348 1882 1396 1923 ab
1417 1885 1595 1937 occzpz'tio
1615 1883 1771 1924 calvam
1784 1884 1899 1937 effa„

398 1945 635 1994 DENIQUE
656 1942 703 1979 de
723 1951 949 1991 contemptu
974 1943 1014 1978 in
1039 1939 1197 1978 naturali
1220 1941 1368 1978 historia
1398 1953 1522 1978 rerum
1557 1952 1618 1978 aut
1645 1942 1963 1991 vulgariumaut.

343 2000 475 2036 vilium
506 2010 568 2036 aut
583 1999 698 2034 nimis
718 1996 922 2043 subtilium,
951 1998 989 2033 &
1012 1997 1052 2033 in
1073 1997 1283 2045 originibus
1302 1996 1374 2033 suis
1401 1994 1607 2043 inutilium,
1628 1997 1692 2034 illa
1710 2009 1784 2034 vox
1801 1998 1953 2037 mulier-

347 2055 453 2091 culae
479 2053 526 2090 ad
553 2050 743 2090 tumidum
779 2053 1001 2101 principem,
1030 2053 1096 2100 qui
1119 2050 1342 2101 petitionem
1370 2052 1458 2098 ejus,
1489 2062 1530 2088 ut
1563 2063 1643 2088 rem
1681 2051 1880 2102 indignam
1915 2055 1953 2090 ὃς

346 2108 531 2154 majestate
561 2108 621 2145 sua
648 2105 869 2144 inferiorem
896 2106 1093 2152 abjecisset,
1121 2118 1192 2156 pro
1215 2107 1372 2143 oraculo
1391 2105 1453 2147 fit3
1483 2103 1630 2156 Define
1649 2117 1736 2158 ergo
1759 2104 1925 2158 rex-effe
1940 2121 1952 2145 .-

346 2166 449 2215 Quia
473 2159 722 2200 certissimum
744 2162 804 2208 est,
834 2160 1036 2214 imperium
1057 2163 1097 2198 in
1119 2171 1304 2207 naturam,
1333 2160 1358 2198 fi
1378 2163 1461 2210 quis
1480 2161 1697 2207 hujusmodi
1717 2162 1825 2201 rebus
1843 2173 1885 2201 ut
1899 2163 1960 2213 ni-⁴

344 2219 416 2257 mis
441 2219 596 2255 exilibus
617 2220 653 2254 ἃ
674 2215 831 2254 minutis
854 2229 982 2255 vacare
1002 2218 1114 2262 nolit,
1145 2229 1215 2253 nec
1239 2215 1406 2254 obtineri
1428 2229 1496 2253 nec
1525 2218 1606 2266 geri
1633 2216 1744 2268 posse.

404 2274 557 2311 CXXII.
589 2274 799 2310 OccuRR
812 2283 861 2309 1T
891 2273 1004 2309 etiam
1031 2274 1068 2309 &
1090 2271 1210 2312 illud;
1238 2270 1407 2309 mirabile
1434 2271 1613 2323 quiddam
1647 2271 1716 2309 effe
1743 2275 1779 2310 ὃ(
1802 2272 1952 2320 durum,

350 2329 455 2378 quod
478 2341 549 2365 nos
578 2340 712 2365 omnes
741 2326 910 2365 scientias
939 2337 1049 2376 atque
1065 2339 1199 2364 omnes
1213 2327 1387 2364 authores
1401 2324 1521 2373 fimul,
1549 2339 1590 2364 ac
1605 2325 1720 2364 veluti
1735 2340 1815 2366 uno
1828 2328 1903 2368 istu
1916 2329 1965 2365 &.

350 2385 507 2433 impetu,
524 2383 826 2421 summoveamus
841 2399 854 2424 ,-
886 2382 997 2434 idque
1018 2395 1099 2420 non
1127 2381 1310 2432 assumpto
1325 2383 1454 2430 aliquo
1474 2394 1517 2419 ex
1541 2383 1705 2431 antiquis
1720 2383 1760 2419 in
1774 2384 1953 2422 auxilium

353 2441 390 2476 ὃ(
415 2436 636 2490 praesidium
659 2437 841 2485 nostrum,
872 2436 932 2474 sed
947 2435 1045 2488 quasi
1073 2436 1210 2475 viribus
1226 2439 1397 2486 propriis.
1887 2471 1889 2473 ,

407 2495 506 2531 Nos
529 2504 655 2531 autem
685 2492 832 2539 scimus,
861 2490 886 2528 fi
901 2494 1028 2530 minus
1043 2490 1179 2529 sincera
1199 2491 1271 2529 fide
1294 2504 1398 2541 agere
1419 2490 1668 2536 voluiss'emus‚
1698 2504 1781 2530 non
1803 2488 1965 2533 difficiles

352 2545 456 2584 fuiss'e
474 2549 595 2595 nobis,
626 2547 699 2594 ista,
734 2559 828 2596 quae
855 2546 1075 2594 afferuntur,
1104 2548 1162 2584 vel
1189 2548 1233 2584 ad
1262 2546 1413 2594 antiqua
1440 2545 1580 2584 saccula
1606 2557 1693 2584 ante
1723 2548 1954 2585 Graecorum

352 2611 534 2650 tempora,
565 2603 666 2648 (cum
687 2601 856 2640 scientiae
878 2602 925 2639 de
946 2612 1077 2640 natura
1098 2601 1216 2651 magis
1235 2601 1395 2649 fortass'e,
1424 2601 1485 2638 sed
1506 2613 1633 2639 tamen
1657 2603 1801 2647 majore
1815 2614 1900 2641 cum
1915 2599 1954 2639 fi-

352 2657 485 2703 lentio,
502 2657 697 2697 floruerint
712 2675 727 2700 ,-
757 2669 881 2706 neque
903 2656 942 2694 in
965 2657 1199 2695 Graecorum
1217 2657 1323 2694 tubas
1339 2659 1375 2694 &
1402 2655 1533 2693 fistulas
1555 2656 1675 2694 adhue
1699 2657 1907 2695 incidissent
1922 2654 1951 2706 ς)

353 2711 412 2747 vel
434 2713 547 2748 etiam
570 2712 651 2764 (per
673 2722 793 2764 partes
819 2712 930 2760 certe)
961 2712 1006 2750 ad
1038 2713 1184 2761 aliquos
1203 2724 1245 2749 ex
1278 2711 1426 2749 Graecis
1453 2709 1534 2761 ipsis
1567 2712 1717 2759 referre,
1745 2722 1856 2760 atque
1878 2711 1953 2750 asti-

353 2765 589 2816 pulationem
606 2769 642 2804 &
663 2768 853 2805 honorem
875 2767 963 2804 inde
978 2778 1103 2819 petere
1120 2781 1130 2808 3
1158 2779 1268 2804 more
1295 2778 1488 2804 novorum
1508 2767 1723 2813 hominum,
1739 2769 1803 2815 qui
1821 2765 1953 2805 nobili-

352 2829 472 2856 tatem
495 2818 560 2857 sibi
584 2834 625 2858 cx
650 2821 801 2872 antiqua
820 2823 941 2874 aliqua
955 2822 1135 2874 prosapia,
1164 2834 1228 2872 per
1248 2823 1554 2871 genealogiarum
1570 2822 1724 2867 favores,
1742 2822 1952 2860 astruunt&

351 2870 548 2923 affingunt.
608 2878 692 2913 Nos
715 2889 803 2915 vero
823 2889 947 2915 rerum
968 2876 1152 2915 evidentia
1180 2874 1282 2924 freti,
1306 2889 1465 2914 omnem
1486 2878 1696 2913 commenti
1723 2878 1759 2914 δε
1780 2876 1952 2926 impostu-

351 2940 413 2966 rae
438 2930 702 2968 conditionem
729 2931 924 2978 rejicimus,
954 2931 1077 2982 neque
1097 2933 1142 2970 ad
1163 2932 1201 2970 id
1222 2932 1325 2980 quod
1345 2934 1467 2981 agitur
1482 2933 1564 2982 plus
1579 2931 1748 2968 inter-effe
1769 2933 1971 2983 putamus,'

352 2994 493 3031 utrum,
521 2996 614 3036 quae
637 2986 713 3030 jam
742 2985 982 3026 invenientur
1000 2987 1161 3038 antiquis
1183 2988 1279 3025 olim
1300 2988 1463 3036 cognita,
1493 2988 1530 3023 ἃ
1557 2998 1621 3036 per
1643 2997 1766 3023 rerum
1784 2982 1970 3025 vicissitu-·

1226 3052 1242 3077 1
1852 3039 1953 3078 dines
