2040 3439
406 173 498 219 DE
535 170 987 218 AUGMENTIS
1023 163 1568 215 SCIENTIARUM.
1658 166 1900 215 Lib.V1·11.

347 266 547 314 Parab.9.
579 270 667 318 Qu
691 267 890 304 conturbat
920 264 1082 301 domum
1102 263 1220 309 suam,
1249 260 1450 315 possidebit
1473 274 1619 301 ventos.
1855 301 1857 304 ,

349 324 456 377 Exp.
492 326 668 371 U1‘1.LE
697 321 906 358 admodum
941 320 1150 364 monitum,
1181 320 1227 356 de
1255 318 1449 356 discordiis
1469 322 1506 356 ἃ
1534 320 1651 356 tiubis
1678 319 1900 358 domesticis.

289 380 447 421 Plurimi
469 379 585 422 enim,
614 389 657 414 ex
686 372 842 412 dissidiis
857 386 1032 418 uxorum,
1061 384 1124 410 aut
1147 373 1517 412 exliaercdationibus
1532 374 1715 420 filiorum,
1745 387 1808 412 aut
1824 387 1905 412 mu-

290 436 494 475 tationibus
520 431 779 480 frequentibus
807 428 983 474 familiae,
1014 440 1150 477 magna
1165 427 1231 465 sibi
1261 428 1448 480 spondent
1467 447 1480 471 ‚-
1514 441 1555 466 ae
1574 428 1599 466 fi
1615 429 1715 473 inde,
1745 431 1804 467 vel
1828 432 1906 467 ani-

291 494 347 528 mi
370 487 631 536 tranquillitas,
660 487 719 522 vel
748 496 873 521 rerum
895 483 1044 521 suarum
1058 482 1325 520 administratio
1349 482 1508 529 felicior,
1539 482 1605 520 sibi
1626 485 1832 521 obventura
1849 485 1906 523 fo-

291 557 359 584 ret.
416 546 487 580 Sed
507 543 715 594 plerunque
729 539 870 576 abeunt
898 538 976 588 spes
1003 538 1088 576 suae
1107 537 1147 575 in
1172 549 1317 576 ventos.
1374 540 1542 585 Etenim,
1573 549 1654 576 tum
1674 541 1906 578 mutationes

293 602 389 645 illae,
420 609 460 635 ut
485 597 692 648 plurimum
724 607 805 631 non
828 594 968 631 cedunt
998 595 1039 630 in
1059 591 1218 634 melit153
1247 603 1332 631 tum
1357 592 1470 631 etiam
1493 594 1772 643 perturbatores
1787 594 1842 632 isti
1856 594 1911 632 fa-3

294 656 421 692 miliae
446 652 539 698 suae,
571 648 754 687 molestias
777 651 904 695 varias,
935 652 970 686 δε
986 649 1300 698 ingratitudinem
1321 661 1468 695 eorum,
1501 662 1608 697 quos,
1636 649 1717 685 aliis
1735 651 1911 698 praeteri-

295 709 351 756 tis,
381 709 561 756 adoptant
592 708 629 743 ὃ(
654 705 838 754 deligunt,
869 704 1139 756 saepenumero
1172 706 1426 754 experiuntur.
1482 705 1590 755 Quin
1620 703 1658 740 &
1696 703 1771 741 hoc
1799 705 1914 754 padio

296 775 466 802 rumores
500 760 563 799 fibi
591 761 826 812 progignunt
855 772 937 797 non
965 758 1147 811 optimos,
1177 762 1213 796 δε
1237 759 1355 796 famas
1383 760 1601 809 ambiguas:
1631 761 1772 808 Neque
1801 761 1908 798 enim

265 851 273 855 .
294 820 394 856 male
409 830 428 855 a
446 816 635 854 Cicerone
655 825 830 852 notatum
848 815 918 856 cst3
935 816 1107 852 Omnem
1123 814 1262 851 famam
1277 827 1297 852 a
1316 813 1528 851 domesticis
1546 825 1707 851 manare.
1739 815 1915 859 Utrum-¹

295 886 369 926 que
385 884 511 910 autem
532 872 676 908 malum
705 882 769 919 per
788 882 993 908 ventorum
1014 866 1281 922 possessionem
1306 871 1497 919 eleganter
1514 882 1534 906 a
1551 871 1765 907 Solomone
1791 871 1909 921 expri-

296 928 433 967 mitur:
464 930 566 966 Nam
597 929 634 964 ὃ(
656 923 922 975 expectationis
935 925 1135 971 frustratio,
1165 927 1203 962 ὅ(
1231 936 1432 963 rumorum
1456 924 1658 971 suscitatio,
1673 925 1796 963 ventis
1813 925 1913 964 reste

298 993 578 1033 comparantur.

352 1035 500 1078 Ῥαγαύ.
523 1049 584 1074 10.
614 1037 659 1073 M
672 1048 828 1074 ELIOR
843 1035 892 1073 est
914 1035 997 1074 finis
1017 1034 1215 1083 orationis,
1244 1047 1358 1087 quam
1373 1036 1616 1088 principium.
1899 1074 1902 1079 ,

351 1092 458 1146 Exp.
491 1093 751 1130 CORRIGIT
780 1092 955 1143 parabola
975 1103 1142 1129 errorem
1164 1087 1520 1139 frequentissimum,
1549 1103 1631 1128 non
1662 1090 1786 1128 solum
1813 1090 1915 1142 apud.

299 1162 376 1196 σος,
407 1150 472 1197 qui
488 1148 609 1186 verbis
632 1148 827 1197 praecipue
855 1146 1015 1192 student,
1045 1158 1177 1185 verum
1207 1148 1321 1183 etiam
1349 1147 1446 1196 apud
1462 1147 1735 1196 prudentiores.
1793 1147 1828 1183 Is
1841 1143 1912 1193 est,

299 1205 403 1253 quod
432 1204 607 1240 homines
635 1203 681 1239 de
711 1201 932 1240 sermonum
959 1201 1114 1239 suorum
1137 1201 1241 1239 aditu
1269 1211 1380 1252 atque
1412 1200 1572 1251 ingreffu
1602 1199 1720 1251 magis
1734 1201 1806 1240 sint
1826 1200 1914 1240 soli-

298 1259 375 1306 citi,
404 1270 518 1308 quam
543 1258 589 1294 de
614 1258 739 1301 ‚cxiru5
771 1259 808 1294 &
835 1258 1040 1294 accuratius
1074 1256 1225 1293 exordia
1259 1259 1295 1293 ὃς
1323 1257 1633 1307 praefatiunculas
1667 1258 1916 1303 meditentur,

297 1326 412 1365 quam
427 1323 591 1350 extrema
609 1313 842 1349 orationum.
898 1313 1119 1349 Debuerant
1139 1321 1266 1349 autem
1290 1323 1361 1348 nec
1381 1312 1445 1348 illa
1468 1311 1670 1361 negligere,
1700 1311 1739 1349 ὅτ,
1767 1311 1843 1360 ista,
1871 1320 1914 1349 ut

297 1371 414 1420 longe
429 1369 591 1419 potiora,
620 1378 831 1416 praeparata
854 1368 890 1404 ὃς
908 1366 1044 1417 digesta
1072 1367 1170 1416 apud
1200 1365 1234 1404 se
1258 1366 1421 1408 haberc3
1452 1368 1688 1405 revolventes
1710 1367 1849 1415 seeum,
1877 1368 1918 1407 &

297 1433 482 1476 quantum
509 1422 590 1460 fieri
619 1421 750 1474 potest,
779 1423 911 1460 animo
938 1420 1213 1472 prospidentes,
1242 1423 1325 1470 quis
1344 1422 1499 1459 tandem
1523 1423 1641 1459 exitus
1661 1421 1845 1461 sermonis
1867 1419 1913 1460 fit.

298 1484 460 1525 iuturus,
490 1480 527 1516 ὃς
555 1478 758 1526 quomodo
786 1480 940 1527 negotia
960 1477 1048 1514 inde
1063 1478 1281 1528 promoveri
1308 1479 1537 1515 &maturari
1561 1473 1717 1527 possint.
1773 1480 1915 1527 Neque

300 1534 359 1572 liic
379 1533 472 1571 finis.
528 1531 718 1584 Quinimo
741 1545 823 1570 non
843 1534 1015 1583 epilogos
1030 1542 1194 1579 tantum,
1210 1534 1246 1569 &
1262 1531 1497 1579 sermonum,
1526 1531 1591 1581 qui
1605 1533 1651 1569 ad
1671 1532 1747 1583 ipsa
1760 1531 1916 1584 negotia

301 1590 478 1641 speciant,
494 1587 650 1638 egressus
664 1587 835 1625 meditari
860 1598 1013 1638 oportet
1029 1605 1043 1629 ,-
1074 1599 1207 1626 verum
1233 1588 1347 1624 etiam
1369 1589 1575 1625 &illorum
1590 1586 1810 1626 sermonum
1827 1599 1919 1627 cura

300 1644 542 1694 suscipienda,
573 1655 667 1692 quos
690 1642 754 1680 sub
782 1643 903 1695 ipsum
931 1642 1125 1680 discessum
1151 1643 1359 1680 commode
1381 1643 1571 1680 &urbane
1592 1642 1743 1688 injicere
1757 1639 1916 1696 poffint,

302 1701 390 1737 licet
405 1712 426 1736 a
445 1697 604 1748 negotio
623 1697 772 1749 prorsus
793 1698 943 1736 alienos.
975 1696 1161 1746 Equidem
1175 1695 1341 1747 cognovi
1355 1696 1586 1735 consiliarios
1599 1698 1695 1736 duos
1704 1697 1802 1736 viros
1815 1709 1918 1736 certe

302 1766 475 1804 magnos,
505 1756 540 1790 ὃς
564 1754 777 1803 prudentes,
814 1756 850 1791 &
874 1754 1010 1802 quibus
1038 1765 1134 1790 onus
1154 1765 1279 1790 rerum
1310 1763 1402 1790 tunc
1425 1754 1621 1805 praecipue
1650 1751 1918 1795 incumbebam

302 1809 435 1858 quibus
464 1809 558 1846 illud
578 1809 650 1846 fuit
679 1819 902 1859 perpetuum
931 1811 969 1846 ὃ(
993 1809 1202 1859 proprium,
1232 1818 1274 1845 ut
1303 1809 1453 1856 quoties
1477 1819 1565 1845 curn
1593 1808 1825 1860 principibus
1848 1808 1919 1847 suis

301 1866 348 1902 de
366 1863 529 1914 negotiis
549 1863 717 1913 ipsorum
732 1865 1074 1909 communicarent,
1105 1864 1299 1911 colloquia
1327 1864 1367 1900 in
1393 1863 1501 1900 rebus
1529 1862 1575 1899 ad
1591 1862 1664 1913 ipsa
1678 1862 1830 1915 negotIa
1845 1864 1920 1914 spe-

302 1919 488 1957 e'iantibus
502 1930 697 1967 nunquam
713 1920 960 1956 terminarent
982 1932 992 1960 3
1021 1930 1153 1955 verum
1174 1918 1318 1968 semper
1340 1928 1402 1955 aut
1423 1919 1469 1956 ad
1485 1919 1627 1965 jocum,
1663 1929 1725 1956 aut
1740 1917 1841 1957 aliud
1855 1921 1922 1957 ali-

301 1975 405 2026 quid,
436 1974 540 2023 quod
556 1974 683 2011 audire
712 1985 787 2011 crat
815 1975 965 2026 volupe,
994 1972 1212 2011 diverticula
1237 1984 1482 2022 quaererent3
1511 1983 1623 2021 atque
1645 1984 1687 2012 ut
1707 1975 1841 2024 adagio
1865 1975 1920 2016 di-,

303 2032 411 2077 citur,
430 2028 629 2081 fhrmones
657 2029 826 2066 marinos
849 2026 1164 2082 aquaflnviatili
1176 2025 1252 2081 fitb
1275 2035 1491 2067 extremum
1505 2025 1719 2067 abluerent.
1776 2031 1918 2080 Neque

305 2084 380 2122 hoe
408 2086 481 2121 illis
507 2084 605 2122 inter
635 2094 730 2121 artes
753 2083 985 2134 postremum
1009 2094 1096 2121 erat.
1909 2100 1911 2103 ·

358 2137 508 2177 Parab.
536 2150 595 2176 11.
630 2140 782 2177 SICUT
819 2139 968 2177 muscae
1000 2149 1175 2179 mortuae
1209 2139 1354 2177 foetere
1388 2138 1531 2177 faciunt
1554 2149 1796 2190 unguentum
1821 2141 1920 2192 opti-

305 2207 426 2243 mum,
456 2193 503 2232 sic
523 2194 725 2232 hominem
747 2194 956 2246 pretiosum
976 2193 1154 2244 sapientia
1174 2196 1211 2230 ὃ(
1240 2196 1372 2244 gloria,
1401 2207 1509 2245 parva
1536 2194 1698 2232 stultitia.

357 2247 464 2303 Exp.
495 2252 682 2302 INIQJA
715 2250 924 2287 admodum
951 2251 986 2286 δε
1006 2248 1138 2287 misera
1161 2248 1210 2286 est
1232 2248 1406 2287 conditio
1428 2250 1634 2288 hominum
1654 2249 1795 2289 virtute
1821 2263 1922 2303 prae·

304 2307 537 2352 cellentium,
571 2305 626 2352 (ut
649 2304 793 2354 optime
814 2315 923 2342 notat
942 2305 1129 2356 parabola)
1162 2306 1251 2354 quia
1284 2305 1472 2343 erroribus
1501 2317 1649 2351 eorum,
1680 2308 1923 2354 quantumvis

306 2358 506 2408 leviflimis,
536 2361 646 2397 nullo
659 2360 780 2398 modo
794 2360 1014 2410 ignoscitur.
1071 2361 1231 2407 Verum,
1259 2361 1587 2410 quemadmodum
1607 2362 1648 2398 in
1667 2373 1830 2411 gemma,
1850 2363 1923 2400 val-

308 2416 354 2452 de
382 2417 512 2462 nitida,
543 2417 752 2454 minimum
771 2416 950 2468 quodque
969 2416 1185 2466 granulum,
1214 2426 1277 2453 aut
1302 2416 1489 2454 nubecula
1517 2417 1652 2453 oculos
1675 2416 1762 2454 ferit
1787 2418 1923 2454 &mo-

308 2469 405 2507 lestia
425 2472 584 2519 quadam
605 2467 739 2513 afficit3
770 2471 875 2520 quod
895 2481 1022 2509 tamen
1045 2469 1071 2508 si
1085 2469 1125 2508 in
1139 2483 1292 2521 gemma
1313 2469 1503 2510 vitiosiore
1523 2481 1712 2520 repertum
1727 2471 1839 2519 soret,
1862 2473 1924 2511 vix

308 2536 441 2562 notam
458 2525 594 2564 subiret
612 2541 619 2562 :
651 2525 832 2564 Similiter
851 2527 892 2564 in
907 2525 993 2564 viris
1008 2524 1183 2576 singulari
1202 2528 1339 2565 virtute
1354 2525 1539 2576 praeditis,
1568 2527 1731 2564 minima
1753 2529 1926 2576 quaeque

309 2581 400 2616 vitia
419 2579 536 2617 statim
552 2583 591 2619 in
612 2583 745 2619 oculos
761 2584 798 2619 ὃς
813 2581 1005 2620 sermones
1033 2582 1238 2619 hominum
1267 2583 1478 2629 incurrunt,
1509 2583 1545 2618 ὃ(
1575 2581 1728 2619 censura
1753 2582 1925 2632 perstrin-

309 2644 450 2682 guntur
466 2638 661 2684 graviore3
691 2638 842 2686 quaein
861 2635 1082 2675 hominibus
1096 2635 1349 2674 mediocribus
1376 2646 1440 2674 aut
1465 2638 1633 2674 omnino
1656 2639 1829 2684 laterent,
1859 2646 1927 2676 aut

309 2688 458 2726 veniam
480 2689 587 2727 facile
616 2694 833 2744 reperirent.
888 2695 1017 2742 Itaque
1039 2692 1122 2731 viro
1140 2692 1247 2730 valde
1274 2691 1450 2742 prudenti
1478 2704 1586 2744 parva
1611 2691 1786 2730 stultitia:
1816 2693 1925 2731 valde

310 2744 436 2793 probo
457 2757 610 2795 parvum
637 2758 857 2796 peceatum3
886 2749 1033 2787 urbano
1060 2749 1098 2785 ὅτ.
1126 2749 1299 2785 moribus
1324 2748 1487 2798 eleganti
1510 2748 1707 2797 paululum
1740 2746 1924 2796 indecori,

312 2799 360 2835 de
379 2798 478 2835 fama
507 2801 543 2836 ὅ(
571 2800 839 2841 existimatione
860 2805 1030 2842 multum
1045 2802 1221 2841 detrahit.
1277 2802 1393 2841 Adeo
1423 2813 1464 2841 ut
1492 2815 1575 2840 non
1595 2799 1801 2855 pessimum
1823 2803 1923 2841 foret

314 2852 400 2890 viris
425 2855 594 2903 egregiiS,
624 2854 649 2892 fi
667 2860 854 2896 nonnulla
879 2859 1032 2898 absurda
1062 2858 1181 2908 (quod
1200 2860 1292 2896 citra
1315 2857 1447 2896 vitium
1469 2858 1549 2896 fieti
1565 2854 1694 2908 possit)
1715 2858 1925 2896 actionibus

314 2907 384 2945 suis
412 2908 692 2952 immitem-cnm
721 2923 763 2950 ut
791 2914 1005 2954 libertatem
1037 2914 1227 2967 quandam
1242 2912 1309 2954 sibi
1325 2915 1524 2963 retineant,
1541 2916 1577 2952 ὅ(
1598 2925 1801 2966 parvorum
1825 2913 1925 2951 defe-

312 2963 443 3001 Ctuum
466 2975 572 3002 notas
596 2966 844 3018 confundant,

1773 3019 1922 3061 Parab.

2013 135 2019 218 l

2015 222 2019 229 2

2016 237 2020 256 ἔ
2024 251 2025 254 ,

2018 274 2021 287 x
