2040 3439
217 231 311 277 226

511 225 605 272 DE
639 217 1086 269 AUGMENTIS
1120 216 1662 264 SCIENTIARUM.
1754 213 1988 262 Lib.V1H.

376 322 518 361 *culum
539 320 753 371 impendeat
765 331 787 355 a
802 327 899 355 nova
914 315 1170 360 altercatione,
1201 312 1395 365 (siquidem
1408 315 1454 351 de
1471 313 1691 359 injuriarum
1716 314 1922 353 rationibus
1936 316 1987 354 in-

391 389 448 416 ter
467 387 589 427 partes
617 385 810 422 nunquam
837 371 1038 408 conveniet
1055 367 1083 417 3)
1108 379 1191 407 tum
1207 370 1370 417 denique
1385 369 1489 418 quod
1511 369 1670 406 deducat
1691 383 1772 407 reni
1795 371 1841 408 ad
1865 372 1990 420 apolo—

378 432 473 482 -gias
488 448 500 472 ‚-
529 441 566 467 at
595 440 752 477 utraque
774 439 855 476 pars
877 425 985 463 malit
1016 424 1132 462 videri
1153 426 1277 474 potius
1308 423 1492 462 offensam
1515 422 1700 472 remisisse,
1728 437 1842 474 quam
1875 426 1989 464 admi-

393 486 467 525 fiss'e
489 484 776 522 excusationem.

448 536 594 578 Ῥαγαύ.
620 538 682 575 28.
724 539 779 574 IN
808 532 918 573 omni
945 545 1058 585 opere
1091 533 1198 571 bono
1234 535 1302 571 crit
1331 533 1584 576 abundantia;
1627 533 1691 572 ubi
1717 544 1844 572 autem
1880 536 1990 574 verba

393 596 477 633 sunt
500 594 671 642 plurima,
700 593 753 629 ibi
776 591 994 639 frequenter
1019 589 1163 638 egestas.

445 646 552 699 Exp.
596 649 823 685 SEPARAT
858 644 1047 683 solomon
1080 643 1147 680 hac
1179 643 1354 695 parabola
1380 642 1545 680 frustum
1577 644 1715 682 laboris
1749 645 1908 693 linguae,
1951 646 1989 685 ὃς

392 702 526 742 laboris
550 714 732 740 manuum
754 715 765 743 3
792 698 892 752 quasi
919 711 962 736 ex
989 699 1108 735 altero
1127 700 1322 750 proveniat
1351 698 1498 747 egestas,
1529 710 1571 736 ex
1599 701 1718 736 altero
1750 697 1987 740 abundantia.

392 757 546 796 Etenim
570 757 611 795 fit
634 758 710 795 fere
725 765 920 807 perpetu0‚
941 763 994 800 ut,
1019 754 1084 802 qui
1103 755 1224 790 multa
1246 751 1430 800 effutiant,
1460 753 1595 799 jactent
1609 755 1741 800 multa,
1770 755 1888 791 multa
1905 765 1989 803 pto-

392 813 556 859 mittant,
595 814 704 861 egeni
725 810 806 858 sint,
836 822 905 847 nee
925 810 1232 846 emolumentum
1259 809 1406 859 capiant
1426 820 1469 846 ex
1489 806 1560 846 illis
1588 809 1695 846 rebus
1709 809 1755 846 de
1772 809 1906 857 quibus
1935 810 1990 848 lo-

391 879 570 917 quuntur.
626 868 859 920 Quinetiam,
889 875 931 902 ut
959 865 1179 914 plurimum,
1206 862 1374 902 industrii
1397 864 1557 900 minime
1578 863 1673 910 sunt,
1699 874 1762 902 aut
1781 862 1929 915 impigri
1943 865 1989 901 ad

391 936 531 974 opera3
562 922 623 960 sed
641 920 915 960 tantummodo
930 919 1165 957 sermonibus
1189 918 1237 964 se,
1265 929 1444 969 tanquam
1466 928 1593 965 vento,
1621 918 1774 968 pascunt
1790 920 1826 955 ὃ(
1843 918 1984 957 satiant.

395 981 505 1024 Sane,
535 989 576 1015 ut
605 982 717 1029 poeta
742 978 930 1025 loquitur,
954 972 1042 1027 ,Qui
1056 970 1163 1024 filet,
1193 970 1244 1023 est
1262 970 1415 1023 firmus.
1473 974 1505 1010 Is
1523 975 1589 1021 qui
1609 973 1780 1011 conscius
1804 972 1866 1020 est,
1897 973 1933 1011 se
1946 975 1988 1011 in

376 1046 506 1084 -opere
525 1033 718 1082 proficere,
746 1030 809 1069 sibi
834 1030 976 1081 plaudit
1005 1031 1042 1067 ὅ(
1063 1039 1188 1067 tacet:
1219 1027 1295 1080 Qi
1322 1039 1413 1067 vero
1435 1040 1456 1065 e
1484 1039 1616 1066 contra
1639 1028 1808 1067 conscius
1839 1027 1900 1076 cst,
1925 1040 1986 1067 au-

395 1100 450 1126 ras
470 1087 506 1125 se
531 1090 659 1124 inanes
679 1097 837 1136 captare,
867 1086 985 1122 multa
1008 1086 1044 1121 ὅ(
1060 1085 1154 1122 mira
1178 1084 1273 1133 apud
1298 1084 1391 1120 alios
1417 1082 1612 1132 praedicat.

448 1140 596 1180 Parab.
612 1153 675 1190 29.
706 1143 749 1178 M
762 1152 915 1178 ELIOR
936 1138 985 1177 est
998 1139 1190 1190 correptio
1204 1137 1404 1183 manifesta,
1434 1150 1547 1186 quam
1566 1150 1676 1177 amor
1698 1138 1880 1177 occultus.

447 1195 553 1249 Exp.
585 1199 950 1234 REPREHENDIT
985 1194 1160 1244 parabola
1195 1192 1399 1230 mollitiem
1437 1193 1659 1240 amicorum,
1701 1191 1765 1241 qui
1805 1190 1987 1232 amicitiae

390 1247 590 1301 privilegio
613 1263 695 1288 non
726 1260 882 1288 utuntur
914 1250 955 1286 in
988 1249 1234 1286 admonendo
1264 1248 1381 1285 libere
1403 1250 1439 1285 &
1468 1249 1638 1286 audastei·
1670 1249 1807 1294 amico,
1842 1257 1919 1286 tam
1939 1249 1986 1287 de

391 1305 591 1352 erroribus,
621 1317 734 1354 quam
762 1305 809 1342 de
849 1302 1020 1356 periculis
1051 1302 1132 1340 suis.
1189 1302 1292 1354 Quid
1321 1301 1423 1339 enim
1459 1303 1592 1340 faciam
1622 1302 1732 1349 (solet
1770 1302 1985 1349 hujusmodi

389 1360 517 1398 mollis
545 1362 687 1398 amicus
701 1360 839 1407 dicere)
861 1369 924 1396 aut
952 1371 1031 1407 quo
1062 1370 1125 1394 me
1146 1358 1314 1395 vertam?
1343 1357 1452 1394 Amo
1480 1359 1588 1396 illum
1605 1367 1789 1406 quantum
1804 1359 1896 1406 quis,
1911 1370 1987 1396 ma-

389 1417 515 1456 xime3
546 1427 694 1464 meque,
735 1413 760 1452 fi
788 1414 879 1465 quid
905 1415 963 1450 illi
993 1410 1128 1450 adverfi
1164 1411 1378 1461 contigerit,
1408 1410 1517 1462 ipfius
1546 1414 1636 1450 loco
1669 1413 1830 1453 libenter
1860 1413 1984 1453 substi-

387 1472 551 1509 tuerim:
580 1470 642 1508 sed
669 1471 762 1507 novi
787 1467 980 1518 ingenium
1007 1469 1108 1513 ejus;
1138 1465 1163 1504 fi
1188 1467 1304 1505 libere
1334 1480 1422 1505 cum
1447 1480 1494 1504 eo
1522 1480 1646 1517 egero,
1683 1469 1854 1506 animum
1887 1467 1985 1506 illius

384 1524 610 1566 offendam3
640 1525 768 1562 saltem
806 1522 1050 1561 contristabo:
1079 1534 1202 1570 neque
1228 1532 1355 1560 tamen
1384 1522 1602 1573 proficiam3
1632 1532 1743 1571 atque
1768 1521 1874 1561 citius
1896 1535 1987 1561 eum

378 1580 438 1617 ‘ab
466 1581 745 1618 amicitia-mea
765 1579 950 1626 alienabo,
979 1589 1092 1627 quam
1117 1578 1160 1615 ab
1182 1576 1236 1622 iis,
1268 1590 1362 1626 quae
1391 1580 1431 1616 in
1463 1577 1593 1615 animo
1619 1577 1688 1616 fixa
1718 1578 1841 1625 habet,
1870 1578 1983 1617 abdu-

378 1647 484 1675 cam.
539 1634 766 1680 Huiusmodi
785 1633 961 1681 amicum,
990 1644 1168 1682 tanquam
1198 1644 1373 1670 enervem
1398 1632 1636 1680 &inutilem‚
1667 1631 1852 1683 redarguit
1876 1634 1985 1673 Solo-

386 1701 509 1732 m0n3
539 1700 650 1740 atque
667 1691 749 1741 plus
772 1688 940 1728 utilitatis
967 1689 1012 1727 ab
1032 1687 1192 1726 inimico
1206 1686 1413 1735 manifesto,
1434 1699 1547 1736 quam
1562 1688 1608 1725 ab
1628 1688 1705 1734 ejus
1725 1690 1872 1738 generis
1890 1689 1985 1728 ami-

386 1756 449 1791 co,
477 1744 574 1783 sumi
604 1745 705 1795 poss'e
731 1743 967 1797 pronunciat·
1026 1743 1220 1795 Siquidem
1249 1754 1292 1781 ea
1320 1742 1468 1781 fortasse
1496 1743 1624 1781 audire
1652 1744 1688 1781 ei
1718 1742 1923 1793 contigerit
1936 1744 1984 1785 ab

387 1797 544 1838 inimico
573 1813 637 1850 per
661 1799 946 1846 contumeliam,
975 1809 1069 1847 quae
1086 1799 1228 1836 amicus
1261 1797 1392 1835 mussat
1416 1810 1501 1848 prae
1533 1799 1651 1835 nimia
1679 1796 1926 1848 indulgentia.

440 1853 586 1892 Parab.
606 1865 670 1905 30.
700 1857 932 1892 PRUDENS
956 1855 1113 1891 advertit
1133 1853 1177 1891 ad
1193 1852 1328 1902 gtess'us
1344 1852 1450 1894 suos÷
1470 1853 1597 1890 stultus
1622 1853 1773 1891 divertit
1793 1854 1838 1892 ad
1855 1854 1980 1895 dolos.

438 1907 547 1962 Exp.
577 1912 719 1948 DUAE
743 1909 828 1947 sunt
853 1909 1071 1959 prudentiae
1094 1907 1240 1960 species.
1297 1907 1427 1945 Altera
1455 1920 1537 1946 vera
1566 1910 1602 1945 &
1640 1907 1748 1946 sana:
1776 1910 1890 1947 altera
1919 1910 1982 1948 de—

377 1975 493 2013 gener
523 1967 559 2002 &
589 1964 687 2011 falsa,
718 1976 831 2016 quam
868 1965 1060 2002 Solonion
1087 1963 1263 2000 stultitiae
1291 1964 1453 2000 nominc
1488 1964 1668 2014 appellare
1710 1975 1792 2002 non
1823 1963 1980 2004 dubitat.

375 2020 456 2071 Qui
485 2021 605 2071 priori
637 2019 673 2057 se
699 2020 856 2065 dederit,
885 2018 950 2057 viis
978 2021 1014 2056 ὅ(
1042 2016 1198 2068 vestigiis
1227 2016 1382 2068 propriis
1408 2028 1526 2065 cavet,
1555 2019 1728 2070 periculis
1743 2017 1981 2069 prospiciens,

376 2074 567 2112 meditans
585 2075 750 2113 remedia
765 2088 775 2115 3
804 2075 1015 2126 proborum
1033 2085 1146 2125 opera
1161 2082 1283 2120 utem,
1298 2083 1432 2111 contra
1447 2074 1643 2125 improbos
1665 2072 1700 2111 se
1721 2074 1842 2124 ipsum
1856 2076 1981 2112 muni-

376 2141 443 2166 ens
463 2146 480 2171 ,-
509 2140 640 2167 cautus
660 2129 823 2179 inceptu,
853 2140 1003 2179 receptu.
1032 2141 1114 2166 non
1130 2130 1352 2179 imparatus;
1380 2127 1419 2165 in
1432 2126 1641 2167 occasiones
1655 2138 1830 2176 attentus,
1845 2140 1980 2168 contra

377 2180 650 2233 impedimenta
668 2183 853 2225 strenuus;
883 2197 969 2222 cum
1002 2185 1211 2221 innumeris
1233 2182 1324 2230 aliis,
1353 2196 1447 2232 quae
1467 2184 1511 2220 ad
1542 2184 1595 2221 sui
1622 2181 1729 2236 ipsius
1754 2184 1919 2222 actiones
1942 2186 1980 2223 ὅ(

381 2239 516 2288 gress'us
545 2240 730 2289 regendos
757 2239 929 2289 speciant.
985 2239 1041 2276 At
1063 2239 1174 2276 altera
1197 2237 1342 2290 species,
1372 2248 1453 2276 tota
1473 2237 1522 2276 est
1539 2239 1695 2276 consuta
1712 2251 1755 2276 ex
1770 2237 1921 2277 fallaciis
1941 2241 1980 2278 &

380 2292 530 2341 astutiis,
559 2295 737 2344 spemque
757 2294 866 2344 ponit
894 2296 1060 2332 omnino
1088 2295 1128 2330 in
1147 2292 1225 2330 aliis
1241 2292 1585 2340 circumveniendis,
1615 2294 1822 2342 iisdemque
1839 2294 1885 2332 ad
1899 2293 1978 2333 libi-

384 2358 468 2386 tum
496 2346 728 2400 effingendis.
783 2351 889 2387 Hanc
904 2347 1044 2386 merito
1064 2348 1181 2391 rejicit
1209 2349 1393 2397 parabola,
1422 2361 1503 2386 non
1518 2359 1667 2387 tantum
1687 2359 1729 2387 ut
1753 2349 1980 2400 improbam,

381 2402 444 2440 sed
464 2403 577 2442 etiam
605 2416 648 2442 ut
667 2404 825 2443 stultam.
876 2406 1008 2442 Primo
1033 2406 1149 2449 enim,
1179 2403 1335 2440 minime
1363 2404 1412 2441 est
1432 2417 1472 2441 cx
1489 2406 1533 2442 iis
1553 2405 1673 2450 rebus,
1692 2416 1785 2455 quae
1800 2405 1840 2441 in
1855 2404 1978 2442 nostra

382 2457 468 2495 sunt
496 2458 684 2508 potestate,
713 2472 784 2497 nec
802 2461 916 2497 etiam
936 2458 1057 2507 aliqua
1077 2458 1258 2496 constanti
1276 2459 1402 2508 regula
1422 2458 1553 2497 nititur
1570 2473 1579 2500 3
1609 2459 1669 2496 sed
1691 2471 1789 2496 nova
1805 2459 1977 2507 quotidie

381 2514 698 2552 comminiscenda
721 2514 805 2553 sunt
827 2515 1093 2564 strategemata,
1122 2515 1308 2565 prioribus
1330 2512 1580 2551 fatiscentibus
1605 2516 1640 2551 ὅ(
1669 2512 1859 2551 obsoletis.
1915 2515 1977 2552 Sc-

380 2569 521 2614 cundo,
551 2568 614 2617 qui
632 2570 724 2608 vafri
756 2571 793 2606 &
813 2569 963 2606 subdoli
989 2570 1157 2606 hominis
1190 2569 1329 2605 famam
1347 2570 1383 2605 ὅ(
1399 2567 1619 2618 opinionem
1638 2568 1751 2606 semel
1765 2567 1974 2614 incurrerit,
2019 2585 2028 2596 ¹

382 2621 579 2674 praecipuo
606 2623 640 2661 se
665 2625 710 2662 ad
739 2636 796 2661 res
821 2624 1001 2674 gerendas
1031 2623 1277 2660 instrumento
1304 2623 1451 2671 prorsus
1473 2622 1643 2673 privavit,
1673 2624 1747 2660 hoc
1783 2624 1843 2670 cst,
1871 2623 1976 2662 fide:

381 2677 506 2723 itaque
532 2681 661 2715 omnia
695 2691 827 2731 parum
857 2681 952 2717 votis
986 2677 1057 2715 suis
1091 2677 1364 2715 consentientia
1394 2677 1610 2727 experietur.
1668 2677 1981 2725 Posttcino‚artcs

381 2727 474 2776 istae,
505 2742 692 2781 utcunque
725 2734 897 2784 pulchrae
935 2732 1128 2771 videantur
1158 2734 1194 2769 ὅ(
1224 2734 1502 2784 complaceant3
1533 2743 1695 2770 attamen
1732 2733 1870 2785 saepius
1902 2733 1976 2771 fru-

380 2783 564 2827 strantur3
592 2789 696 2834 quod
715 2790 810 2826 bene
839 2790 985 2826 notavit
1015 2790 1194 2825 Tacitus:
1226 2786 1388 2837 Οοηβῖἱιι
1421 2785 1565 2825 callida
1594 2784 1640 2830 ὅ)
1660 2785 1836 2835 audacia,
1865 2796 1973 2840 expe-

380 2837 551 2876 [latione
570 2838 687 2888 laeta,
716 2842 892 2881 traft‘atu
913 2841 1021 2890 dura,
1050 2849 1194 2880 eventu
1228 2840 1366 2892 trg'slia.

435 2891 582 2932 Parab.
601 2906 661 2946 31.
692 2899 730 2936 N
739 2910 795 2935 OL
810 2910 823 2935 1
852 2899 920 2937 css'e
935 2897 1044 2945 justus
1062 2899 1238 2944 nimium,
1267 2910 1336 2934 nee
1358 2897 1556 2951 sapientior
1575 2908 1686 2947 quam
1713 2907 1889 2947 oportet,·
1907 2909 1972 2935 cur

380 2947 561 2997 abripiare
585 2950 731 2988 subito?

432 3000 537 3055 Exp.
569 3002 669 3042 Sunt
699 3012 865 3057 tempora
894 3007 953 3058 (ut
995 3010 1118 3056 inquit
1153 3007 1320 3055 Tacitus)
1372 3008 1413 3044 in
1455 3004 1590 3059 quibus
1620 3007 1771 3058 magnis
1807 3006 1969 3045 virtuti-

378 3052 446 3095 bus
465 3056 705 3107 certiffi'mum
728 3058 777 3110 cst
802 3062 977 3100 exitium.
1033 3063 1165 3111 Atque
1197 3064 1271 3102 hoc
1297 3061 1378 3100 viris
1407 3064 1544 3100 virtute
1578 3063 1613 3098 δε
1647 3061 1777 3108 justitia
1804 3062 1972 3111 egregiis,

542 3126 565 3163 5
1771 3115 1971 3165 aliquando
