2040 3439
84 239 235 289 Lib.1.
303 242 403 287 DE
459 243 961 289 AUGMENTIS
1014 244 1625 293 SCIENTIARUM.
1785 263 1844 308 51

97 335 272 375 molliori
294 335 483 374 literarum
500 349 637 386 genere
659 339 836 376 eruditus.
895 340 1044 377 Marcus
1065 341 1177 376 etiam
1195 342 1428 390 cognomine
1443 341 1525 392 ipso
1539 344 1702 395 philoso—

86 393 193 445 phus.
250 393 299 429 Hi
325 393 523 444 principes,
553 403 594 428 ut
619 390 832 438 doffissimi,
872 395 922 431 ita
944 397 980 432 ὃς
1004 397 1141 444 optimi
1165 395 1328 434 fuerunt.
1385 398 1513 435 Nerva
1539 401 1700 436 clemen-

86 443 245 485 tissimus
265 448 483 498 imperator,
513 449 666 495 quique,
698 445 721 484 si
748 448 842 485 nihil
864 449 976 496 aliud,
1006 451 1090 486 orbi
1115 451 1320 491 Traianum
1345 452 1462 489 dedit.
1517 455 1701 496 Traianus

86 504 266 540 omnium
286 503 351 549 qui
372 503 603 550 imperarunt
624 504 660 539 δε
676 503 764 539 belli
789 506 825 540 ὃς
841 505 939 553 pacis
963 505 1102 542 artibus
1122 507 1286 543 maxime
1311 506 1471 544 florens:
1500 509 1605 545 Idem
1628 511 1698 546 irn-

86 555 180 606 perii
203 555 293 593 fines
320 552 538 605 longiffime
561 559 744 608 protulit3
781 556 883 595 idem
903 560 981 596 vim
1006 559 1283 597 dominationis
1302 559 1571 601 modestiffime
1595 564 1697 601 cohi—

83 608 186 650 buit:
215 611 475 648 Maximorum
491 613 605 648 etiam
622 613 812 649 extrustor
832 625 1015 662 operum3
1047 615 1146 651 unde
1161 627 1181 651 a
1199 616 1467 663 Constantino,
1497 619 1697 656 Par-ietaria

84 669 151 716 per
166 665 348 703 invidiam
366 676 518 704 vocatus
538 667 598 713 est,
629 678 786 718 propter
806 679 952 704 nomen
969 669 1046 713 ejus
1059 679 1118 706 tot
1134 671 1335 718 parietibus
1355 671 1526 709 incisum.
1582 675 1695 711 Adri-

29 761 32 763 ,
83 733 179 759 anus
201 718 379 771 temporis
396 718 503 771 ipsius
525 723 713 759 aemulus:
744 723 898 768 Injurias
917 721 1020 759 enim
1037 725 1074 761 &
1098 726 1221 761 ruinas
1241 728 1438 774 temporis,
1468 728 1508 764 in
1534 740 1695 777 quoquo

73 779 234 827 genere,
272 787 358 812 cura
380 777 417 812 ὅ(
437 776 696 813 munificentia
720 775 793 823 sua,
830 779 1025 828 reparavit.
1080 778 1316 825 Antoninus,
1358 781 1414 825 (ut
1435 783 1545 818 ctiam
1570 787 1691 833 appel-

82 833 178 869 latus
199 829 260 878 est)
282 829 336 867 vir
361 832 523 868 maxime
550 832 648 877 Pius,
684 833 808 870 nativa
834 831 997 879 quadam
1018 834 1055 869 ὅ(
1078 830 1185 869 insita
1209 833 1390 880 bonitate,
1428 838 1608 873 omnibus
1632 851 1692 875 or-

77 885 234 936 ,dinibus
261 895 398 933 gratUS,
436 885 612 934 cujusque
638 898 798 935 regnum
821 886 923 932 <licet
949 885 1047 923 haud
1078 888 1203 935 breve>
1235 890 1362 925 omnis
1388 891 1607 928 calamitatis
1635 907 1691 930 cx-

76 939 176 992 'pe'rs.
233 941 370 977 Lucius
401 940 645 978 Commodus
676 940 780 978 fratri
804 941 960 990 quidem
990 943 1162 978 bonitate
1188 943 1336 989 cedens,
1382 944 1547 993 reliquos
1575 948 1690 997 impe-

82 996 217 1035 ratoris
245 997 430 1046 plurimos
465 995 648 1044 superans.
705 997 856 1033 Marcus
890 998 946 1034 vir
975 998 1020 1033 ad
1051 998 1238 1046 exemplar
1272 999 1420 1036 virtutis
1449 1000 1690 1050 compositus,

83 1051 219 1099 c‘uique
240 1050 361 1088 scurra
381 1051 457 1097 ille,
486 1052 527 1088 in
548 1050 725 1089 convivio
748 1051 923 1098 deorum,
953 1050 1045 1088 nihil
1070 1052 1213 1098 habuit,
1243 1054 1346 1100 quod
1368 1055 1561 1102 objiceret,
1591 1070 1691 1107 prae-

82 1107 139 1142 t'er
166 1106 386 1157 patientiam
409 1117 494 1155 erga
515 1118 641 1143 mores
670 1108 810 1143 uxoris.
868 1108 909 1142 In
934 1107 1002 1143 hac
1025 1109 1151 1155 itaque
1175 1109 1358 1145 continua
1386 1109 1444 1146 sex
1471 1112 1686 1162 principum

71 1159 187 1207 serie,
207 1160 329 1198 videre
345 1159 457 1198 cuivis
473 1161 581 1198 liceat
597 1157 831 1198 felicissimos
846 1161 983 1198 fructus
999 1162 1204 1209 doiirinae,
1234 1164 1274 1199 in
1290 1164 1454 1215 imperio
1469 1167 1688 1214 collocatae,

81 1215 123 1252 in
138 1216 298 1252 maxima
314 1216 416 1252 orbis
429 1226 614 1254 terrarum
630 1217 755 1254 tabula
771 1217 949 1265 depastos.

127 1269 232 1323 JAM
256 1283 347 1307 vero
366 1271 549 1318 dostrina,
587 1284 668 1309 non
697 1274 737 1309 in
762 1273 886 1309 civilia
909 1281 1061 1308 tantum
1087 1282 1198 1320 atque
1225 1282 1321 1310 artes
1347 1275 1459 1322 paciS,
1498 1275 1685 1315 influxum

80 1323 206 1371 habet,
235 1325 296 1362 sed
320 1327 356 1362 &
381 1327 421 1362 in
445 1327 599 1363 militari
623 1328 764 1364 virtute
788 1337 932 1363 exercet
956 1327 1035 1364 vim
1062 1326 1164 1364 suam
1184 1339 1226 1363 ac
1248 1330 1484 1379 potentiam5
1521 1342 1561 1367 ut
1587 1333 1685 1370 clare

79 1378 296 1431 perspicitur
310 1381 350 1417 in
366 1382 542 1430 exemplis
558 1381 763 1419 Alexandri
779 1382 924 1430 Magni,
955 1383 991 1417 ὃ(
1008 1381 1175 1418 Caesaris
1188 1381 1412 1424 Dictatoris3
1441 1397 1605 1432 quorum
1622 1400 1684 1425 an-

80 1445 140 1472 tea
165 1435 287 1473 obiter
308 1437 566 1482 meminimuS,
604 1448 707 1473 nunc
734 1448 826 1473 vero
853 1447 894 1472 ea
917 1436 1031 1484 paulo
1049 1434 1160 1474 fusius
1182 1438 1474 1476 reti-astabimus
1528 1442 1679 1480 Horum

79 1491 235 1527 virtutes
258 1490 440 1527 militares
456 1493 491 1527 ὅ(
516 1503 572 1527 res
592 1493 632 1528 in
654 1491 756 1528 bello
770 1490 895 1540 gestaS,
924 1489 1235 1539 supervacaneum
1260 1492 1345 1530 ess'et
1369 1503 1515 1540 notare,
1544 1507 1607 1534 aut
1630 1510 1686 1535 rc-

76 1544 240 1591 censere,
269 1556 356 1582 cum
371 1545 411 1581 in
425 1557 473 1582 eo
487 1557 624 1594 genere
639 1545 774 1583 mundi
791 1546 969 1582 miracula
985 1544 1176 1583 extiterint
1193 1560 1200 1582 :
1231 1545 1293 1583 sed
1308 1548 1355 1584 de
1371 1559 1501 1585 amore
1516 1548 1684 1599 ipsorum

78 1600 117 1636 &
130 1596 250 1637 studio
266 1611 352 1649 erga
367 1600 502 1647 literas,
532 1609 684 1638 necnon
699 1602 740 1637 in
756 1600 887 1638 iisdem
904 1600 1120 1638 excellentia
1135 1604 1299 1652 propria,
1320 1614 1402 1641 non
1418 1605 1584 1643 alienum
1599 1607 1683 1655 erit,

78 1651 103 1691 fi
117 1665 231 1704 pauca
251 1653 527 1706 subjungamus

130 1709 388 1749 EDUCATUS
410 1710 479 1749 fuit
505 1710 732 1758 Alexander,
770 1710 998 1760 edostusque
1018 1711 1065 1748 ab
1090 1709 1294 1750 Aristotele
1316 1712 1558 1766 (philosopho
1583 1729 1684 1756 certe

77 1766 233 1814 magno)
258 1767 323 1814 qui
346 1767 556 1804 nonnullos
576 1779 597 1803 e
620 1767 722 1803 libris
744 1765 814 1804 suis
833 1765 1103 1815 philosophicis
1125 1768 1160 1804 ei
1181 1770 1432 1817 nuncupavit:
1469 1782 1489 1806 a
1509 1772 1622 1809 latere
1642 1775 1684 1810 il-

75 1819 148 1857 lius
163 1832 358 1869 nunquam
377 1821 587 1859 discedebat
610 1821 866 1868 Callisthenes,
903 1823 1041 1870 aliique
1067 1822 1271 1871 pereruditi
1297 1824 1380 1870 viri,
1419 1827 1483 1873 qui
1505 1827 1614 1864 castra
1634 1828 1683 1865 se-

78 1874 300 1923 quebantur,
320 1878 358 1913 &
371 1878 541 1928 perpetui
553 1887 657 1914 erant
673 1879 850 1914 omnium
864 1877 941 1922 ejus
956 1878 1140 1914 itinerum
1155 1880 1191 1915 ὃ(
1207 1878 1492 1929 expeditionum
1504 1881 1682 1920 comites:

76 1941 157 1979 quo
179 1941 304 1969 autem
324 1930 444 1981 pretio
466 1933 590 1969 literas
610 1932 794 1979 habuerit,
824 1931 922 1969 haud
942 1943 1056 1984 pauca
1077 1933 1224 1980 liquido
1248 1932 1527 1971 demonstrant:
1565 1939 1680 1975 veluti

76 1984 228 2033 invidia,
257 1998 330 2035 qua
352 1986 506 2036 dignam
531 1987 674 2024 censuit
690 1986 849 2025 Achillis
868 1987 1075 2034 fortunam,
1106 1987 1209 2035 quod
1231 1986 1412 2036 gestarum
1438 2002 1576 2036 rerum,
1606 1993 1681 2030 lau-

75 2039 243 2090 dumque
268 2040 428 2089 suarum,
464 2043 679 2080 Homerum
707 2054 935 2094 praeconem
966 2044 1187 2081 invenerat:
1219 2042 1417 2095 judicium
1443 2044 1489 2081 de
1518 2047 1681 2094 pretiosa

74 2095 181 2132 Darii
204 2097 340 2143 arcula,
370 2097 469 2134 inter
489 2098 632 2146 reliqua
653 2097 769 2149 spolia
790 2107 946 2148 reperta,
984 2097 1031 2134 de
1052 2109 1124 2146 qua
1148 2110 1236 2135 cum
1261 2099 1425 2147 quaestio
1445 2112 1677 2148 moveretur,

73 2149 255 2199 quidnam
278 2147 516 2203 potiffimum
537 2152 697 2202 dignum
721 2153 819 2200 effer,
850 2153 954 2201 quod
978 2154 1018 2189 in
1042 2165 1082 2189 ca
1107 2153 1356 2199 ass'ervaretur,
1385 2154 1472 2205 ipse,
1502 2167 1587 2192 cum
1615 2159 1678 2194 alii

74 2206 144 2242 alia
164 2205 346 2254 dicerent,
382 2219 453 2257 pro
473 2209 633 2244 Homeri
653 2207 828 2257 operibus
853 2208 1077 2244 sententiam
1101 2209 1211 2245 tulit:
1240 2208 1401 2256 Epistola
1425 2210 1681 2259 objurgatoria

74 2261 121 2297 ad
149 2259 394 2298 Aristotelem
426 2262 539 2308 miss'a,
579 2262 773 2311 postquam
801 2262 918 2299 libros
947 2260 1187 2312 physicorum
1214 2263 1353 2308 ediss'ct,
1394 2265 1433 2300 in
1464 2277 1536 2312 qua
1565 2277 1678 2317 expo-

73 2315 192 2362 stulat,
229 2316 332 2364 quod
358 2316 616 2368 philosophiae
642 2317 810 2365 mysteria
833 2316 1053 2366 evulgasset5
1091 2314 1273 2365 simulque
1298 2317 1474 2365 rescribit,
1504 2321 1617 2358 malle
1641 2321 1677 2360 sc

72 2371 253 2408 omnibus
267 2371 438 2409 dostrina
453 2374 490 2409 &
502 2373 737 2420 cognitione,
758 2384 871 2420 quam
887 2372 1056 2420 potentia
1072 2382 1113 2408 ac
1129 2372 1289 2420 imperio
1303 2375 1535 2420 praecellere.
1582 2376 1677 2415 Sunt

74 2427 111 2464 ὅ(
126 2427 196 2463 alia
220 2438 314 2476 quae
333 2425 407 2464 huc
427 2426 600 2476 spedicunt.
658 2426 734 2478 lpse
759 2439 848 2465 vero
872 2438 984 2474 quam
1009 2427 1156 2475 egregie
1176 2428 1345 2463 animum
1370 2429 1582 2466 excoluill'et
1610 2431 1677 2468 do-

72 2480 200 2528 ctrina,
230 2482 271 2518 in
291 2482 471 2520 omnibus
491 2483 567 2526 ejus
588 2483 694 2519 diens
712 2485 748 2519 ὃ(
769 2479 948 2532 responsis
969 2492 1129 2530 apparet,
1159 2482 1216 2518 vel
1239 2483 1364 2532 potius
1387 2482 1558 2532 refulget,
1596 2498 1675 2523 cru-

73 2537 220 2573 ditione
235 2533 480 2585 pleniffimis3
510 2539 550 2574 in
565 2537 700 2585 quibus
716 2538 802 2574 licet
819 2549 982 2574 numero
1001 2548 1115 2587 pauca
1131 2533 1212 2583 sint,
1240 2548 1334 2584 quae
1349 2537 1469 2575 adhuc
1484 2537 1675 2588 superfinr,

71 2589 298 2641 singularum
313 2591 549 2629 scientiarum
563 2589 708 2642 vestigia
723 2593 795 2629 alte
812 2592 981 2642 impress'a
1001 2590 1168 2640 reperias.

126 2647 179 2684 IN
201 2647 409 2684 moralibus
431 2646 646 2685 observetur
661 2649 788 2699 primo
812 2648 1018 2684 Alexandri
1035 2646 1311 2696 apophthegma
1327 2647 1422 2684 circa
1442 2648 1675 2698 Diogenem,

73 2703 110 2738 δε
133 2701 283 2739 adverte
301 2700 339 2747 (si
363 2701 498 2753 placet)
517 2700 542 2738 fi
564 2702 665 2739 forte
681 2715 761 2739 non
786 2715 901 2739 unam
917 2716 959 2739 ex
984 2698 1203 2751 graviffimis
1218 2701 1495 2750 quaestionibus
1518 2707 1673 2742 moralis

72 2755 331 2806 philosophiae
346 2756 543 2794 constituat
558 2771 566 2794 z
598 2756 740 2796 Utrum
754 2758 820 2811 qui
826 2755 984 2810 fruitur
1000 2756 1174 2793 externis
1189 2753 1296 2793 bonis
1300 2753 1462 2807 felicior
1465 2755 1522 2806 stt
1537 2770 1589 2795 an
1605 2761 1671 2812 qui

66 2811 282 2858 *contemnit
293 2809 314 2849 ,ἲ
336 2812 438 2849 Cum
455 2813 559 2849 enim
574 2813 792 2862 Diogenem
808 2822 978 2849 cerneret
994 2822 1070 2847 tam
1086 2823 1200 2860 parvo
1214 2822 1453 2860 contentum,
1474 2815 1674 2852 conversus

73 2866 118 2902 ad
148 2865 434 2913 circumstantes,
478 2868 543 2915 qui
572 2867 649 2911 ejus
681 2868 945 2905 conditionem
989 2865 1280 2903 subsannabant:
1324 2863 1420 2915 Nist
1453 2865 1574 2918 ψη,
1618 2872 1673 2907 in-

74 2921 169 2968 quit,
197 2919 437 2969 Alexander,
466 2928 636 2973 optarem
651 2920 721 2974 effla
736 2921 950 2972 Diogenes.
1006 2920 1061 2957 At
1080 2922 1219 2958 Seneca
1234 2923 1273 2958 in
1294 2921 1362 2958 hac
1386 2926 1671 2974 comparatione

72 2975 288 3024 Diogenem
311 2975 483 3025 praetulit
503 2989 590 3014 curn
605 2977 758 3025 diceret,
788 2971 892 3015 Plus
913 2982 998 3014 erat
1012 2973 1114 3028 quod
1130 2973 1333 3029 Diogenes
1353 2974 1471 3014 nollet
1485 2978 1670 3030 accipere,

77 3041 192 3082 quam
206 3028 308 3083 quod
319 3028 543 3070 Alexander
549 3029 673 3082 peffet
687 3030 791 3071 dare.

126 3139 234 3178 VoL.
254 3141 279 3178 Ι.
838 3141 870 3177 G
890 3152 910 3178 2
1616 3143 1670 3179 IN
