2040 3465
127 300 347 344 2CERTE‚
378 300 459 345 filii,
489 300 692 346 facultates
722 301 861 337 artium
895 302 932 338 &
952 301 1391 341 scientiarumomnium
1422 304 1615 352 consensu,
1646 295 1709 345 aut

97 354 295 407 empirieae
310 365 372 392 aut
386 354 585 392 rationales
606 353 702 391 sunt.
757 356 830 392 Has
845 365 970 392 autem
993 356 1087 392 bene
1103 357 1313 394 commistas
1330 361 1366 396 δε
1380 362 1568 410 copulatas
1583 361 1703 399 adhuc

94 411 218 447 videre
247 421 330 447 non
353 408 469 446 licuit.
527 407 706 458 Empirici
734 411 850 456 enim,
878 408 1058 447 formicae
1092 422 1213 458 more,
1243 423 1456 462 congerunt
1490 426 1638 453 tantum
1666 419 1702 453 3<

95 475 264 502 utuntur.
321 463 539 502 Rationalcs
554 473 696 508 autem,
726 472 942 501 aranearum
959 476 1079 511 more,
1108 467 1197 502 telas
1220 478 1262 503 ex
1285 459 1318 503 sc
1334 468 1550 507 conficiunt.
1611 471 1704 523 Apis

97 522 194 557 ratio
209 518 329 557 media
349 518 409 565 est,
438 531 532 567 quae
546 518 742 555 materiam
767 531 808 555 ex
831 518 986 556 floribus
1014 529 1091 556 tam
1108 519 1208 557 horti
1221 533 1333 569 quam
1350 525 1426 571 agri
1444 525 1556 571 elicit,
1588 524 1646 562 sed
1663 523 1705 562 fi-

95 576 177 612 mul
191 576 304 611 etiam
321 585 403 610 eam
424 572 573 624 propria
587 573 765 610 facultate
785 575 895 610 vertit
912 576 948 611 &
963 573 1107 623 digerit.
1166 577 1300 624 Neque
1322 576 1486 615 absimile
1505 592 1608 616 ver-ae
1625 579 1701 632 phi-

94 628 285 678 losophiae
300 627 490 678 opificium
507 627 567 676 est,
596 638 752 683 quae-ex
774 627 924 664 historia
950 630 1105 665 naturali
1128 631 1165 666 δ(
1193 633 1453 680 experimentis
1476 634 1704 673 mechanicis

94 684 300 734 praebitam
322 683 529 730 materiam,
559 695 640 720 non
656 684 696 719 in
720 681 903 720 memoria
928 685 1126 732 integram,
1161 683 1219 721 sed
1242 687 1279 720 in
1308 687 1499 724 intellecsiu
1521 701 1704 727 mutatam

94 741 133 777 &
148 738 333 776 subactam
352 739 513 788 reponit.
570 739 699 786 Itaque
719 737 932 778 huiusmodi
951 736 1069 774 mellis
1091 739 1259 776 coelestia
1281 740 1381 777 dona
1396 741 1553 791 sperate:
1584 757 1704 793 neque

94 793 209 831 dicite
223 805 311 831 cum
337 792 459 845 pigro,
490 791 572 831 Leo
587 789 638 842 cst
653 792 694 829 in
718 792 789 829 via
804 805 814 827 .·
845 792 904 829 sed
926 794 1047 830 vincla
1064 804 1158 842 quae
1182 806 1249 831 vos
1264 800 1442 844 premunt
1467 797 1636 846 excutite,
1667 802 1705 837 δε

95 860 164 887 vos
179 847 344 900 recipite.

132 903 324 955 >ATQJE
340 903 435 951 sane,
471 902 551 954 post
573 901 751 940 virtutem
783 900 936 939 vestram
954 897 1162 953 propriam,
1191 902 1283 941 nihil
1312 905 1458 943 animos
1473 907 1576 944 vobis
1592 912 1707 959 magis

95 958 293 1005 addiderit,
321 970 436 1007 quam
453 957 476 995 si
493 957 707 995 industriam
737 958 772 993 &
791 956 1026 1004 felicitatem,
1056 959 1092 994 &
1115 957 1282 996 facinora
1308 963 1434 997 aetatis
1450 961 1592 999 nostrae
1607 967 1706 1008 cogi

95 1014 193 1055 tetis.
250 1015 334 1052 Nos
350 1012 518 1052 nostrum
526 1011 618 1064 plus
638 1010 745 1050 ultra
759 1012 1005 1060 antiquorum
1016 1023 1088 1049 non
1104 1010 1212 1050 ultra
1229 1013 1327 1050 haud
1342 1026 1435 1052 vane
1452 1004 1711 1067 opposuimus:

98 1070 184 1107 Nos
196 1067 325 1115 iidem,
352 1079 485 1107 contra
499 1069 745 1117 antiquorum
761 1077 836 1103 non
850 1064 1044 1104 imitabile
1049 1065 1207 1119 fulmen
1239 1068 1308 1105 css‘e
1324 1083 1334 1109 ς
1363 1069 1708 1123 imit'abilefitlmen

98 1123 181 1170 csse,
209 1123 368 1161 minime
391 1120 599 1169 dementes,
629 1122 691 1160 scd
719 1122 845 1167 sobrii,
875 1134 918 1158 ex
948 1134 1134 1160 novarum
1165 1122 1422 1161 machinarum
1452 1129 1711 1175 experimento

98 1181 136 1217 ὅ(
150 1178 468 1216 demonstratione
482 1176 784 1230 pronuntiamus.
841 1175 958 1228 Quin,
988 1179 1024 1214 &
1047 1179 1199 1215 coelum
1214 1178 1333 1228 ipsum
1350 1178 1529 1218 imitabile
1545 1181 1711 1220 fecimus.

103 1234 219 1278 Coeli
239 1233 342 1271 enim
368 1228 428 1281 cst,
457 1235 613 1271 circuire
642 1230 801 1271 terram:
831 1232 935 1280 quod
956 1232 1152 1270 &nostrae
1181 1230 1437 1282 navigationes
1465 1234 1710 1287 pervicerunt.

100 1290 232 1339 Turpe
244 1299 371 1326 autem
399 1290 510 1326 nobis
525 1287 578 1336 sit,
607 1287 632 1325 fi
652 1289 757 1338 globi
778 1285 962 1324 materiati
986 1288 1133 1328 tractus,
1163 1297 1344 1325 terrarum
1365 1290 1538 1326 videlicet
1555 1293 1590 1327 ὅ(
1606 1295 1712 1329 mari-

100 1355 181 1391 um,
209 1343 341 1381 nostris
356 1344 590 1394 temporibus
605 1345 646 1380 in
662 1341 892 1380 immensum
908 1344 1025 1391 aperti
1041 1344 1077 1380 ὅ(
1092 1337 1259 1380 illustrati
1282 1332 1372 1380 sint:
1396 1342 1501 1394 globi
1517 1356 1642 1383 autem
1657 1349 1710 1385 in-

100 1399 319 1437 tellectualis
337 1399 441 1446 fines,
471 1398 568 1436 inter
583 1409 754 1447 veterum
775 1397 927 1435 inventa
942 1400 978 1435 δί
995 1397 1172 1447 angustias
1187 1397 1366 1450 steterint.

155 1455 196 1493 N
206 1458 332 1505 EQJE
359 1454 473 1505 parvo
488 1452 589 1491 intei-
606 1453 641 1490 se
657 1464 752 1490 nexu
769 1452 939 1506 devin'Ch
963 1455 999 1490 δε
1014 1448 1213 1502 conjugata
1230 1449 1314 1490 sunt
1330 1452 1388 1490 ista
1409 1454 1498 1501 duo,
1528 1450 1713 1506 perlustra-

100 1509 160 1545 tio
179 1510 379 1558 regionum
401 1512 438 1546 ὅ(
453 1508 702 1546 scientiarum.
760 1509 926 1545 Plurima
941 1509 1046 1544 enim
1061 1519 1126 1557 per
1144 1509 1369 1558 longinquas
1396 1506 1655 1559 navigationes
1678 1514 1714 1549 &

102 1563 420 1613 peregrinationes
437 1566 475 1601 in
500 1574 631 1601 natura
660 1561 873 1614 patuerunt,
904 1575 999 1612 quae
1032 1575 1172 1601 novam
1195 1563 1393 1613 sapientiae
1409 1566 1445 1601 &
1470 1564 1642 1603 scientiae
1655 1567 1720 1603 hu-

103 1629 237 1656 manae
249 1620 371 1656 lucem
389 1618 583 1656 affundere
597 1615 752 1669 poffint,
781 1620 818 1655 ὅ(
833 1618 1076 1667 antiquorum
1096 1617 1295 1668 opiniones
1311 1621 1347 1656 <Sc
1367 1620 1598 1663 conjecturas
1614 1633 1717 1671 expc-

103 1674 272 1711 rimento
282 1684 420 1724 regere.
476 1674 616 1710 Eadem
627 1674 705 1710 duo
722 1685 802 1710 non
816 1675 963 1710 ratione
981 1672 1102 1709 solum
1121 1673 1307 1710 sedetiam
1324 1673 1502 1711 vaticinio
1517 1677 1718 1721 conjunch

103 1728 289 1770 videntur.
346 1730 450 1767 Nam
467 1725 516 1766 co
536 1729 738 1778 prophetae
754 1729 947 1765 oraculum
964 1728 1060 1764 haud
1077 1727 1234 1766 obscure
1255 1727 1414 1777 speciare
1447 1730 1614 1767 videtur:
1655 1731 1719 1769 ubi

108 1783 157 1820 de
175 1779 387 1822 noviffir'nis
409 1785 643 1833 temporibus
673 1785 865 1832 loquutus,
904 1783 997 1820 illud
1029 1779 1228 1832 subiungit,
1257 1780 1386 1820 Multi
1415 1782 1718 1835 pertransibunt,

107 1833 157 1880 ἔγ
174 1836 381 1891 multiplex
395 1836 674 1890 eritfiientia:
703 1850 743 1875 ac
759 1836 783 1874 si
795 1837 898 1875 orbis
918 1847 1099 1874 terrarum
1113 1835 1351 1887 pertransitus
1365 1836 1434 1875 sive
1450 1842 1671 1889 peragratio,
1682 1844 1718 1878 &c

102 1892 342 1935 scientiarum
355 1904 556 1944 augmenta
572 1892 641 1930 sive
657 1892 935 1943 multiplicatio,
947 1892 1072 1929 eidem
1088 1895 1197 1929 aetati
1214 1895 1250 1930 ὃς
1268 1892 1412 1930 saeculo
1423 1892 1702 1932 destinarentur.

160 1949 395 1986 PRAEsTo
414 1951 528 1986 etiam
549 1948 598 1986 est
626 1949 873 2000 imprimendi
897 1947 1093 1984 artificium
1118 1946 1306 1985 veteribus
1335 1946 1583 1996 incognitum,
1614 1952 1718 1994 cujus

107 2003 295 2042 beneficio
321 2002 554 2054 singulorum
576 2002 727 2040 inv'errta
747 2002 907 2053 fulguris
935 2003 1057 2040 modo
1082 2002 1331 2040 transcurrere
1353 1999 1506 2054 possint,
1535 2006 1571 2041 &
1595 2004 1720 2042 subito

106 2060 383 2097 communicari
398 2059 444 2096 ad
459 2060 622 2096 aliorum
637 2057 750 2096 studia
766 2057 969 2104 excitanda,
999 2060 1035 2095 ὃ(
1051 2055 1202 2095 inventa
1218 2055 1418 2095 miscenda.
1474 2059 1598 2110 Quare
1614 2070 1718 2097 uten-

104 2111 199 2150 dum
218 2114 268 2151 est
285 2116 413 2152 aetatis
441 2112 584 2151 nostrae
612 2116 878 2163 praerogativa,
909 2125 1032 2162 neque
1053 2113 1388 2158 committendum,
1431 2123 1483 2160 ut,
1513 2126 1599 2150 cum
1629 2114 1717 2152 hacc

109 2177 212 2206 tanta
231 2169 340 2207 vobis
360 2167 488 2216 adsint,
518 2169 624 2206 vobis
640 2167 703 2218 ipsi
719 2167 850 2206 desitis.
910 2170 994 2206 Nos
1010 2179 1148 2214 autem,
1177 2167 1256 2213 filii,
1286 2168 1331 2204 ab
1355 2165 1572 2205 animorum
1587 2170 1720 2205 vestro-

108 2234 193 2260 rum
206 2226 487 2275 praeparatione
500 2222 685 2273 auspicati,
701 2223 740 2260 irt
759 2224 912 2272 reliquls
928 2223 1033 2261 vobis
1052 2235 1133 2259 non
1149 2224 1347 2260 deerimus.
1405 2223 1525 2260 Probe
1541 2223 1641 2260 enim
1654 2236 1720 2261 no-

106 2277 229 2316 vimus
245 2279 398 2316 tabellas
412 2278 562 2326 mentis,
586 2291 605 2316 a
621 2278 764 2316 tabellis
775 2279 1045 2315 communibus
1064 2276 1226 2315 differre.
1276 2279 1316 2314 In
1333 2278 1377 2313 ii's
1392 2289 1472 2314 non
1487 2279 1556 2315 alia
1571 2277 1721 2328 inscrip-

108 2333 196 2372 seris
209 2332 279 2371 nist
297 2335 423 2384 priora
441 2334 631 2380 deleveris,
648 2336 687 2370 in
702 2335 775 2371 illis
794 2332 918 2384 priora
934 2345 1041 2381 aegre
1052 2332 1243 2378 deleveris,
1256 2330 1323 2369 nisi
1344 2341 1441 2370 nova
1458 2331 1695 2382 inscripseris.

167 2385 357 2441 I‘TAQUE
378 2401 458 2426 rem
479 2390 519 2426 in
534 2390 697 2438 ,longum
720 2400 801 2426 non
821 2387 1056 2425 differemus:
1088 2388 1181 2425 illud
1198 2386 1327 2424 itidem
1349 2397 1415 2441 vos
1431 2398 1643 2434 monentes,
1673 2400 1722 2425 ne

110 2446 214 2482 {anta
227 2442 333 2481 vobis
347 2444 394 2481 dc
410 2442 539 2481 nostris
555 2445 718 2481 inventis
731 2442 1001 2495 polli'ceamini,
1030 2444 1122 2491 quin
1140 2442 1296 2479 meliora
1311 2454 1329 2478 a
1344 2442 1451 2479 vobis
1467 2440 1547 2494 ipsis
1560 2442 1720 2492 speretis.

111 2502 198 2538 Nos
212 2500 316 2536 enim
333 2499 537 2536 Alexandri
554 2499 747 2536 fortunam
765 2499 875 2535 nobis
892 2498 1132 2549 spondemus,
1164 2497 1304 2547 (neque
1320 2498 1492 2534 vanitatis
1514 2509 1583 2533 nos
1599 2509 1726 2549 argua-¹

110 2556 158 2591 tis
172 2564 372 2605 antequam
394 2553 445 2590 rei
465 2553 605 2590 exi-tum
622 2553 811 2597 audiatis)
849 2554 948 2590 illius
965 2551 1065 2589 enim
1083 2565 1138 2590 res
1167 2552 1284 2601 gestae
1305 2553 1446 2588 recenti
1480 2555 1664 2604 memoria
1681 2549 1722 2590 ut

110 2619 334 2659 portentum
364 2609 652 2657 accipiebantur.
714 2609 768 2646 Ir‘a
796 2610 900 2644 enim
931 2609 1100 2656 loquitur
1129 2612 1224 2644 unus
1242 2619 1283 2642 ex
1307 2607 1462 2643 aemulis
1484 2608 1723 2644 oratoribus:

117 2662 208 2702 Nos
227 2669 332 2701 certe
347 2663 477 2701 vitam
492 2661 701 2700 humanam
722 2674 795 2700 non
811 2660 983 2715 degimus
997 2680 1009 2704 ‚-
1031 2658 1110 2713 si‘cl
1126 2663 1165 2699 in
1182 2659 1227 2698 id
1251 2659 1497 2712 natifitmus,
1527 2659 1722 2711 utposterl

113 2717 160 2756 de
175 2712 284 2756 nobis'
288 2724 478 2770 portenta
483 2716 727 2770 praedicent.
786 2718 859 2755 Sed
880 2717 1072 2769 postquam
1099 2715 1334 2753 deferbuisset
1357 2718 1404 2752 ita
1436 2716 1646 2762 admiratio,
1677 2728 1726 2753 at-

113 2784 185 2825 que
206 2773 382 2811 homines
398 2785 477 2810 rem
495 2775 672 2810 attentius
694 2772 1004 2822 introspexiss'enr‚
1035 2783 1170 2823 operae
1190 2772 1350 2820 pretium
1368 2770 1415 2806 est
1432 2772 1726 2808 animadvertere

115 2829 226 2878 quale
257 2828 436 2873 judicium
453 2829 500 2864 de
518 2838 566 2864 co
589 2829 698 2865 faciat
720 2827 878 2877 scriptor
908 2829 1118 2871 Romanus,
1150 2823 1232 2863 Nil
1246 2822 1358 2862 aliud
1383 2837 1495 2877 quam
1510 2823 1726 2875 beneazglits

117 2881 168 2933 est
187 2893 296 2920 vana
311 2889 561 2919 contemnere.
618 2884 671 2919 Ita
699 2885 734 2919 ὃ(
751 2895 821 2919 nos
846 2880 960 2918 fimile
981 2880 1157 2928 quiddam
1179 2890 1199 2917 a
1213 2880 1365 2930 posteris
1393 2881 1605 2917 audiemus
1633 2878 1727 2929 poli—

114 2950 228 2987 quam
245 2935 482 2988 emancipati,
511 2940 546 2974 ὅ(
564 2937 617 2974 sui
641 2938 716 2983 jam
732 2937 828 2983 faCti,
859 2939 895 2973 ὅ(
911 2937 1077 2985 proprias
1093 2937 1186 2972 vires
1202 2936 1341 2984 experti
1365 2934 1469 2971 initia
1491 2934 1609 2970 nostra
1624 2945 1724 2982 mag-

117 2994 176 3030 nis
192 2990 397 3030 intervallis
419 2992 683 3040 superaverint.
740 2993 782 3028 ln
800 3003 878 3039 quo
894 2991 979 3027 sanc
996 2991 1134 3035 judicio
1150 2989 1238 3026 illud
1258 2989 1366 3035 reste,
1396 2988 1512 3026 nostra
1528 2989 1580 3024 nil
1597 2990 1725 3037 magni

117 3047 208 3083 effe:
239 3047 332 3084 illud
354 3058 435 3083 non
450 3047 560 3092 reste,
589 3044 615 3082 fi
637 3044 727 3084 aufis
747 3047 915 3083 tribuant
941 3056 1033 3092 quac
1055 3043 1257 3082 humilitati
1287 3044 1488 3080 debentur:
1520 3042 1725 3078 humilitati

119 3103 304 3150 (inquam)
322 3103 358 3138 ὅ(
374 3102 575 3150 privationi
591 3102 738 3140 cuidam
761 3101 858 3138 istius
875 3098 1275 3149 humanaeliiperbiae,
1306 3111 1399 3147 quae
1423 3096 1590 3133 universi
1607 3097 1724 3186 peridi-

1656 3168 1667 3185 ι
1684 3163 1720 3188 lt.

1778 211 1871 262 12''

1846 233 1871 276 3
