2040 3439
23 294 135 358 Cap.
158 292 194 338 1.
300 294 393 339 DE
429 294 873 352 AUGMENTIS
907 294 1443 362 solENTIARtJ'M.

32 387 316 482 adt-pescsentusiin
333 389 422 426 loco
441 387 606 442 statuere,
635 400 675 428 ut
690 403 772 429 non
787 393 896 430 aliam
912 392 1128 432 felicitatem
1143 394 1365 443 cogitemus,
1395 408 1506 447 quam
1536 406 1629 446 quae

37 447 78 485 in
106 455 151 497 pe
179 453 227 484 ita
245 455 265 480 e
296 472 304 480 .
1454 467 1456 470 .
1490 467 1493 470 ,
1577 450 1579 452 ·

78 501 323 538 LIBERATI
351 496 475 547 igitur,
507 498 617 537 bonis
632 500 770 548 avibus,
798 501 844 538 ab
866 501 934 539 hae
961 503 1132 541 doetrina
1163 514 1343 553 tanquam
1358 505 1405 542 de
1422 506 1532 544 coelo
1551 507 1628 545 eth-

29 553 227 595 nicorum3
265 551 358 602 (qua
379 555 421 590 in
448 564 551 602 parte
579 556 832 605 proculdubio
859 558 1111 595 elevationem
1133 569 1291 596 naturae
1317 560 1502 598 humanae
1529 560 1628 598 attri-

29 611 187 648 buerunt
202 608 385 653 majorem
400 620 514 656 quam
530 610 633 654 cujus
661 611 724 648 illa
746 611 832 648 effer
861 623 992 661 capax:
1022 613 1206 651 Videmus
1233 616 1336 651 enim
1351 617 1449 666 quali
1480 616 1633 653 cothur«

29 665 250 704 noSeneca3
279 662 378 701 Vere
399 674 588 715 magnum,
617 661 1030 717 haberefragilitatem
1045 665 1223 715 hominis,
1250 667 1507 719 churitatem
1521 670 1622 718 Dei)

29 720 168 770 reliqua
179 728 280 755 certe
298 717 345 753 ab
367 719 454 764 illis,
480 719 576 755 circa
594 719 807 758 doetrinam
828 723 1046 771 exemplaris
1069 723 1214 769 tradita,
1244 726 1394 761 minore
1409 735 1470 762 aut
1498 729 1626 763 verita-

28 775 74 812 tis
84 783 146 810 aut
161 771 524 820 sobrietatisjaetura‚
552 785 688 823 magna
711 781 754 812 ex
768 785 870 826 parre
889 778 1049 825 recipere
1071 777 1270 827 poss'umuS.
1325 779 1490 826 Etenim,
1517 782 1620 830 quod

27 829 72 866 ad
98 837 269 866 naturam
284 825 377 864 boni
390 825 534 876 positivi
555 830 591 865 δε
613 827 786 880 simplicis
814 829 960 882 speetat,
989 832 1093 868 illam
1122 842 1220 869 cette
1248 833 1499 883 pulcherrime
1522 837 1558 871 ὃ(
1578 837 1622 872 ad

27 882 151 925 vivum
181 883 297 920 veluti
326 883 367 919 in
394 882 529 920 tabulis
563 882 704 920 eximiis
726 885 994 936 depinxerunts
1024 885 1205 924 virtutum
1231 890 1268 923 δε
1293 884 1506 925 officiorum
1535 890 1624 938 figu-

28 949 93 984 ras,
129 935 318 989 posituras,
363 949 512 986 genera,
552 935 762 986 affinitates,
799 950 932 989 partes,
974 939 1143 988 subksta,
1196 940 1414 993 provincias,
1451 942 1625 991 actiones,

27 991 324 1045 dispensatione3‚
354 989 634 1041 diligentissime
660 993 726 1031 sub
754 995 886 1032 oculos
913 994 1239 1047 repraesentantes,
1294 998 1429 1048 Neque
1442 997 1502 1034 hic
1522 997 1624 1036 finis:

29 1049 131 1086 Nam
163 1047 251 1085 haec
279 1049 410 1084 omnia
429 1049 559 1085 animo
587 1048 768 1096 humano,
796 1061 938 1099 magno
951 1061 1106 1098 quoque
1120 1061 1430 1100 argumentorum
1449 1052 1622 1091 acumine

27 1105 70 1141 ὅτ
91 1101 293 1149 vivacitate,
325 1104 369 1139 ⁴<Sc
398 1099 606 1140 suasionum
622 1103 832 1151 dulcedine,
873 1105 1191 1143 commendarunt
1224 1116 1335 1157 atque
1368 1105 1618 1145 insinuarunt:

27 1155 242 1210 Qinetiam
278 1155 478 1208 (quantum
504 1158 626 1196 verbis
644 1158 808 1209 praestari
836 1156 966 1209 possir)
997 1159 1127 1197 eadem
1140 1171 1273 1198 contra
1301 1173 1430 1211 pravos
1453 1165 1619 1214 &popu-

29 1213 120 1250 lares
144 1223 284 1249 errores
307 1214 344 1249 ὅ(
371 1211 537 1258 insultus,
565 1209 776 1250 fidelissime
798 1216 1053 1252 muniverunt.
1109 1216 1302 1267 Qatenus
1327 1229 1416 1254 vero
1441 1218 1485 1254 ad
1515 1228 1619 1254 natu-

27 1278 109 1304 ram
138 1267 229 1304 boni
245 1269 461 1316 comparati,
490 1266 577 1304 huic
592 1266 644 1305 rei
658 1270 771 1305 eriam
787 1270 897 1306 nullo
913 1270 1034 1306 modo
1048 1270 1268 1307 defuerunt:
1298 1273 1340 1308 In
1356 1272 1622 1309 constituendis

27 1322 136 1359 trinis
155 1321 228 1359 illis
242 1321 436 1359 ordinibus
451 1323 642 1359 bonorum
658 1336 668 1363 3
697 1324 737 1360 in
757 1323 960 1361 collatione
974 1326 1070 1361 vitae
1084 1326 1395 1376 contemplativae
1423 1338 1510 1363 cum
1538 1326 1621 1363 aeti-

28 1388 98 1417 va3
125 1375 165 1414 in
186 1375 506 1420 discriminatione
533 1375 674 1414 virtutis
696 1389 783 1414 cum
798 1379 1053 1426 relud‘ratione,
1082 1381 1277 1416 &virtutis
1298 1381 1370 1424 jam
1392 1380 1621 1418 securitatem

30 1431 168 1479 nactae,
186 1433 224 1468 ὅ(
237 1430 477 1469 confirmatae
494 1445 504 1472 ;
533 1433 573 1468 in
588 1431 764 1470 conflistu
780 1435 816 1469 ὅ(
830 1445 954 1486 pugna
965 1432 1107 1470 honesti
1125 1435 1161 1470 ὅ(
1176 1432 1297 1475 utilis;
1318 1437 1357 1471 in
1372 1437 1553 1472 virtutum
1570 1435 1623 1473 in-

29 1497 85 1524 ter
98 1485 134 1523 se
155 1484 364 1533 libramine,
393 1487 576 1523 nimirum
601 1485 659 1524 cui
683 1499 850 1538 quaeque
882 1489 1164 1539 praeponderet,
1201 1491 1237 1525 &
1266 1487 1456 1527 similibus.
1511 1491 1626 1527 Adeo

30 1550 71 1578 ut
99 1540 194 1577 hanc
216 1549 359 1590 partem
387 1541 434 1577 de
454 1542 666 1592 exemplari,
694 1540 888 1591 insigniter
905 1544 1089 1580 excultam
1109 1544 1183 1588 jam
1209 1543 1290 1590 effe,
1319 1546 1355 1580 ὅ(
1383 1546 1558 1592 antiquos
1587 1547 1627 1581 in

31 1606 72 1633 ea
90 1607 131 1632 re
142 1594 328 1632 mirabiles
343 1594 378 1632 se
393 1597 493 1633 viros
508 1595 724 1646 praestitisse,
752 1596 950 1646 reperiam:
980 1599 1034 1634 Ita
1060 1607 1188 1635 tamen
1217 1608 1258 1635 ut
1277 1598 1520 1650 philosophos
1545 1602 1625 1637 lon-

33 1662 85 1701 go
98 1650 175 1702 post
191 1649 228 1687 se
243 1648 441 1687 intervallo
464 1651 668 1699 reliquerit,
697 1653 756 1702 pia
779 1653 816 1688 &
830 1652 974 1690 strenua
999 1652 1268 1702 theologorum
1285 1652 1476 1702 diligentia
1504 1653 1542 1691 in
1570 1654 1627 1692 of-

32 1704 133 1752 ficiis,
150 1705 198 1742 ⁴&
213 1703 412 1743 virtutibus
439 1705 653 1752 moralibus,
682 1704 867 1744 &casibus
882 1705 1141 1755 conscientiae,
1170 1710 1206 1744 δε
1230 1708 1626 1761 peccaticircumscrip-

32 1759 198 1798 tionibus
211 1757 434 1812 pensitandis
449 1763 485 1797 ὃς
499 1760 789 1799 determinandis
808 1761 1013 1800 exercitata.

87 1817 281 1857 N1H1Lo
309 1815 424 1853 secius
455 1814 515 1864 (ut
534 1816 579 1853 ad
598 1814 840 1866 philosophos
868 1815 1077 1865 redeamus)
1115 1815 1141 1854 si
1167 1815 1222 1855 illi
1255 1816 1472 1868 (antequam
1495 1819 1539 1856 ad
1562 1831 1628 1868 po-

33 1871 177 1924 pulares
203 1871 241 1907 &
269 1880 430 1922 receptas
457 1872 648 1918 notiones,
676 1869 829 1915 virtutis,
857 1873 951 1919 vitii,
980 1873 1134 1919 doloris,
1163 1874 1362 1922 voluptatis
1399 1876 1436 1910 ὅ(
1467 1885 1629 1911 caetero-

37 1937 135 1972 rum,
165 1924 199 1962 se
219 1923 470 1975 applicassent)
500 1925 777 1976 supersedissent
804 1926 994 1978 paulisper,
1024 1930 1061 1964 ὅ(
1081 1928 1219 1964 radices
1246 1927 1335 1977 ipsas
1365 1928 1455 1964 boni
1471 1931 1507 1965 &
1526 1931 1628 1976 mali,

37 1983 76 2019 δί
107 1978 274 2018 radicum
303 1978 454 2017 illarum
486 1980 591 2018 fibras
619 1981 869 2030 indagass'ent3
911 1981 1102 2030 ingentem
1127 1993 1216 2019 mco
1243 1982 1382 2028 judicio
1412 1984 1534 2020 lucem
1561 1983 1629 2021 illis

37 2035 228 2082 omnibus,
257 2046 351 2083 quae
372 2034 495 2084 postea
526 2034 564 2072 in
593 2034 875 2084 inquisitionem
897 2047 1052 2074 ventura
1079 2036 1236 2084 fument,
1266 2036 1490 2074 affudissitnt:
1524 2038 1631 2076 Ante

39 2091 181 2137 omnia,
210 2088 235 2126 si
260 2099 431 2126 naturam
451 2102 576 2127 rerum
597 2103 677 2128 non
699 2093 823 2128 minus
837 2104 950 2142 quam
969 2091 1150 2129 axiomata
1170 2091 1324 2129 moralia
1337 2092 1602 2130 consuluiss'ent
1619 2107 1630 2133 ς

12 2158 15 2159 ’
40 2146 225 2182 doctrinas
252 2143 331 2182 suas
359 2146 485 2181 minus
514 2145 682 2197 prolixas,
724 2145 839 2196 magis
853 2157 976 2184 autem
994 2146 1194 2196 profundas
1215 2146 1460 2184 reddidiffent.
1514 2149 1631 2199 Quod

39 2211 128 2237 cum
148 2200 195 2236 ab
223 2198 294 2236 illis
308 2210 370 2237 aut
389 2201 553 2236 omnino
568 2200 752 2246 omiss'um,
784 2212 845 2238 aut
867 2202 1020 2239 confuse
1050 2201 1256 2238 admodum
1284 2203 1478 2239 traciarum
1507 2202 1629 2248 fuerit,

41 2266 111 2292 nos
126 2252 284 2292 breviter
299 2255 596 2296 retractabimus
626 2257 662 2292 ὃς
685 2255 810 2292 fontes
835 2256 930 2305 ipsos
953 2269 1078 2294 rerum
1094 2259 1294 2293 moralium
1322 2258 1463 2305 aperire
1491 2259 1527 2293 ὅ(
1550 2270 1632 2306 pur-

42 2320 129 2360 gare
147 2307 380 2356 conabimur,
408 2319 608 2360 antequam
636 2310 681 2347 ad
713 2309 922 2347 doctrinam
940 2311 986 2347 de
1009 2312 1152 2348 cultura
1174 2310 1300 2357 animi,
1330 2323 1441 2359 quam
1457 2313 1635 2362 ponimus

43 2375 84 2402 ut
97 2362 349 2411 desideratam,
379 2366 641 2415 perveniamus.
698 2366 781 2402 Hoc
797 2367 900 2402 enim
931 2365 986 2412 (ut
1009 2366 1244 2413 arbitramur)
1266 2366 1476 2402 doCtrinam
1505 2367 1551 2402 de
1577 2379 1640 2403 ex*

47 2420 202 2468 cmplari
214 2420 320 2456 novis
340 2419 628 2466 quodammodo
642 2418 776 2467 viribus
791 2420 959 2457 donabit.

101 2474 311 2511 INDITUS
336 2473 383 2510 est
408 2484 518 2522 atquc
548 2474 736 2523 impress'us
760 2474 959 2523 unicuique
992 2473 1043 2512 rei
1065 2476 1257 2524 appetitus,
1286 2474 1329 2511 ad
1357 2475 1547 2526 duplicem
1576 2488 1636 2512 na-

48 2539 167 2566 turam
183 2527 299 2569 boni3
328 2530 481 2565 alteram
496 2540 568 2576 qua
596 2541 651 2566 res
673 2539 799 2566 totum
815 2530 991 2578 quiddam
1016 2528 1063 2566 cst
1083 2532 1121 2566 in
1144 2528 1176 2565 se
1194 2529 1284 2578 ipra:
1314 2531 1466 2566 alteram
1490 2542 1561 2578 qua
1589 2529 1637 2567 est

48 2591 130 2633 pars
141 2582 256 2621 totius
274 2584 425 2627 alicujus
440 2584 608 2628 majores.
663 2584 791 2635 Atque
804 2583 980 2634 posterior
997 2584 1085 2622 hacc
1110 2585 1171 2620 illa
1186 2587 1295 2620 altera
1319 2585 1470 2633 dignior
1498 2585 1558 2630 est,
1601 2587 1638 2622 δε

51 2637 251 2688 potentior,
290 2650 378 2675 cum
411 2638 539 2675 tendat
573 2640 617 2675 ad
647 2639 969 2676 conservationem
992 2639 1134 2676 formae
1150 2638 1348 2687 amplioris.
1404 2641 1638 2677 Nominetur

51 2695 181 2742 prima,
211 2694 357 2730 bonum
385 2693 624 2740 individuale,
653 2692 723 2731 sive
749 2693 913 2735 suitatis;
951 2694 1141 2746 posterior,
1170 2695 1315 2730 bonum
1342 2696 1637 2731 communionis.

50 2748 203 2798 Ferrum
218 2746 420 2797 sympathia
434 2747 642 2797 particulari
669 2749 786 2786 fertur
814 2750 859 2786 ad
891 2759 1127 2798 magnetem:
1161 2758 1196 2785 at
1229 2746 1254 2784 fi
1271 2749 1383 2797 paulo
1399 2747 1641 2798 ponderosius

54 2803 177 2850 fuerit,
204 2814 351 2840 amores
367 2804 451 2839 illos
466 2801 609 2849 deserit,
638 2805 674 2840 δε
697 2813 874 2851 tanquam
904 2804 1025 2840 bonus
1051 2803 1138 2841 civis
1154 2806 1190 2840 ὅ(
1219 2814 1363 2840 amator
1383 2806 1538 2853 patriae,
1569 2815 1639 2841 ter-

56 2869 133 2895 ram
148 2856 251 2907 petit,
280 2856 475 2907 regionem
487 2856 623 2894 scilicet
651 2858 950 2895 connaturalium
980 2858 1143 2895 suorum.
1200 2857 1368 2898 Ulterius
1390 2860 1502 2908 paulo
1520 2870 1643 2908 perga-

59 2925 139 2950 mus
153 2926 164 2954 ς
176 2940 178 2944 ,
191 2924 349 2964 corpora
368 2912 480 2949 densa
507 2914 544 2949 ὅς
558 2914 678 2961 gravia
694 2923 831 2950 terram
850 2923 996 2962 petunt,
1024 2915 1356 2963 congregationem
1374 2926 1548 2962 magnam
1565 2925 1642 2950 cor·

59 2972 192 3016 porum
207 2967 428 3005 densorum:
457 2967 652 3014 Attamen,
681 2967 805 3019 potius
824 2980 936 3018 quam
965 2977 1093 3005 natura
1118 2980 1244 3005 rerum
1263 2967 1509 3005 divulsionem
1538 2970 1644 3017 patia-

60 3030 132 3068 tur,
161 3023 319 3059 &detur
344 3023 399 3068 (ut
421 3023 641 3073 loquuntur)
673 3032 842 3069 vacuum,
871 3033 1030 3074 corpora
1052 3022 1265 3068 hujusmodi
1294 3021 1332 3059 in
1361 3023 1500 3060 sursum
1530 3023 1647 3059 feren-

61 3087 135 3122 tur,
162 3078 200 3128 ἀ
222 3077 402 3114 cessabant
431 3077 477 3113 ab
500 3074 629 3114 officio
662 3077 729 3115 su'o
765 3082 849 3126 erga
871 3087 1026 3123 terram,
1061 3086 1104 3114 ut
1135 3078 1312 3128 praestent
1342 3074 1509 3115 officium
1544 3076 1649 3112 suum

66 3131 210 3177 mundo
227 3130 292 3183 ipsi
327 3132 507 3169 debitum.
563 3133 615 3170 Ita
641 3130 738 3181 quasi
767 3142 949 3184 perpetuo
980 3133 1140 3179 obtinet,
1178 3143 1218 3170 ut
1252 3130 1481 3170 conservatio
1508 3132 1651 3167 formae

103 3199 122 3205 -<
232 3194 235 3198 ·
1538 3197 1654 3222 manis

1714 319 1807 367 Ῑ97
