2040 3465
123 181 217 214 120

405 161 958 211 REDARGUTIO
1012 160 1792 212 PHILOSOPHIARUM.

295 262 449 306 nentur)
483 259 543 295 sed
571 268 762 305 utcunque
792 268 873 293 non
901 256 1106 292 dilatantur
1135 266 1197 293 aut
1227 256 1517 305 atriplificantnr.
1574 259 1617 295 In
1629 260 1769 297 artibus
1789 271 1913 299 autem

295 314 522 351 mechanicis
544 322 675 349 contra
702 313 852 348 evenire
879 312 1072 352 vidcnms5
1101 323 1196 360 quae
1211 322 1253 349 ut
1275 312 1404 360 spiritu
1429 312 1595 360 quodam
1626 315 1789 362 repletae
1810 329 1914 366 vege-

293 379 375 406 tant
397 371 433 406 &
454 367 634 413 crescunt,
664 368 790 415 primo
819 367 937 412 rudes,
966 366 1103 403 deinde
1123 366 1363 413 commodae,
1394 368 1472 416 post
1496 369 1674 415 excultae,
1706 369 1765 406 sed
1789 382 1914 421 perpo-

296 433 364 461 tuo
382 425 526 461 austae:
556 421 795 474 philosophia
808 431 935 458 autem
949 423 984 457 ὅ(
1001 417 1174 459 scientiae
1189 421 1400 459 intellectus
1416 418 1613 460 statuarum
1632 435 1741 461 more
1756 427 1911 464 adoran-

294 490 354 516 tur
371 482 407 516 &
434 479 683 523 celebrantur,
713 475 775 513 sed
800 488 881 513 non
904 486 1122 513 moventur.
1178 477 1402 528 Quinetiam
1428 479 1468 514 in
1484 479 1612 526 primo
1633 490 1913 529 nonnunquam

295 534 455 571 authore
472 534 634 569 maxime
651 532 789 569 florent
807 545 815 571 3
847 533 882 567 «Se
908 531 1083 580 deinceps
1098 531 1343 575 declinant&
1362 532 1588 570 exareseunt.

349 590 387 626 N
399 599 524 640 EQJE
546 600 638 624 vero
659 589 800 623 mirum
815 584 864 623 est
879 586 940 622 ista
960 585 1178 623 discrimina
1193 585 1290 623 inter
1306 587 1563 624 mechanicam
1581 590 1617 626 δε
1633 589 1912 641 philosophiam

296 641 474 692 conspici,
505 655 592 679 eum
613 641 651 678 in
676 643 738 679 illa
764 639 997 691 singulorum
1024 643 1176 691 ingenia
1197 640 1436 689 misceantur,
1466 644 1507 679 in
1532 643 1600 680 hae
1623 656 1914 697 corrumpantur

295 701 332 736 ὃ(
350 697 593 736 destruantur.
650 697 766 749 Quod
783 695 806 733 fi
828 698 911 744 quis
929 694 1122 741 existimet,
1151 696 1394 734 scientiarum
1415 707 1456 734 ut
1476 709 1602 734 retum
1619 709 1826 737 ceterarum
1841 702 1910 739 ess'e

293 754 484 802 quendam
499 751 644 798 statum,
674 752 787 800 idque
804 752 881 789 fere
899 752 937 788 in
953 761 1102 803 tempus
1122 753 1233 789 unius
1248 751 1413 789 authoris
1430 753 1609 800 incidere,
1638 755 1704 802 qui
1727 755 1912 794 beneficio

292 811 474 858 temporis
490 807 572 845 usus
589 810 624 844 &
644 807 725 845 suae
740 809 868 844 aetatis
882 805 1065 858 princeps,
1096 806 1268 859 inspeffls
1290 808 1442 856 reliquis
1460 806 1702 857 scriptoribus
1717 811 1754 847 &
1772 811 1911 855 judica-

292 865 350 910 tis,
380 864 549 901 scientias
569 862 660 913 ipsas
682 861 847 899 absolvat
871 862 1112 911 &perficiam
1143 862 1247 910 quod
1273 862 1470 913 postquam
1495 863 1634 901 facium
1658 863 1712 911 fit,
1741 866 1908 911 juniores

290 921 360 956 rite
375 921 518 971 palmas
533 917 707 956 secundas
723 928 849 967 petere
863 928 902 954 ut
919 916 1134 957 huiusmodi
1148 915 1314 955 authoris
1335 929 1449 967 opera
1460 919 1517 954 vel
1532 920 1718 968 explicent
1732 922 1791 958 vel
1808 922 1910 972 dige-

290 985 384 1021 rant,
413 975 469 1012 vel
489 986 559 1026 pro
575 973 628 1010 sui
645 972 778 1010 saeculi
795 974 942 1009 ratione
957 973 1084 1022 palato
1106 972 1402 1010 accommodent
1420 974 1456 1010 &
1470 984 1638 1011 vertant:
1668 987 1738 1012 nae
1753 976 1823 1014 ille
1832 988 1910 1014 ma-

289 1030 409 1073 jorem
427 1030 535 1066 rebus
551 1029 724 1066 humanis
741 1028 980 1077 prudentiam
998 1030 1032 1064 ὃ(
1049 1029 1225 1064 ordinem
1245 1030 1280 1065 ὅ(
1304 1027 1526 1064 felicitatem
1546 1029 1692 1076 tribuit,
1721 1043 1834 1081 quam
1851 1043 1908 1070 ex-

288 1083 397 1133 periri
413 1085 463 1121 fas
484 1085 545 1130 est,
575 1096 631 1120 res
647 1084 750 1120 enim
777 1082 903 1120 caium
919 1084 1064 1134 recipit,
1094 1081 1160 1119 nisi
1184 1083 1287 1131 quod
1314 1085 1457 1120 vanitas
1476 1083 1680 1121 hominum
1698 1087 1810 1122 etiam
1832 1086 1908 1124 for-

287 1142 381 1177 tuita
397 1142 435 1177 in
452 1138 613 1177 deterius
630 1140 842 1189 detorquet.
900 1140 937 1175 N
944 1150 1002 1181 an]
1022 1150 1107 1175 vere
1130 1136 1175 1175 sic
1188 1138 1222 1175 se
1237 1150 1292 1174 res
1308 1138 1441 1179 lrabet3
1470 1138 1664 1190 postquam
1683 1140 1833 1186 scicntia
1845 1143 1910 1179 ali-

287 1208 359 1243 qua
387 1197 600 1232 multorum
626 1194 888 1232 observatione
912 1196 948 1230 &
976 1192 1182 1242 diligentia,
1212 1193 1305 1230 dum
1334 1194 1426 1230 alins
1455 1195 1525 1230 alia
1545 1194 1806 1245 apprehendit,
1835 1209 1904 1249 per

283 1261 405 1300 partes
421 1261 563 1288 tentata
592 1249 687 1287 serio
703 1251 739 1286 ὅ(
755 1250 904 1286 Πλεῖ-πει
921 1246 974 1295 fit,
1004 1259 1087 1285 tum
1105 1248 1242 1286 exoriri
1265 1249 1431 1297 aliquem
1460 1260 1596 1290 mente,
1605 1249 1800 1292 fidentem,
1833 1253 1905 1289 lin-

283 1318 355 1356 gua
376 1317 589 1355 potentem,
620 1305 806 1342 methodo
821 1304 1024 1350 celebrem,
1052 1305 1118 1353 qui
1135 1316 1268 1355 corpus
1283 1316 1403 1341 unum
1421 1316 1464 1340 ex
1480 1302 1631 1354 singulis
1645 1317 1718 1355 pro
1732 1306 1905 1346 suoarbi-

284 1363 360 1398 trio
376 1358 511 1398 efficiat
529 1363 565 1398 ὃ(
584 1361 737 1411 posteris
753 1360 896 1397 tradat:
926 1358 1109 1410 plerisque
1125 1358 1310 1409 corruptis
1324 1361 1361 1397 ὃ(
1375 1359 1596 1410 depravatis,
1627 1363 1662 1398 ὅ(
1679 1368 1766 1400 cum
1783 1361 1902 1400 certis·
1926 1395 1930 1397 .

283 1415 371 1454 {ima
387 1413 592 1454 omiflione
609 1415 785 1454 omnium
807 1427 901 1463 quae
925 1416 1076 1452 altiores
1099 1417 1135 1452 &
1156 1415 1347 1465 digniores
1368 1416 1713 1464 contemplationes
1730 1417 1905 1456 exhibere

283 1469 436 1521 possint,
457 1483 498 1509 ut
509 1471 738 1521 opinionum
754 1470 1045 1507 immodicarum
1064 1472 1100 1507 ὅ(
1116 1468 1455 1520 extravagantium:
1485 1472 1521 1506 r&
1534 1471 1669 1520 posteri
1683 1472 1804 1510 rursus
1814 1473 1903 1512 faci-

280 1528 383 1565 litate
402 1529 454 1564 rei
474 1529 509 1565 δε
533 1527 766 1577 compendio
786 1525 1000 1576 gaudentes,
1030 1523 1096 1562 sibi
1125 1527 1361 1575 gratulantur
1387 1538 1428 1562 ac
1449 1526 1503 1562 nil
1525 1526 1678 1564 ulterius
1703 1539 1903 1579 quaerunt,

280 1583 341 1620 sed
358 1584 402 1620 ad
420 1583 482 1619 illa
496 1582 698 1620 ministeria
714 1581 857 1620 servilia
873 1593 966 1629 quac
982 1579 1142 1618 diximus
1158 1581 1193 1618 se
1210 1591 1450 1618 convertunt.
1508 1581 1654 1619 Verum
1668 1581 1786 1630 vobis,
1814 1584 1897 1630 filii,

280 1651 352 1688 pro
367 1648 473 1676 certo
489 1636 541 1683 fit,
572 1651 667 1687 quae
686 1637 725 1674 in
744 1648 877 1674 natura
893 1636 1047 1673 fundata
1076 1636 1173 1683 sunt,
1202 1646 1245 1673 ut
1260 1648 1370 1684 aquas
1390 1647 1585 1687 perennes,
1614 1648 1800 1689 perpetuo
1827 1651 1898 1676 no—

279 1705 341 1730 vas
368 1693 659 1742 scaturigines&
675 1693 934 1730 emanationes
958 1692 1112 1732 habere3
1143 1704 1237 1740 quae
1264 1702 1392 1728 autem
1420 1693 1461 1728 in
1481 1692 1668 1742 opinione
1693 1693 1899 1742 versantur,

278 1750 411 1786 variari
426 1748 574 1785 fortasse
590 1747 651 1785 sed
666 1760 749 1784 non
770 1748 908 1796 augeri.
1673 1777 1681 1788 ,
1736 1756 1737 1759 ’

331 1805 579 1841 HABEMUS
601 1805 637 1840 ὃς
659 1802 761 1839 aliud
783 1799 940 1851 lignum,
970 1799 995 1837 fi
1021 1801 1145 1838 modo
1169 1799 1262 1851 {igni
1286 1802 1488 1854 appellatio
1515 1804 1554 1839 in
1583 1802 1659 1841 hoc
1684 1804 1898 1858 competit:

276 1871 364 1898 curu
386 1859 512 1910 potius
527 1857 785 1895 testimonium
800 1855 855 1904 fit,
885 1858 967 1893 imo
982 1857 1290 1894 testimoniorum
1312 1858 1492 1896 omnium
1506 1855 1790 1907 validissimum,
1818 1861 1894 1899 hoe

276 1915 336 1960 est,
367 1912 555 1965 propriam
573 1914 776 1950 authorum
793 1924 957 1961 quotum
973 1912 1061 1949 fidei
1077 1925 1143 1951 vos
1157 1914 1402 1951 committitis
1417 1909 1695 1952 confess'lonem
1712 1918 1748 1953 ὅ(
1763 1916 1894 1962 judici?

276 1982 353 2008 um.
412 1971 516 2006 Nam
532 1972 567 2006 ὃ(
584 1968 637 2005 illi
654 1967 717 2020 ipfi
734 1970 799 2017 qui
820 1967 1041 2004 distaturam
1057 1969 1246 2016 quandam
1264 1969 1304 2005 in
1322 1967 1482 2006 scientiis
1503 1969 1731 2018 invaserunt,
1761 1973 1799 2010 ὅ(
1814 1982 1896 2011 tan-

274 2038 311 2063 ta
335 2025 468 2062 fiducia
497 2025 543 2061 de
564 2025 672 2061 rebus
701 2025 978 2074 pronunciant:
1008 2033 1138 2060 tamen
1159 2035 1223 2073 per
1245 2025 1453 2071 intervalla,
1482 2036 1570 2061 cum
1597 2025 1642 2062 ad
1658 2025 1694 2063 se
1709 2027 1892 2069 redeunt3

274 2082 320 2118 ad
339 2081 603 2129 'querimonias
627 2081 783 2116 demum
807 2079 855 2115 de
883 2089 1037 2116 naturae
1069 2078 1286 2126 subtilitate,
1316 2091 1442 2117 rerum
1471 2079 1707 2128 obscuritate,
1736 2081 1892 2120 humani

273 2137 418 2186 ingenii
453 2135 684 2181 infirmitate,
716 2137 751 2172 ὃς
771 2132 904 2171 similia
926 2134 961 2171 se
998 2144 1250 2172 convertunt:
1280 2136 1419 2183 Neque
1447 2145 1658 2184 propterea,
1688 2136 1769 2184 filii,
1797 2138 1889 2176 haec

271 2191 475 2229 modestiae
498 2201 560 2228 aut
582 2190 800 2237 humilitati,
830 2190 1031 2227 virtutibus
1045 2188 1085 2227 in
1101 2190 1210 2241 rebus
1226 2188 1540 2228 intellectualibus
1563 2192 1741 2230 omnium
1757 2192 1890 2231 felicis-

271 2245 381 2293 limis,
412 2247 618 2296 deputetis:
649 2258 731 2282 non
760 2256 838 2283 tam
863 2245 1001 2290 faciles,
1032 2255 1095 2282 aut
1125 2245 1219 2282 boni
1247 2244 1418 2283 fueritis:
1449 2258 1536 2283 cum
1566 2256 1699 2284 contra
1723 2247 1784 2285 ista
1807 2247 1920 2288 non*

272 2298 472 2349 eonfcssio,
500 2300 561 2338 sed
582 2297 766 2352 professio
791 2299 862 2338 five
886 2301 1115 2351 praedicatio
1136 2313 1178 2338 cx
1194 2300 1376 2352 superbia,
1407 2302 1559 2349 invidia,
1593 2311 1702 2353 atque
1718 2303 1756 2340 id
1769 2315 1890 2353 genus

271 2357 462 2394 atl'eeiibus
477 2368 605 2394 ortum
622 2369 692 2406 pro
704 2367 809 2394 certo
825 2357 979 2396 habeat;
1008 2355 1046 2392 id
1063 2357 1168 2392 enim
1183 2355 1333 2405 prorsus
1347 2357 1498 2403 volunt,
1518 2358 1700 2406 quicquid
1714 2359 1755 2395 in
1771 2358 1887 2397 scien-

270 2411 329 2449 tiis
342 2411 405 2450 sibi
421 2411 500 2461 ipsis
520 2422 582 2449 aut
599 2411 778 2461 magistris
798 2411 869 2449 suis
884 2410 1127 2460 incognitum
1147 2422 1210 2449 aut
1225 2410 1406 2449 intaetum
1428 2411 1551 2457 fuerit,
1583 2413 1621 2448 id
1637 2409 1738 2450 extra
1757 2417 1886 2452 termi-

268 2480 338 2505 nos
355 2465 545 2517 poss'tbiles
561 2469 654 2516 poni
671 2470 706 2504 ὃ(
723 2468 934 2505 removeri:
958 2466 1049 2503 hacc
1065 2466 1114 2503 est
1134 2465 1196 2505 illa
1212 2465 1392 2504 modestia
1407 2477 1518 2515 atque
1534 2466 1734 2506 humilitas.

321 2525 402 2559 ITA
413 2534 506 2574 (χω-3
523 2519 610 2572 pessi
619 2535 685 2559 mo
698 2522 778 2560 fato
794 2535 850 2560 res
866 2521 1019 2572 geritur.
1077 2519 1145 2559 Nil
1166 2523 1271 2560 enim
1288 2523 1328 2559 in
1342 2523 1399 2560 his
1415 2534 1543 2559 rerum
1557 2523 1810 2561 humanarum
1819 2537 1883 2563 an-

267 2578 401 2627 gustiis,
430 2588 492 2615 aut
510 2578 553 2614 ad
570 2577 741 2626 praesens
757 2579 874 2627 magis
904 2578 1157 2627 deploratum,
1187 2579 1307 2615 autin
1329 2577 1499 2615 futurum
1523 2578 1637 2626 magis
1660 2580 1882 2618 ominosum

267 2631 328 2678 est,
357 2645 469 2680 quam
484 2633 587 2681 quod
604 2632 778 2670 homines
795 2634 1051 2683 ignorantiam
1066 2633 1180 2669 etiam
1198 2633 1432 2683 ignominiae
1447 2632 1502 2678 (ut
1515 2644 1615 2670 nune
1629 2631 1688 2682 fit)
1702 2635 1883 2682 eximant,

266 2699 377 2735 atque
394 2689 478 2724 artis
496 2687 576 2724 suae
605 2688 865 2726 infirmitatem
891 2691 928 2725 in
938 2698 1100 2738 ⁷natutae
1120 2689 1351 2725 calumniam
1377 2694 1542 2727 vertant:
1574 2690 1610 2725 δε
1626 2690 1805 2738 quicquid
1821 2702 1880 2728 ars

266 2744 329 2779 illa
347 2742 405 2779 sua
421 2755 501 2778 non
517 2744 680 2792 attingit,
710 2744 748 2780 id
766 2756 808 2780 ex
823 2755 900 2781 arte
917 2743 1009 2781 scitu
1023 2752 1085 2779 aut
1101 2742 1198 2781 facin
1215 2739 1444 2793 impossibile
1459 2741 1681 2793 supponant.
1739 2746 1877 2794 Neque

264 2798 350 2835 lane
365 2798 535 2834 damnari
556 2798 673 2846 potest
692 2811 760 2845 ars,
792 2811 877 2836 cum
895 2799 970 2851 ipsa
988 2795 1150 2843 judicem
1181 2811 1224 2836 ex
1238 2798 1313 2835 hoc
1343 2798 1453 2835 fonte
1469 2798 1566 2835 haud
1582 2810 1716 2849 paucas
1730 2799 1882 2851 opinio-

263 2866 327 2890 nes
349 2854 385 2889 δε
400 2851 530 2901 placita
547 2854 584 2888 in
602 2852 835 2904 philosophia
853 2851 1052 2903 reperiatiS,
1080 2864 1174 2903 quae
1193 2854 1287 2890 nihil
1300 2854 1401 2890 aliud
1418 2864 1531 2901 quam
1547 2851 1747 2902 quaesitam
1761 2854 1875 2901 istam,

261 2910 298 2945 δε
313 2907 564 2952 artificiosam,
594 2909 628 2942 ὃ(
647 2909 683 2943 in
700 2909 969 2958 cognoscendo
985 2911 1021 2945 ὃ(
1036 2909 1076 2944 in
1099 2909 1295 2960 operando
1315 2908 1628 2958 desperationem,
1658 2909 1701 2946 ad
1720 2909 1804 2947 artis
1814 2911 1874 2948 dc—

257 2975 323 3001 cus
338 2965 373 3000 &
392 2961 552 3012 gloriam
574 2960 823 3012 perditiffimo
843 2964 917 3002 hoc
934 2963 1055 3001 modo
1085 2964 1271 3002 tuendum
1289 2963 1428 3013 sapiant
1447 2965 1479 3000 ἃ
1498 2963 1659 3000 foveant.

1760 3076 1879 3117 Hine

1846 3227 1867 3267 3
