2040 3439
160 217 229 269 72,

391 197 488 246 DE
543 192 1038 251 AUGMENTIS
1090 188 1695 247 SCIENTIARUM.
1734 190 1907 238 Lib.11.

300 296 540 346 antiqnitates
569 304 660 329 vero
686 288 832 327 historia
853 287 1063 324 deformata
1085 284 1182 333 sunt,
1212 284 1282 324 sive
1303 286 1482 333 reliquiae
1503 284 1686 331 historiae,
1716 297 1810 334 quae
1825 287 1909 325 casu

302 364 322 388 e
338 350 535 391 naufragio
551 357 770 396 temporum
786 354 931 392 ereptae
947 341 1042 378 sunt.

355 392 652 447 MEMORIAE,
690 398 759 436 sive
799 397 1098 449 praeparationes
1133 395 1179 432 ad
1208 394 1397 433 historiam
1431 395 1589 446 duplicis
1624 397 1769 444 generis
1800 396 1911 437 sunm

302 471 466 510 quorum
496 460 655 494 alterum
676 453 985 498 commentarios,
1013 452 1174 488 alterum
1190 451 1337 499 registra
1351 461 1485 487 vocare
1510 451 1642 499 placet.
1700 452 1911 489 Commen-

303 518 387 554 tarii
404 514 543 551 nudam
559 511 754 548 aeiionum
770 511 806 545 ὃ(
822 517 1027 545 eventuum
1044 504 1174 542 seriem
1191 517 1232 541 ac
1247 507 1528 543 connexionem
1546 516 1780 554 proponunt,
1809 519 1911 558 prae·

304 565 481 608 tei-millis
510 564 620 604 causis
650 576 777 601 rerum
804 564 838 599 ὃς
868 562 1128 612 praetextibuS,
1158 561 1275 597 initiis
1293 572 1445 609 quoque
1468 561 1673 597 earundem
1697 564 1733 598 ὃ(
1754 560 1912 599 occasio-

304 626 426 670 nibus,
454 620 613 659 confiliis
637 619 768 656 itidem
797 621 834 655 ὃς
862 617 1100 655 orationibus
1135 618 1172 660 ὃς
1194 617 1341 666 reliquo
1357 616 1550 652 actionum
1567 626 1752 666 apparatu.
1810 618 1921 654 Talis

303 679 406 717 enim
416 676 465 715 est
476 678 625 727 propria
641 674 1010 711 commentariorum
1026 682 1177 712 natura3
1207 672 1294 707 licet
1307 669 1469 716 Caesari,
1486 682 1550 720 per
1567 671 1786 708 modestiam
1798 684 1916 721 quand

304 736 391 772 dam
416 744 503 770 eum
529 728 840 781 magnanimitate
863 728 1119 773 conjunetam,
1158 722 1475 776 praestantissime,
1513 727 1612 762 inter
1635 737 1705 772 eaS,
1736 739 1831 775 quae
1855 738 1914 764 cx-

301 794 384 827 tant
406 787 589 834 historiae,
618 786 986 823 commentariorum
1002 794 1145 819 nomen
1167 781 1296 818 indere
1316 779 1507 831 placuerit.
1560 780 1617 817 At
1633 781 1781 830 registra
1795 779 1923 832 dupli-‘

304 847 356 882 cis
372 854 523 881 naturae
539 842 624 879 sunt
642 855 650 878 z
682 840 1006 889 Complestuntur
1026 839 1131 875 enim
1155 847 1216 874 aut
1232 838 1365 874 titulos
1386 848 1512 873 rerum
1535 838 1571 873 δε
1587 836 1844 886 personarum,
1872 833 1924 875 in'

304 901 397 937 serie
412 909 631 948 temporum
648 910 658 938 3
686 897 813 945 quales
827 893 1002 932 dicuntur
1017 893 1095 930 fasti
1116 895 1152 930 ὃ(
1172 892 1468 941 chronologiae:
1499 891 1581 928 Aut
1604 892 1772 929 actorum
1797 893 1925 931 solen--

304 957 468 995 nitate53
498 954 601 998 cujus
629 953 775 1002 generis
804 949 902 996 sunt,
929 951 1146 1001 principum
1177 948 1307 994 edista,
1346 948 1542 984 senatuum
1569 947 1730 994 decreta,
1759 947 1916 993 judicio-

304 1022 391 1048 rum
412 1008 610 1059 proeessuS,
638 1007 831 1044 orationes
853 1004 1002 1054 publice
1031 1003 1190 1050 habitae,
1221 1003 1393 1052 epistolae
1421 1003 1572 1054 publice
1600 1001 1726 1040 mistae
1755 1005 1793 1041 <St
1820 1001 1926 1041 fimi?

306 1067 367 1112 lia,
396 1064 531 1116 absque
548 1063 774 1100 narrationis
790 1070 973 1098 contextu
989 1058 1059 1097 five
1074 1058 1141 1096 filo
1158 1057 1355 1095 continuo.

359 1119 758 1171 ANTIQUITATES,
792 1114 855 1153 seu
892 1114 1130 1152 historiarum
1173 1115 1366 1162 reliquiae,
1404 1113 1490 1150 sunt
1521 1113 1594 1159 (uti
1629 1113 1703 1159 jam
1739 1113 1918 1164 diximus)

305 1187 487 1225 tanquam
507 1175 653 1211 tabulae
679 1171 876 1220 naufragii,
906 1182 994 1208 cum
1022 1169 1221 1207 deficiente
1249 1171 1285 1206 &
1313 1168 1392 1207 fere
1423 1168 1609 1206 submersa
1630 1181 1755 1206 rerum
1772 1181 1918 1208 memo-

304 1233 373 1272 ria,
405 1231 656 1266 nihilominus
676 1227 854 1265 homines
882 1223 1048 1262 industrii
1077 1226 1114 1261 ὃς
1134 1223 1289 1273 sagaee5,
1317 1225 1500 1274 pertinaci
1520 1225 1681 1272 quadam
1706 1227 1743 1261 ὃς
1770 1223 1918 1277 scrupu-

304 1286 383 1323 losa
413 1285 622 1330 diligentia,
652 1295 695 1320 ex
731 1278 973 1331 genealogiis,
1007 1279 1115 1325 fastis,
1143 1280 1276 1325 titulis,
1307 1281 1583 1326 monumentis,
1614 1279 1919 1327 numismatibus,

304 1328 528 1378 nominibus
550 1339 711 1388 propriis
733 1339 770 1374 &
794 1336 905 1385 stylis,
934 1335 1141 1373 verborum
1174 1335 1431 1384 etymologiis,
1462 1334 1679 1383 proverbiis,
1709 1335 1922 1373 traditioni-

308 1397 388 1444 bus,
417 1394 575 1432 archivis
601 1397 637 1431 &
663 1389 926 1437 instrumentis,
955 1400 1033 1428 tam
1063 1389 1222 1441 publicis
1245 1402 1359 1437 quam
1388 1391 1543 1439 privatis
1565 1388 1799 1427 historiarum
1826 1389 1923 1440 frag-

307 1451 461 1497 mentis,
491 1449 679 1487 librorum
707 1447 930 1495 neutiquam
959 1444 1223 1482 historicorum
1257 1446 1350 1481 loeis
1378 1443 1569 1496 disperfiss
1608 1457 1650 1482 ex
1680 1446 1736 1482 his
1765 1446 1923 1494 inquam

307 1505 501 1553 omnibus,
530 1506 590 1542 vel
615 1502 813 1553 aliquibus,
842 1501 1031 1538 nonnulla
1050 1512 1070 1537 a
1088 1500 1272 1550 temporis
1295 1499 1438 1537 diluvio
1453 1501 1618 1550 eripiunt
1634 1503 1669 1537 &
1685 1500 1919 1539 conservant.

308 1564 386 1600 Res
406 1561 491 1599 sane
507 1558 673 1610 operosa,
705 1558 766 1596 scd
784 1557 1009 1594 mortalibus
1024 1565 1138 1605 grata,
1168 1557 1205 1592 ὃς
1229 1567 1317 1591 cum
1344 1557 1551 1593 reverentia
1574 1555 1735 1604 quadam
1764 1556 1922 1602 conjun-

307 1618 393 1658 &213
422 1629 464 1654 ac
491 1614 602 1666 digna
626 1624 739 1661 certe,
767 1624 862 1662 quae
891 1611 1023 1648 deletis
1051 1607 1226 1648 fabulofis
1255 1609 1456 1648 nationum
1472 1612 1696 1660 originibus,
1726 1612 1767 1648 in
1792 1613 1926 1649 locum'

310 1672 530 1718 hujusmodi
551 1669 910 1708 commentitiorum
926 1665 1160 1704 substituatur
1175 1680 1185 1707 ς
1215 1664 1276 1703 sed
1290 1674 1420 1704 tamen
1435 1679 1483 1703 eo
1497 1668 1624 1704 minus
1638 1666 1778 1704 habens
1793 1668 1924 1705 autho-

308 1726 439 1774 ritatis,
468 1728 557 1776 quia
576 1736 784 1776 paucorum
805 1723 979 1760 licentiae
1000 1721 1204 1768 subjicitur,
1233 1722 1339 1769 quod
1358 1724 1484 1774 paucis
1503 1733 1614 1759 curae
1634 1721 1694 1759 cst.

365 1785 418 1820 IN
443 1782 500 1820 his
528 1780 766 1831 imperfee‘tae
794 1778 964 1820 historiae
984 1777 1195 1828 generibus,
1222 1776 1411 1815 defefium
1440 1779 1606 1826 aliquem
1629 1789 1710 1814 non
1739 1787 1836 1829 puto
1862 1778 1924 1816 de-

309 1837 546 1889 signandum,
575 1848 664 1874 cum
691 1833 762 1872 sint
789 1844 970 1883 tanquam
1002 1832 1219 1883 imperfeeie
1239 1832 1356 1880 mista,
1383 1843 1425 1871 ut
1446 1833 1610 1870 descetus
1635 1832 1854 1879 hujusmodi
1880 1832 1928 1886 fit

309 1907 354 1931 ex
374 1891 448 1945 ipsa
468 1904 597 1930 earum
619 1901 762 1928 natura.
818 1889 884 1926 Ad
905 1891 1090 1939 epitomas
1114 1887 1219 1936 quod
1247 1887 1393 1936 attinet,
1428 1887 1678 1935 (historiarum
1703 1898 1804 1925 certe
1831 1899 1924 1926 tere-

307 1949 417 1987 dines
443 1950 481 1985 &
499 1947 631 1995 tineas)
657 1958 714 1983 eas
743 1946 891 1983 exulare
913 1946 1090 1982 volumus
1101 1961 1115 1986 ,-
1147 1943 1253 1992 quod
1276 1942 1388 1981 etiam
1413 1955 1502 1981 cum
1523 1943 1709 1995 plurimis,
1739 1945 1804 1992 qui
1825 1956 1924 1982 max·

308 2005 386 2041 ime
402 2002 477 2040 sani
492 2002 645 2040 fuerunt
660 2000 800 2048 judieii,
829 2000 987 2038 facimus
1004 2018 1017 2042 ,-
1048 2009 1182 2049 utpote
1205 2010 1299 2047 quae
1315 2000 1512 2051 complura
1527 1994 1849 2042 nobilissimarum
1869 1999 1923 2037 hi-

308 2058 505 2096 storiarum
525 2068 686 2109 corpora
701 2056 893 2095 exederint
915 2058 952 2093 ὅ(
972 2055 1226 2101 corroderint,
1254 2064 1367 2103 atque
1390 2056 1432 2092 in
1459 2053 1578 2092 faeces
1601 2053 1752 2092 inutiles
1767 2055 1924 2092 demum

310 2115 536 2164 redegerint.

937 2291 980 2338 C
1015 2293 1059 2337 A
1094 2290 1144 2337 P.
1192 2291 1296 2338 VII.

338 2388 522 2428 Partitio
542 2388 722 2443 historiae
731 2385 866 2444 justae
894 2389 938 2428 in
967 2387 1161 2438 chronica,
1191 2390 1318 2437 vitas,
1349 2386 1397 2435 ὠ
1424 2387 1634 2429 relationes
1648 2407 1663 2434 ,-
1695 2401 1899 2445 earumque

897 2445 1080 2499 partium
1108 2444 1332 2501 explicatio.
1642 2469 1644 2472 v
1775 2468 1778 2472 .

440 2558 475 2593 T
499 2552 649 2594 historia
669 2555 757 2603 justa
779 2555 898 2595 trium
912 2554 962 2593 est
976 2568 1173 2607 generum,
1201 2568 1273 2606 pro
1293 2557 1440 2594 ratione
1460 2556 1610 2605 objeffl,
1639 2557 1743 2606 quod
1763 2555 1827 2594 fibi
1840 2568 1927 2608 pto-

469 2614 577 2661 ponit
598 2612 962 2665 repraesentandum.
1019 2612 1102 2649 Aut
1117 2609 1220 2649 enim
1242 2613 1465 2663 portionem
1485 2613 1650 2661 aliquam
1674 2614 1858 2663 temporis
1872 2625 1927 2650 re-

310 2665 547 2716 praesentat3
576 2675 638 2705 aut
665 2667 863 2718 personam
887 2665 1112 2717 singularem
1135 2668 1324 2704 memoria
1348 2667 1532 2717 dignam3
1561 2678 1623 2705 aut
1653 2663 1927 2707 astionem'ali-

312 2733 429 2770 quam
449 2719 520 2759 five
543 2734 624 2759 rem
646 2724 783 2772 gestam
807 2735 851 2761 ex
875 2721 1146 2760 illustrioribus.
1201 2723 1376 2761 Primum
1397 2722 1577 2760 chronica
1601 2721 1673 2761 five
1695 2717 1845 2761 an'nales
1866 2735 1930 2776 ap-

312 2777 527 2826 pellamus3
556 2776 761 2816 secundum
780 2780 896 2820 vitas;
924 2779 1082 2817 tertium
1109 2778 1323 2816 relationes.
1378 2780 1482 2816 Inter
1509 2791 1606 2828 quae
1627 2777 1805 2817 chronica
1831 2779 1929 2817 cele-

313 2833 451 2869 britate
471 2834 509 2869 &
536 2834 697 2870 nomine
717 2835 897 2872 excellere
916 2834 1120 2875 videntum
1148 2834 1245 2871 vitae
1269 2843 1396 2871 autem
1425 2834 1548 2872 fruita
1577 2836 1614 2872 &
1637 2835 1842 2884 exemplis;
1871 2845 1930 2872 re-v

315 2888 476 2924 lationes
492 2887 613 2925 rursus
623 2885 829 2927 sinceritate
839 2892 876 2927 δ(
890 2891 1057 2928 veritate.
1119 2887 1312 2927 Chronica
1327 2901 1493 2939 namque
1508 2890 1800 2939 amplitudinem
1814 2888 1929 2931 afflo-

314 2954 410 2980 num
430 2942 677 2992 publicarum,
707 2946 743 2981 ὅ(
762 2945 1008 2996 personarum
1023 2943 1134 2982 facies
1147 2954 1328 2992 externas,
1349 2947 1386 2982 ὅ(
1407 2947 1446 2982 in
1468 2945 1662 2995 publicum
1677 2944 1806 2992 versas,
1838 2955 1926 2996 pro-

314 3007 465 3048 ponunt
481 3011 493 3038 3
520 2999 672 3035 minora
687 3008 826 3046 autem,
854 3012 948 3048 quae
961 3010 1046 3037 turn
1061 3000 1107 3038 ad
1126 3011 1194 3047 res,
1224 3009 1307 3037 tum
1322 3000 1368 3037 acl
1388 3000 1564 3051 personas
1574 3001 1779 3050 pertinent,
1812 3001 1927 3037 omit-

315 3063 415 3101 tunt,
444 3054 481 3092 δι
508 3050 657 3093 filentio
684 3054 896 3094 involvunt.
954 3056 1059 3099 Cum
1088 3062 1181 3103 vero
1204 3055 1243 3094 id
1269 3054 1415 3097 artificii
1442 3056 1562 3096 divini
1585 3053 1627 3093 fit
1646 3057 1861 3114 proprium,
1884 3063 1927 3090 ut

1767 3120 1927 3148 maxima
