2040 3439
204 240 299 295 152

422 213 528 273 DE
580 208 1082 269 AUGMENTIS
1119 211 1734 261 SCIENTIARUM.
1785 209 1946 258 Liby.

339 321 403 361 ista
430 320 619 368 judicandi
651 318 706 364 (ut
733 317 850 354 etiam
869 314 987 362 vulgo
1008 321 1204 363 receptum
1233 309 1295 358 est)
1320 319 1384 347 aut
1406 321 1473 359 per
1502 308 1775 356 induitionem,
1803 321 1866 349 aut
1887 321 1954 362 per

342 376 604 429 syllogismum
631 371 873 409 concluditur
891 383 900 406 :
931 370 1034 406 Nam
1050 367 1334 415 enthymemata
1350 367 1387 402 ὃ(
1407 366 1587 416 exempla,
1616 365 1773 402 illorum
1793 365 1960 405 duorum

342 431 571 482 compendia
589 438 740 465 tantum
757 425 854 462 sunt.
912 423 968 460 At
984 431 1167 471 quatenus
1187 421 1235 458 ad
1254 421 1454 466 judicium,
1486 420 1592 467 quod
1616 418 1659 456 fit
1681 431 1747 469 per
1775 421 1962 459 induefio-

342 500 446 534 nem,
477 485 573 522 nihil
589 483 650 529 cst,
679 480 786 532 quod
803 491 876 516 nos
896 479 1068 516 detinere
1084 477 1243 514 debeat:
1272 487 1355 513 uno
1382 472 1567 523 siquidem
1593 474 1806 524 eodemque
1820 478 1962 514 meritis

343 553 460 593 opere
491 538 597 584 illud,
627 536 734 585 quod
763 536 966 584 quaeritur,
1006 535 1044 570 &
1071 530 1259 569 invenitur
1281 532 1318 568 &
1342 529 1538 576 judicatur.
1595 531 1733 581 Neque
1758 532 1864 568 enim
1890 542 1957 582 per
2009 554 2011 556 -

345 598 516 636 medium
533 591 688 640 aliquod
710 603 767 628 res
789 587 1013 638 transigitur,
1043 586 1105 625 scd
1128 586 1359 633 immediate,
1388 586 1526 623 codem
1547 584 1625 622 fere
1647 585 1781 632 modo,
1809 598 1890 635 quo
1916 586 1960 626 fit

345 655 387 690 in
417 650 534 688 sensu.
591 649 742 700 Quippe
769 644 891 683 sensus
908 645 948 681 in
963 641 1117 689 objestis
1133 641 1204 679 suis
1219 642 1406 693 primariis
1425 638 1536 678 simul
1565 642 1602 678 &
1629 640 1768 685 objecti
1797 640 1961 693 speciem

346 708 488 756 arripit,
519 707 555 742 &
589 704 667 749 ejus
695 699 843 739 veritati
874 699 1076 737 consentit.
1131 699 1259 734 Aliter
1287 706 1411 734 autem
1436 695 1478 733 fit
1500 694 1541 733 in
1571 694 1819 744 syllogism05
1857 698 1964 744 cujus

347 762 528 814 probatio
554 757 775 796 immediata
802 768 884 793 non
900 754 961 802 est,
990 754 1052 791 sed
1066 766 1130 806 per
1153 751 1322 789 medium
1339 750 1539 801 perficitur.
1597 752 1726 798 Itaque
1741 749 1810 788 alia
1834 763 1892 789 res
1913 751 1963 789 est

346 816 518 856 inventio
533 814 663 860 medii,
694 813 765 849 alia
785 811 968 857 judiciuin
993 810 1041 847 de
1056 807 1326 856 consequentia
1350 807 1574 855 argumenti*
1629 807 1737 842 Nam
1751 804 1879 855 primo
1892 807 1962 844 dis-

349 874 466 911 currit
501 882 620 916 mens,
649 867 772 920 postea
801 865 1012 916 acquiescit.
1068 864 1125 901 At
1148 862 1381 900 induCtionis
1410 861 1580 898 formam
1609 859 1784 898 vitiosam
1814 861 1965 911 prorsus

348 929 472 966 valere
496 927 692 973 jubemus3
721 921 930 971 legitimam
950 921 996 957 ad
1013 931 1159 958 novum
1175 928 1363 968 organum
1379 917 1620 954 remittimus.
1677 916 1810 965 Itaque
1833 917 1882 955 de
1910 918 1963 964 ju-

349 985 454 1022 dicio
468 994 533 1032 per
550 979 813 1018 inductionem
829 979 904 1014 hoc
919 978 1009 1013 loco
1030 975 1126 1013 satis,

403 1040 473 1076 DE
502 1037 572 1074 illo
590 1036 710 1072 altero
732 1045 796 1082 per
818 1030 1079 1080 syllogismum
1099 1029 1191 1078 quid
1211 1029 1347 1066 attinet
1367 1027 1517 1068 dicere;
1545 1038 1634 1064 cum
1650 1022 1896 1064 subtilissimis
1909 1029 1965 1065 in-

352 1096 557 1139 geniorum
578 1091 678 1127 limis
700 1088 790 1124 haec
811 1099 869 1124 res
891 1087 969 1123 fere
989 1087 1114 1123 attrita
1129 1085 1182 1131 fit,
1212 1083 1302 1121 &in
1327 1083 1468 1120 multas
1489 1082 1667 1119 minutias
1682 1082 1851 1119 reda-sta?
1880 1083 1967 1122 Nec

351 1136 508 1194 initum,
538 1157 626 1183 cum
646 1143 687 1181 sit
712 1154 782 1189 res,
811 1154 906 1190 quae
930 1153 1018 1178 cum
1047 1140 1241 1177 intellesiu
1269 1139 1440 1175 humano
1468 1149 1646 1186 magnam
1666 1131 1798 1174 habeat
1825 1137 1968 1188 sympa-

352 1205 485 1242 thiam.
543 1203 654 1239 Nam
668 1199 817 1235 animus
837 1197 1024 1234 humanus
1052 1196 1159 1232 miris
1183 1194 1309 1230 modis
1334 1193 1380 1229 ad
1399 1192 1474 1230 hoc
1503 1191 1706 1229 contendit
1738 1194 1775 1229 &
1799 1193 1961 1240 anhelat,

350 1269 394 1296 ut
418 1270 500 1295 non
521 1252 667 1306 pensilis
687 1251 740 1299 sit,
770 1252 831 1289 sed
852 1250 1083 1288 nanciscatur
1109 1249 1251 1297 aliquid
1271 1248 1387 1285 fixum
1407 1250 1444 1284 δε
1459 1247 1675 1294 immobile,
1705 1249 1766 1285 eui
1784 1257 1966 1297 tanquam

352 1314 597 1351 firmamento
611 1307 650 1346 in
665 1305 931 1345 transcursibus
953 1308 990 1343 ὃς
1010 1302 1332 1354 disquisitionibus
1348 1302 1419 1339 suis
1433 1302 1628 1339 innitatur.
1686 1303 1783 1340 Sane
1793 1304 1970 1352 quemad·

353 1368 519 1406 modum
534 1363 757 1402 Aristotcles
766 1363 925 1412 probare
939 1372 1110 1407 conatur,
1128 1360 1288 1397 inveniri
1300 1360 1340 1394 in
1355 1359 1465 1395 omni
1480 1368 1591 1394 motu
1606 1369 1813 1409 corporum
1826 1359 1969 1408 aliquid

357 1423 463 1473 quod
484 1420 661 1471 quiescit3
690 1420 727 1455 δε
744 1417 907 1455 fabulam
929 1415 1122 1465 antiquam
1137 1416 1184 1453 de
1199 1415 1371 1459 Atlante,
1398 1414 1463 1461 qui
1476 1411 1551 1464 ipse
1567 1413 1709 1450 creetus
1723 1414 1876 1450 coelum
1903 1413 1970 1452 hu-

359 1480 473 1516 meris
503 1474 681 1521 sustinuit,
721 1474 977 1522 pereleganter
1005 1471 1051 1508 ad
1073 1471 1184 1523 polos
1211 1468 1347 1506 mundi
1371 1468 1545 1514 traducit,
1575 1469 1673 1505 circa
1696 1480 1792 1518 quos
1811 1480 1969 1508 conver-

356 1532 479 1571 siones
505 1529 751 1583 expediuntur
771 1542 779 1564 :
809 1528 993 1565 Similiter
1013 1538 1155 1576 magno
1177 1525 1299 1563 studio
1319 1533 1499 1573 appetunt
1519 1523 1696 1560 homines
1721 1522 1885 1572 aliquem
1909 1523 1972 1562 ha-

358 1590 448 1626 bere
468 1590 567 1625 intra
583 1585 618 1622 se
633 1585 914 1634 cogitationum
933 1582 1134 1620 Atlantem
1148 1590 1210 1618 aut
1240 1580 1362 1630 polos,
1393 1579 1460 1627 qui
1475 1579 1690 1615 intellectus
1709 1578 1973 1618 fluctuationes

358 1646 397 1681 ὅ(
412 1644 615 1692 vertigines
629 1641 864 1687 aliquatenus
879 1648 1033 1687 regant3
1063 1636 1241 1674 timentes
1260 1633 1410 1680 scilicet,
1439 1645 1488 1670 nc
1510 1635 1662 1671 coelum
1683 1633 1852 1685 ipsorum
1874 1644 1970 1673 ruat.

358 1700 490 1747 Itaque
517 1697 561 1733 ad
589 1695 770 1745 principia
786 1693 1024 1730 scientiarum
1055 1690 1314 1729 constituenda
1336 1700 1583 1739 praepropere
1608 1687 1842 1737 festinarunt,
1870 1692 1972 1728 circa

360 1766 456 1802 quac
470 1754 598 1789 omnis
619 1749 918 1799 disputationum
942 1750 1096 1785 varietas
1111 1756 1332 1789 verteretur,
1359 1742 1436 1781 fine
1455 1742 1624 1795 periculo
1643 1743 1773 1782 ruinae
1795 1747 1834 1782 ὃ(
1848 1744 1972 1788 casus;

360 1807 566 1846 nescientes
585 1805 754 1855 protetio
769 1816 870 1850 eum,
900 1805 965 1852 qui
980 1813 1081 1839 certa
1099 1803 1213 1838 nimis
1229 1811 1388 1851 propere
1403 1800 1615 1849 captaverit,
1644 1801 1685 1837 in
1705 1799 1829 1837 dubiis
1847 1799 1974 1840 finitu—

361 1875 447 1901 rum
466 1877 473 1899 :
504 1863 568 1910 qui
585 1871 712 1898 autem
732 1858 914 1904 judicium
934 1857 1148 1907 tempestive
1163 1856 1387 1900 cohibuerit,
1416 1855 1460 1890 ad
1475 1864 1576 1891 certa
1596 1864 1881 1906 perventurum.

418 1919 768 1954 NlANll-“ESTUM
797 1914 845 1951 est
878 1915 1003 1962 igitur,
1041 1922 1162 1949 artem
1190 1911 1287 1948 hanc
1316 1909 1506 1954 judicandi
1536 1921 1601 1961 per
1629 1908 1891 1960 syllogismum
1917 1912 1974 1948 ni-

360 1974 416 2011 hil
446 1972 546 2009 aliud
578 1970 659 2016 effe,
689 1981 802 2017 quain
831 1969 1093 2006 redusiioneni
1126 1963 1428 2018 propositionum
1454 1964 1499 2001 ad
1523 1966 1707 2017 principia
1734 1977 1799 2015 per
1822 1966 1973 2004 medios

361 2027 557 2065 terminos.
614 2023 796 2076 Principia
826 2035 952 2061 autem
981 2021 1164 2060 consensu
1188 2030 1335 2072 recepta
1362 2020 1641 2069 intelliguntur,
1670 2027 1782 2070 atque
1809 2033 1832 2058 a
1865 2033 1975 2070 quac-

363 2083 480 2120 stione
504 2084 733 2120 eximuntur.
788 2079 844 2115 At
866 2080 1122 2115 terminorum
1149 2075 1363 2114 mediorum
1393 2076 1566 2113 inventio
1585 2074 1704 2113 libero
1729 2074 1977 2126 ingeniorum

363 2140 530 2176 acumini
555 2139 590 2174 ἃ
614 2133 888 2183 investigationi
917 2134 1161 2184 permittitur.
1217 2132 1277 2169 Est
1305 2141 1432 2168 autem
1460 2130 1631 2168 reductio
1655 2129 1718 2168 illa
1740 2132 1891 2181 duplex,
1918 2132 1975 2170 di-

365 2198 461 2231 retta
482 2193 632 2237 scilicet,
662 2193 698 2227 Sc
718 2188 871 2227 inversa.
928 2188 1079 2225 Dirceia
1094 2185 1154 2233 cst,
1184 2199 1272 2224 cum
1287 2185 1360 2238 ipsa
1387 2183 1596 2235 propositio
1617 2186 1665 2224 ad
1694 2185 1817 2236 ipsum
1839 2186 1977 2239 prinei-

365 2251 472 2299 pium
492 2247 680 2284 reducitur
699 2260 706 2281 ε
737 2245 775 2281 id
792 2245 895 2292 quod
916 2241 1092 2293 probatio
1107 2239 1282 2280 ostensiva
1296 2251 1462 2278 vocatur.
1517 2240 1664 2280 Inversa
1687 2239 1749 2290 est,
1779 2253 1868 2279 cum
1882 2254 1975 2280 con-

365 2304 579 2341 tradicloria
608 2298 877 2352 propositionis
898 2299 1088 2336 reducitur
1118 2298 1163 2335 ad
1187 2296 1526 2334 contradictorium
1557 2295 1756 2348 principii3
1785 2297 1891 2346 quod
1912 2310 1977 2336 vo-

364 2370 450 2396 cant
461 2358 729 2409 probationem
739 2367 803 2405 per
819 2354 1126 2392 incommodum.
1159 2354 1356 2391 Numeros
1370 2364 1462 2389 vero
1472 2350 1725 2390 terminorum
1741 2353 1974 2400 mediorum,

363 2413 436 2451 live
452 2413 544 2450 scala
565 2423 712 2458 eorum,
741 2411 928 2447 minuitur
947 2418 1009 2446 aut
1025 2418 1193 2458 augetur,
1223 2420 1295 2460 pro
1316 2408 1535 2445 remotione
1549 2404 1818 2459 propositionis
1839 2419 1861 2444 a
1874 2410 1976 2458 prin-

366 2470 479 2520 cipio.

420 2526 505 2560 His
528 2520 667 2574 positis,
688 2522 894 2573 partiemur
910 2529 1029 2557 artem
1055 2518 1184 2564 judicii
1203 2516 1305 2566 (sicut
1320 2518 1436 2567 vulgo
1458 2516 1537 2554 fere
1550 2516 1658 2565 solet)
1680 2518 1720 2554 in
1736 2518 1973 2567 analyticam,

369 2580 407 2614 ἃ
425 2579 637 2615 dostrinam
653 2578 699 2614 de
715 2575 899 2613 elenchis:
927 2576 1043 2611 altera
1058 2573 1212 2621 indicat,
1241 2574 1357 2610 altera
1378 2582 1503 2609 cavet:
1533 2570 1739 2621 Analytica
1759 2571 1862 2610 enirn
1876 2585 1979 2612 veras

368 2632 507 2669 formas
536 2632 694 2669 instituit
722 2632 770 2669 de
797 2629 1079 2678 consequentiis
1101 2638 1442 2678 argumentorums
1470 2639 1491 2664 a
1519 2627 1654 2675 quibus
1677 2625 1702 2664 si
1724 2630 1885 2666 varietur
1905 2626 1976 2667 sive

367 2687 595 2733 ‘defleti—atur,
633 2686 766 2725 vitiosa
788 2684 1082 2737 deprehenditur
1110 2683 1181 2720 effe
1209 2679 1430 2720 conclusio:
1465 2681 1597 2730 Atque
1623 2682 1700 2719 hoc
1729 2681 1848 2731 ipsum
1871 2684 1912 2721 in
1939 2684 1979 2722 se

369 2742 571 2778 elenchum
591 2743 781 2790 quendam
808 2739 880 2779 sive
905 2740 1213 2788 redargutionem
1241 2738 1426 2775 continet.
1483 2738 1644 2775 Recium
1672 2736 1774 2774 enim
1799 2739 1855 2784 (ut
1889 2739 1978 2778 dici-

371 2799 445 2844 tur)
477 2799 514 2833 &-
542 2795 595 2832 sui
631 2797 742 2834 index
771 2795 832 2843 est,
861 2798 899 2834 δ(
927 2795 1086 2842 obliqui.
1146 2789 1396 2831 Tutissimum
1431 2790 1681 2830 nihilominus
1717 2792 1765 2829 est
1800 2789 1980 2832 elenchos

371 2853 487 2888 veluti
518 2853 729 2888 monitores
750 2851 938 2897 adhibere,
967 2861 1046 2898 quo
1065 2848 1209 2885 facilius
1224 2848 1446 2897 detegantur
1475 2847 1652 2894 fallaciae,
1683 2848 1864 2892 judicium
1887 2849 1980 2887 alio‘

367 2905 462 2954 quin
483 2907 755 2955 illaqueatur-ac.
811 2907 855 2942 In
870 2906 1053 2954 analytica
1068 2915 1157 2941 vcro
1172 2903 1267 2940 nihil
1282 2900 1475 2939 desiderari
1492 2903 1710 2953 reperimuS,
1739 2904 1833 2951 quin
1852 2905 1979 2954 potius

371 2971 549 2998 oneratur
571 2959 760 3010 superfluis
779 2973 892 3008 quam
913 2960 1058 3009 indiget
1073 2954 1354 2996 acccffionibus.

427 3017 744 3053 DOCTRINAM
777 3016 824 3051 dc
855 3015 1020 3052 elenchis
1048 3013 1087 3050 in
1110 3024 1182 3051 tres
1210 3023 1330 3063 partes
1352 3010 1516 3049 dividere
1543 3014 1684 3063 placet:
1712 3012 1902 3051 Elenchos
1925 3013 1981 3052 so-

372 3070 611 3124 phismatum,
642 3070 820 3107 elenchos
833 3068 1059 3117 hermeniae,
1089 3070 1125 3107 δε
1141 3067 1319 3107 elenchos
1340 3069 1549 3117 imaginum
1568 3066 1639 3108 sive
1652 3068 1857 3107 idolorum.
1902 3069 1981 3106 Do-

1860 3123 1979 3162 &rina
