2040 3439
172 256 232 302 52

374 239 495 283 DE·
530 229 1028 283 AUGMENTIS
1081 220 1693 279 SCIENTiARUM.
1768 231 1930 280 Lib-1.

366 339 418 375 IN
441 337 683 380 naturalibus,
714 333 947 378 observetur,
982 333 1087 377 illud,
1119 331 1219 380 quod
1244 332 1377 368 crebro
1401 331 1609 384 usurpabat,
1642 331 1690 370 In
1714 332 1859 373 duabus
1878 335 1929 388 J?

316 390 431 430 rebus
464 389 746 429 mortalitatem
769 386 884 439 sitam
906 388 1080 425 ·7na.·cin⁷e
1109 387 1314 438 perci'JJere,
1348 385 1481 437 somno
1512 384 1559 429 (ὢν
1591 386 1776 426 libidine:
1819 392 1925 439 quod

317 448 398 484 lime
420 447 562 483 dicium
579 458 619 482 ex
643 445 777 481 intima
794 445 950 479 naturali
973 441 1209 493 philosophia
1230 442 1498 490 depromptum
1520 441 1579 488 est,
1612 456 1692 480 non
1714 454 1790 481 tam
1813 447 1927 483 Alex:

316 503 488 546 andrum,
528 511 638 548 quam
663 495 906 535 Aristotelem
933 509 993 534 aut
1020 498 1287 534 Democritum
1314 496 1464 545 sapiens,
1501 510 1587 534 eum
1612 509 1689 535 tam
1715 500 1926 549 indigentia

316 569 428 605 quam
444 553 687 592 redundantia
704 563 866 600 naturae,
896 565 960 602 per
976 553 1038 589 illa
1054 552 1131 588 duo
1147 549 1344 601 designata,
1374 551 1508 588 mortis
1524 551 1592 589 sint
1609 564 1790 604 tanquam
1805 556 1926 594 arrha-

320 613 448 648 bones.

370 668 421 701 IN
451 665 619 714 poeticiS,
656 662 872 700 observetur
901 662 1042 699 dictum
1065 661 1170 707 illud,
1208 673 1325 709 quum
1358 660 1535 710 sanguine
1564 674 1583 699 c
1604 663 1821 701 vulneribus
1850 665 1928 707 eius

317 717 507 764 effluente,
538 717 735 755 accerseret
755 729 873 754 unum
895 730 936 754 ex
953 717 1220 761 adulatoribus,
1250 718 1313 764 qui
1336 717 1368 752 ei
1393 715 1625 754 divinitatem
1647 719 1812 756 tribuere
1834 719 1925 767 sole-

320 777 400 812 bat:
442 771 590 824 Speffa,
629 775 774 821 inquit;
812 770 981 810 leminis
1008 768 1074 819 iste
1093 770 1259 823 sanguis
1284 768 1346 819 est,
1384 783 1457 808 non
1479 770 1575 808 talis
1596 770 1733 824 liquor,
1773 772 1926 826 qualem

323 827 431 867 diait
450 827 645 866 Homerus
663 828 825 866 Is'eneris
841 840 859 864 e
875 840 988 865 manu
1005 824 1181 877 manasse,
1211 824 1422 863 vulnerata
1437 838 1460 862 a
1477 825 1674 864 Diomede
1684 845 1697 870 ‚-
1728 828 1803 866 hoc
1826 828 1929 867 dieto

321 888 356 922 C<
372 887 500 934 poetas
522 887 557 921 &
573 882 808 920 assentatores
830 882 925 929 suos,
955 885 991 920 ὅ(
1016 882 1048 919 se
1071 882 1189 931 ipsum
1208 882 1344 918 ridens.

373 942 424 976 IN
441 940 653 984 dialceticis,
683 939 805 987 accipe
821 935 1145 987 reprehensionem
1169 938 1271 973 illam
1288 937 1515 986 argutiarum
1536 936 1824 985 dialecticarum,
1855 941 1925 977 cir·

317 1007 358 1032 ca
374 993 568 1038 rejicienda
592 996 626 1030 ὃ(
642 994 892 1041 retorquenda
908 1003 1137 1043 argumenta,
1168 994 1206 1028 in
1225 990 1326 1028 dieto
1344 991 1421 1038 suO‚
1452 1005 1529 1042 quo
1545 991 1752 1041 perstrinxit
1774 993 1926 1032 Caffan-

318 1050 441 1093 drum,
479 1050 661 1086 delatores
690 1047 798 1099 patris
828 1047 879 1085 sui
910 1048 1101 1097 Antipatri
1134 1048 1390 1098 repellentem.
1450 1049 1553 1084 Cum
1587 1048 1688 1084 enim
1716 1048 1928 1087 Alexander

319 1105 419 1141 forte
440 1104 593 1149 dixill‘et,
634 1099 843 1154 N'umquid
855 1110 987 1154 putas,
1026 1100 1095 1139 hos
1112 1099 1283 1139 homines
1305 1108 1387 1139 tarn
1407 1099 1558 1154 longum
1585 1102 1925 1156 itt-‘rsitseepturos

307 1156 441 1210 fuiffe
480 1155 707 1211 nist—juliam
727 1155 868 1195 doloris
891 1154 1043 1209 eausam
1066 1154 1315 1207 habuissent?
1352 1156 1563 1206 Respondit
1586 1159 1800 1205 Callirnder,
1842 1157 1928 1197 Imo

318 1211 388 1251 hoc
418 1212 537 1266 ipsum
556 1213 703 1250 animos
724 1213 779 1249 eis
802 1208 922 1259 dedit,
961 1208 1282 1265 quodſjierao'ant
1303 1209 1628 1264 longinquitatem
1652 1213 1745 1250 viae
1776 1211 1928 1263 obstitu-

321 1281 416 1314 ram,
435 1261 526 1321 v*quo
554 1268 680 1305 minus
705 1265 898 1304 calumnia
914 1265 1155 1319 proderetur.
1214 1263 1337 1317 Euge,
1374 1265 1497 1316 inquit
1527 1280 1600 1314 rex,
1626 1265 1808 1319 strophas
1833 1268 1928 1307 Ari·-

309 1321 479 1373 stotelis,
509 1334 587 1360 rem
598 1331 671 1374 pro
688 1318 734 1363 c>
758 1329 892 1359 contra
907 1319 1188 1374 detorquentes.
1247 1320 1434 1359 Attamen
1459 1321 1525 1359 hac
1542 1322 1627 1373 ipsa,
1657 1335 1771 1371 quam
1787 1324 1826 1360 in
1848 1326 1926 1362 alio

321 1380 502 1428 carpebat,
533 1389 622 1423 arte,
651 1390 737 1414 cum
754 1390 810 1414 res
833 1375 1044 1426 postularet,
1074 1378 1113 1413 in
1136 1376 1388 1414 commodum
1412 1376 1518 1414 suum
1544 1376 1597 1414 uti
1617 1378 1735 1427 probe
1759 1390 1927 1418 noverat.

319 1435 373 1470 Ita
398 1435 500 1471 enim
521 1434 665 1477 accidit,
696 1443 735 1469 ut
753 1431 997 1470 Callisthenes
1022 1431 1150 1480 (quem
1166 1432 1259 1468 odio
1279 1433 1376 1468 elam
1392 1432 1562 1478 habebat,
1591 1433 1693 1481 quod
1713 1445 1831 1471 novae
1850 1434 1938 1479 ejus

319 1487 417 1525 inter
437 1487 541 1525 divos
561 1488 735 1524 relationi
761 1488 1017 1536 refragaretur)
1046 1489 1085 1523 in
1109 1487 1275 1535 quodam
1298 1488 1476 1524 convivio
1500 1498 1652 1536 rogatus
1676 1488 1762 1525 ess'ct
1783 1489 1829 1526 ab
1853 1502 1928 1528 una

319 1543 652 1588 discumbentibus,
683 1553 722 1579 ut
744 1543 1007 1579 oblectationis
1023 1543 1139 1591 gratia
1157 1542 1256 1590 (cum
1274 1541 1358 1579 effer
1375 1543 1429 1579 vit
1445 1539 1784 1591 eloquentissimus)
1802 1544 1930 1582 thema

318 1598 471 1649 aliquod
493 1610 562 1647 pro
576 1597 732 1634 arbitrio
756 1595 818 1634 sibi
836 1597 1008 1643 sumeret,
1037 1597 1084 1634 de
1099 1609 1177 1646 quo
1201 1595 1322 1634 subito
1337 1597 1503 1638 diceret3
1534 1598 1597 1634 ille
1612 1609 1740 1635 autem
1759 1611 1940 1641 annuens,

319 1656 357 1690 δε
379 1653 503 1690 laudes
524 1655 645 1702 gentis
668 1653 937 1689 Macedonicae
959 1653 1112 1702 eligens,
1141 1650 1301 1689 mirifico
1323 1664 1409 1689 cum
1431 1651 1605 1690 omnium
1626 1653 1802 1705 applausu
1826 1654 1939 1700 dine-3

319 1709 392 1745 ruit
408 1722 415 1744 :
445 1720 480 1745 at
497 1706 714 1756 neutiquam
731 1707 803 1744 hoe
819 1708 1018 1745 <releuatus
1034 1707 1260 1754 Alexander,
1292 1706 1457 1753 subjecit,
1488 1705 1536 1745 In
1552 1705 1647 1745 bona
1661 1707 1787 1760 causa,
1798 1706 1929 1760 facile

320 1760 371 1812 est
391 1760 548 1800 cuilibet
571 1760 642 1814 ‘ffe
662 1761 855 1816 eloquenti
864 1781 877 1806 ,-
914 1763 1008 1816 quin
1033 1769 1158 1809 verte,
1188 1763 1324 1811 inquit,
1344 1760 1487 1813 stylum
1517 1758 1564 1805 dv
1586 1760 1685 1815 quid
1700 1770 1837 1801 contra
1861 1776 1940 1802 nos-

311 1815 439 1870 poſji's,
475 1815 689 1856 audiamus.
747 1818 992 1855 Callisthenes
1011 1817 1209 1867 negotium
1234 1819 1274 1854 in
1299 1816 1334 1855 se
1358 1819 1509 1867 recepit,
1540 1818 1653 1866 idque
1679 1828 1758 1856 tam
1782 1821 1930 1867 acerbe,

320 1883 474 1922 tamque
497 1874 661 1911 aculeate
676 1872 865 1925 praestitit,
894 1883 936 1910 ut
959 1873 1172 1910 Alexander
1187 1871 1426 1922 interpellans
1447 1874 1609 1911 diceret:
1638 1869 1783 1912 Etiam
1796 1873 1926 1914 malus

320 1928 485 1974 animus,
513 1940 631 1981 aeque
645 1940 692 1965 ac
705 1925 800 1965 bona
816 1927 941 1979 causa,
971 1925 1076 1965 indit
1091 1926 1358 1981 eloquentiam.

374 1985 427 2020 IN
443 1983 651 2030 rhetoricis,
681 1984 726 2020 ad
750 1995 843 2032 quae
859 1982 959 2035 tropi
983 1986 1019 2021 ὃ(
1034 1993 1259 2021 ornamenta
1279 1984 1483 2035 pertinent,
1513 1996 1598 2022 ecce
1613 1984 1683 2021 tibi
1705 1982 1930 2034 elegantiffi-

320 2049 429 2075 mum
458 2039 697 2090 metaphorae
719 2038 838 2085 usum,
867 2051 940 2088 qua
968 2038 1216 2090 Antipatrum
1236 2037 1484 2090 imperiosum
1506 2041 1543 2077 ὃ(
1566 2040 1807 2087 tyrannicum
1828 2053 1944 2090 prae-,

320 2091 435 2130 fidem
451 2092 669 2144 perstrinxit.
730 2094 832 2131 Cum
850 2095 952 2131 enim
975 2096 1114 2131 amicus
1129 2093 1283 2142 quidam
1298 2093 1492 2143 Antipatri
1514 2094 1679 2132 laudaret
1695 2106 1783 2132 eum
1799 2108 1929 2134 coram

321 2148 553 2193 Alexandro,
585 2149 689 2198 quod
712 2160 789 2186 tarn
810 2149 1022 2187 moderatus
1046 2149 1144 2195 esset,
1174 2161 1297 2198 neque
1322 2150 1360 2186 in
1382 2146 1579 2197 Persicum,
1608 2160 1722 2199 prout
1745 2151 1808 2187 alii
1828 2163 1945 2201 prae-⁴

320 2202 418 2250 fecii,
446 2204 589 2250 luxum,
619 2203 801 2252 usumque
823 2215 1014 2255 purpurae,
1045 2206 1160 2242 veteri
1183 2203 1430 2241 Macedoniae
1452 2205 1590 2242 amiecu
1615 2214 1742 2252 exuto,
1771 2206 1929 2255 degene-

320 2269 417 2295 raret
434 2272 441 2295 :
470 2256 533 2296 At
553 2258 673 2305 intus,
704 2260 827 2307 inquit
843 2259 1070 2306 Alexander,
1100 2257 1318 2311 Antipater
1334 2256 1385 2309 est
1404 2265 1512 2296 totus
1519 2267 1748 2312 purpureus.
1804 2262 1931 2300 Etiam

322 2316 359 2350 ὅ(
382 2314 446 2350 illa
462 2313 680 2364 metaphora
704 2311 873 2363 infignis:
904 2326 993 2351 cum
1008 2313 1209 2351 Parmenio
1230 2315 1381 2351 adeum
1404 2314 1608 2357 accederet,
1639 2313 1678 2351 in
1695 2317 1835 2366 campis
1856 2316 1930 2354 Ar-

322 2369 462 2409 bellae3
493 2370 601 2418 eique
626 2370 821 2418 ingentem
836 2369 997 2407 hostium
1021 2367 1226 2407 exereitum
1242 2368 1477 2416 monstraret,
1507 2371 1572 2418 qui
1596 2370 1715 2407 oculis
1740 2370 1931 2415 subjacens

323 2424 452 2470 noem,
489 2435 642 2474 propter
672 2424 865 2462 infinitum
890 2436 1094 2462 numerum
1120 2423 1277 2474 ignium,
1314 2424 1430 2462 veluti
1459 2424 1931 2477 alteruni'fir113aiiie'ntum

323 2477 505 2515 stellatum
522 2480 835 2530 repraesentabat3
872 2480 1034 2528 ideoque
1058 2479 1282 2527 consuleret,
1319 2490 1361 2518 ut
1380 2480 1570 2517 nocturno
1592 2478 1740 2532 proelio
1760 2477 1942 2520 irl'osinss·

322 2533 493 2570 vaderet:
526 2532 643 2579 Nolo,
673 2534 795 2583 inquit
812 2534 1040 2581 Alexander,
1058 2533 1254 2586 fitffitrari
1269 2532 1488 2572 vietoriam.

378 2588 430 2623 IN
453 2588 627 2636 politicis,
655 2590 807 2627 attende
829 2585 1079 2639 gravissimam
1096 2591 1199 2626 illam
1226 2592 1262 2626 ὃ(
1285 2585 1612 2641 prudentissimam
1635 2588 1946 2641 distinctionem,-

327 2641 455 2690 (quam
478 2645 604 2679 omnis
620 2645 807 2694 posteritas
830 2646 996 2697 amplexa
1012 2644 1073 2692 cst)
1097 2656 1169 2693 qua
1193 2644 1288 2682 duos
1303 2657 1345 2681 ex
1370 2643 1571 2696 praecipuis
1586 2645 1663 2687 ejus
1687 2647 1827 2694 amicis,
1857 2649 1930 2686 He-

324 2695 577 2747 phaestionem
601 2701 637 2735 ὅ(
659 2701 873 2744 Craterum,
904 2698 1086 2746 discrevit,
1116 2712 1234 2748 quum
1257 2697 1414 2737 diceret:
1445 2697 1632 2737 Alterum
1652 2698 1929 2740 Alexandrum

325 2763 469 2798 amare,
505 2749 670 2790 alterum
692 2767 823 2792 amare
845 2766 991 2807 regem:
1027 2750 1382 2792 Dissimilitudinem
1406 2756 1561 2793 maximi
1585 2756 1775 2805 ponderis,
1814 2759 1930 2796 ctiam

323 2805 422 2842 inter
451 2803 683 2844 fidelillimos
725 2822 855 2859 regum
880 2810 1003 2848 servos
1031 2809 1270 2856 constituens,
1310 2810 1413 2859 quod
1442 2812 1505 2847 alii
1531 2810 1647 2860 magis
1676 2810 1928 2851 dominorum

324 2860 481 2898 suorum
507 2861 681 2913 personas
709 2877 798 2902 vero
823 2865 958 2903 affeetu
981 2864 1267 2915 prosequantur,
1304 2865 1365 2901 alii
1394 2867 1522 2917 potius
1542 2876 1768 2903 moveantur
1797 2864 1935 2906 officio·

326 2928 413 2965 erga
441 2915 690 2966 principatum
715 2917 844 2970 ipsum.
903 2922 1096 2972 Spc&etur
1124 2921 1237 2958 ctiam
1266 2932 1378 2969 quam
1405 2920 1539 2958 eximie
1567 2921 1802 2969 redargueret
1829 2935 1929 2961 etro-

327 2982 422 3017 rem,
450 2970 659 3023 principum
683 2972 897 3012 confiliariis
919 2975 1154 3022 familiarem,
1184 2977 1249 3024 qui
1270 2977 1478 3027 plerunque
1501 2974 1653 3013 consilia
1675 2988 1745 3025 pro
1767 2978 1930 3017 modulo

326 3025 381 3063 sui
395 3027 514 3062 animi
530 3028 566 3063 ὃ(
587 3026 772 3074 fortunae,
801 3042 881 3066 non
896 3031 1146 3068 dominorum
1162 3030 1372 3080 fiiggerunt.
1435 3032 1538 3068 Cum
1555 3029 1656 3068 enim
1677 3032 1812 3069 Darius
1827 3045 1926 3083 mag-

327 3092 393 3120 nas
405 3080 626 3120 Alexandro
641 3081 794 3122 offerret
808 3084 1068 3124 conditiones:
1099 3084 1319 3130 Parmenio;
1348 3083 1447 3139 Ego,
1476 3085 1610 3135 inquit,
1627 3082 1789 3138 sseffbm
1803 3085 1927 3125 Alex-

1794 3140 1927 3191 ander,

1906 3264 1926 3298 3
