2040 3439
209 169 304 219 160

410 162 512 213 DE
548 157 1050 212 AUGMENTIS
1087 156 1723 206 SCIENTIARUMs
1756 159 1952 207 Lib.V1.

395 261 666 300 PERGAMUS
696 262 811 309 igitur
839 258 884 295 ad
914 270 936 285 ‹
914 257 1214 301 rammaticam.
1268 255 1319 291 Ea
1352 266 1456 301 vero,
1486 254 1601 292 veluti
1629 256 1781 293 viatoris
1811 259 1957 304 locum,-

341 328 430 368 erga
450 326 610 354 caeteras
625 299 795 352 scientias
809 314 986 354 obtinct5
1013 323 1095 348 non
1111 310 1284 348 nobilem
1310 309 1405 346 illud
1429 310 1597 362 quidem,
1626 310 1686 348 sed
1713 311 1885 360 inprimis
1904 325 1955 351 ιν

343 384 436 410 men
456 365 725 410 neecss‘arium3
754 366 969 426 praesertim
984 377 1074 404 cum
1095 366 1269 404 scientiae
1298 364 1431 401 nostris
1458 364 1622 412 sacculis,
1649 377 1692 403 cx
1717 367 1856 416 linguis
1875 381 1957 407 eru—

343 428 435 465 ditis
462 439 543 464 non
571 425 791 469 vernaculis,
819 418 1061 472 potissimum
1088 421 1322 458 hauriantur.
1376 420 1516 468 Neque
1539 430 1668 458 tamen
1691 421 1854 472 dignitas
1879 426 1963 467 eius

345 494 458 533 parva
481 479 665 518 censenda
685 479 746 523 cst,
774 477 1085 527 quandoquidem
1106 476 1269 513 antidoti
1299 473 1490 521 eujusdam
1505 476 1649 513 xieibus
1668 477 1845 527 fungatur
1868 492 1958 518 cona

347 549 404 575 tra
419 533 724 573 inalcdiffioncm
741 535 846 570 illam
861 530 1094 570 confusionis
1110 533 1340 581 linguarum.
1392 531 1494 568 Sane
1508 530 1583 568 hoc
1603 533 1678 581 agit
1698 530 1873 572 industria
1894 535 1960 572 hu-

346 604 472 637 mana,
503 600 542 628 ut
565 588 599 626 se
623 589 785 626 restituat
806 591 843 626 ὅ(
857 585 1116 637 redintegret
1107 600 1147 624 in
1169 581 1503 633 benediffl'onibus
1514 586 1600 633 illi's,
1629 586 1761 636 quibus
1776 590 1884 639 eulpa
1899 590 1964 628 sua?

348 645 496 684 excidit.
552 646 684 693 Atque
707 655 840 681 contra
859 643 1168 680 ιιιειὶεεὶὶᾶιοιιοιῐι
1191 643 1391 692 primam
1377 636 1592 687 generalem
1607 641 1655 679 de
1674 643 1864 682 sterilitate
1887 656 1961 683 ter-

348 713 424 748 rae,
444 703 480 738 ὅ(
496 700 736 738 comedendo
750 711 889 752 panem
905 698 1038 737 suum
1028 711 1068 735 ιιι
1085 697 1219 736 sudore
1234 697 1358 734 vultus
1374 696 1441 743 lui,
1457 696 1607 746 reliquis
1622 698 1762 736 artibus
1781 701 1965 738 omnibus

350 756 388 794 se
403 754 527 793 munit
543 758 579 793 ὅ(
594 755 750 792 instruit.
806 754 862 792 At
883 764 1016 792 eontra
1032 753 1232 791 secundam
1253 752 1358 789 illam
1377 751 1424 789 de
1434 750 1656 790 confufionc
1671 752 1886 803 linguarum
1903 756 1964 794 ad·

350 821 463 849 vocat
488 812 530 848 in
558 812 740 848 auxilium
766 811 1074 860 grammaticam:
1103 809 1190 854 Ejus
1217 809 1257 845 in
1280 808 1419 856 linguis
1442 807 1650 857 quibusque
1675 811 1883 848 <cruciculis
1906 823 1966 848 ex-

353 868 463 917 iguus
482 876 584 904 certe
607 865 691 904 usus
719 864 794 907 cst;
822 864 862 903 in
890 866 1051 902 externis
1071 863 1324 917 perdiscendis
1344 864 1482 901 latior:
1513 861 1782 914 Amplissimus
1810 877 1902 903 vero
1924 868 1969 904 in*

354 921 428 959 illis
448 922 600 971 linguis,
629 933 723 970 quae
737 922 905 971 vulgares
920 920 989 958 effe
1004 918 1202 967 desierunt,
1232 922 1268 956 ὃ(
1283 917 1322 954 in
1339 919 1442 956 libris
1456 927 1609 955 tantum
1628 930 1910 970 perpetuantur.

408 977 803 1014 GRAMMATICAM
835 978 949 1014 etiam
981 975 1197 1026 bipartitam
1223 985 1424 1024 ponemuS,
1461 983 1503 1011 ut
1527 972 1595 1011 alia
1620 972 1662 1011 fit
1686 976 1860 1023 literaria,
1897 975 1967 1014 alia

353 1031 632 1084 philosophica:
670 1031 804 1069 Altera
827 1031 1024 1069 adhibetur
1046 1028 1259 1082 simpliciter
1293 1030 1338 1066 ad
1361 1030 1519 1078 linguaS,
1559 1041 1697 1080 nempe
1726 1041 1768 1069 ut
1796 1043 1856 1069 eas
1883 1033 1971 1081 quis

354 1097 419 1124 aut
439 1088 596 1124 celerius
619 1086 813 1139 perdiscat,
842 1097 904 1124 aut
928 1085 1162 1124 emendatius
1189 1088 1225 1123 ὃ(
1246 1087 1374 1136 purius
1394 1087 1597 1133 loquatur:
1627 1085 1761 1123 Altera
1785 1099 1878 1124 vcro
1904 1089 1970 1125 ali-

353 1151 539 1191 quatenus
562 1141 819 1193 philosophiae
843 1141 1053 1182 ministrat3
1081 1153 1154 1189 qua
1174 1142 1214 1177 in
1234 1150 1337 1189 parte
1360 1141 1525 1177 occurrit
1554 1141 1677 1187 nobis,
1708 1142 1909 1180 Caesarem
1924 1144 1969 1180 li-

353 1198 440 1234 bros
463 1197 510 1234 de
529 1198 702 1246 analogia
723 1195 969 1246 conscripsisse
985 1211 996 1238 ς
1024 1206 1136 1244 atquc
1151 1196 1340 1233 dubitatio
1357 1195 1480 1241 subiit,
1510 1205 1637 1232 utrum
1655 1196 1708 1234 illi
1727 1196 1834 1244 hane,
1853 1210 1970 1247 quam

352 1252 528 1298 dicimus,
566 1254 852 1301 grammaticam
887 1250 1186 1304 philosophicam
1215 1250 1434 1288 trastarint?
1483 1250 1721 1302 Suspicamur
1751 1262 1880 1290 tamen
1911 1255 1970 1290 nil

355 1307 567 1344 admodum
596 1305 635 1344 in
660 1307 734 1343 illis
759 1307 864 1344 fuisse
895 1305 1066 1345 subtilius
1094 1315 1156 1344 aut
1187 1305 1394 1352 sublimius,
1425 1304 1488 1343 sed
1516 1316 1666 1343 tantum
1691 1310 1975 1358 praeceptiones

355 1361 545 1399 tradidisse
566 1362 615 1399 de
635 1363 810 1400 oratione
835 1361 925 1400 easta
950 1364 987 1400 ὅ(
1014 1363 1171 1411 integra,
1201 1373 1325 1409 neque
1345 1373 1364 1397 a
1388 1359 1659 1400 consuetudine
1686 1362 1868 1411 loquendi
1893 1375 1973 1414 pra-

355 1429 413 1464 va,
425 1429 550 1466 neque
564 1418 610 1454 ab
624 1416 861 1455 affectatione
875 1419 1091 1466 aliquorum
1107 1419 1234 1455 vitiata
1254 1419 1291 1454 ὃς
1311 1417 1466 1466 polluta,
1500 1418 1541 1454 in
1561 1429 1643 1466 quo
1654 1429 1794 1467 genere
1813 1417 1888 1467 ipse
1913 1431 1973 1456 exa

355 1471 497 1510 celluit.
552 1473 815 1511 Veruntamen
835 1473 903 1509 hae
920 1472 995 1522 ipsa
1009 1484 1048 1510 re
1069 1470 1221 1519 moniti,
1250 1473 1484 1521 cogitatione
1499 1473 1688 1524 complexi
1708 1472 1834 1510 sumus
1851 1485 1974 1523 gram-

356 1526 531 1564 maticam
566 1529 766 1577 quandam,
794 1540 889 1579 quae
918 1540 999 1565 non
1018 1529 1232 1577 analogiam
1256 1528 1459 1565 verborum
1481 1527 1527 1565 ad
1553 1529 1731 1575 invicem,
1762 1527 1823 1566 sed
1847 1530 1975 1567 analo-

356 1584 459 1632 giam
471 1584 571 1620 inter
587 1584 743 1621 verba&
758 1595 828 1629 res,
843 1581 914 1621 sive
928 1585 1128 1629 rationem,
1149 1582 1280 1620 sedulo
1299 1584 1484 1631 inquirat:
1515 1583 1608 1620 citra
1624 1592 1754 1621 tamen
1769 1595 1865 1633 earn,
1877 1597 1975 1634 quae

357 1639 504 1686 logicae
533 1637 724 1684 subservit,
756 1638 1002 1676 hermeniam.
1059 1636 1219 1687 Vestigia
1247 1648 1348 1675 certe
1378 1639 1534 1675 rationis
1562 1639 1674 1675 verba
1699 1639 1811 1680 sunt3
1849 1640 1979 1689 itaque

355 1691 502 1742 vestigia
522 1694 636 1730 eriam
656 1693 795 1743 aliquid
816 1695 863 1731 de
888 1705 1050 1745 corpore
1065 1694 1258 1731 indicant:
1287 1694 1408 1735 Hujus
1430 1692 1544 1743 igitur
1563 1695 1618 1730 rei
1642 1693 1977 1733 adumbrationem

356 1748 548 1796 quandam
568 1759 723 1786 tenuem
739 1749 922 1786 dabimus.
977 1747 1107 1787 Primo
1121 1760 1247 1787 autem
1268 1747 1427 1786 minime
1447 1749 1651 1799 probamus
1668 1749 1853 1788 curiosam
1868 1750 1977 1788 illam

358 1801 660 1852 inquisitionem,
688 1817 802 1854 quam
819 1816 949 1842 tamen
969 1805 1079 1842 Plato
1093 1807 1149 1843 vir
1169 1806 1325 1841 eximius
1345 1816 1426 1841 non
1442 1802 1667 1855 contempsit
1685 1818 1696 1846 3
1725 1804 1909 1845 nimirum
1929 1806 1981 1843 de

359 1857 606 1910 impofitione
626 1862 663 1896 δ(
679 1861 853 1909 originali
871 1861 1107 1909 etymologia
1130 1861 1360 1900 nominum3
1389 1858 1654 1911 supponendo,
1685 1871 1725 1898 ac
1744 1858 1770 1897 si
1788 1861 1853 1899 illa
1869 1861 1979 1906 iama

360 1912 550 1965 principio
565 1914 610 1950 ad
631 1915 812 1963 placitum
834 1914 954 1952 indita
978 1916 1140 1952 minime
1159 1914 1322 1961 fuissent,
1351 1914 1413 1951 sed
1428 1915 1577 1952 ratione
1599 1915 1762 1963 quadam
1787 1918 1824 1954 ὃ(
1842 1913 1982 1966 fignifi-

361 1978 489 2005 canter
504 1969 669 2006 derivata
684 1971 721 2007 ὅ(
735 1970 911 2007 dedrrCta:
942 1970 1142 2007 Materiam
1167 1980 1267 2007 certe
1282 1971 1494 2019 elegantem
1519 1971 1555 2008 ὅ(
1578 1969 1677 2018 quasi
1693 1983 1851 2017 ceream,
1882 1983 1981 2022 quae

362 2034 447 2073 apte
470 2023 562 2073 fingi
587 2027 623 2061 δε
644 2025 741 2062 Ηεᾶἰ
759 2022 873 2076 polilt
890 2040 900 2066 3
930 2027 1115 2074 quoniam
1133 2037 1225 2063 vcro
1243 2027 1515 2073 antiquitatum
1535 2027 1740 2076 penetralia
1757 2026 1983 2078 perscrutari

361 2079 523 2125 videtur,
553 2078 665 2117 etiam
688 2081 980 2130 quodammodo
1002 2082 1279 2122 venerabilem3
1308 2080 1370 2118 sed
1395 2079 1645 2118 nihilominus
1667 2093 1776 2131 parce
1795 2093 1922 2120 veram
1943 2083 1982 2119 ὅ(

363 2133 487 2172 fruChl
512 2134 654 2172 cassam.
711 2137 780 2173 illa
796 2136 966 2182 demum,
996 2146 1037 2173 ut
1066 2136 1303 2182 arbitramur,
1332 2135 1433 2173 foret
1458 2131 1693 2174 nobilissima
1713 2138 1982 2186 grammaticae

362 2188 516 2241 specieS,
553 2187 580 2226 si
604 2192 687 2238 quis
717 2192 757 2228 in
786 2192 926 2241 linguis
954 2192 1126 2240 plurimis
1162 2202 1242 2228 tam
1277 2190 1431 2229 eruditis
1458 2203 1574 2239 quam
1603 2191 1817 2241 vulgaribus
1843 2193 1982 2229 eximie

363 2245 508 2291 doetus,
536 2245 583 2282 dc
604 2247 711 2283 variis
734 2245 949 2296 linguarum
977 2247 1270 2299 proprietatibus
1294 2247 1487 2287 traE'taret3
1516 2247 1558 2283 in
1581 2245 1715 2296 quibus
1733 2259 1903 2299 quaeque
1924 2258 1983 2284 ex·

361 2301 487 2346 cellat,
517 2299 555 2336 in
576 2299 710 2349 quibus
732 2301 891 2349 deficiat,
919 2300 1131 2339 ostendens
1186 2303 1240 2339 Ita
1260 2304 1366 2339 enim
1395 2304 1433 2340 ὃ(
1457 2300 1606 2351 linguae
1630 2312 1770 2340 mutuo
1795 2313 1984 2340 commer-

364 2357 428 2392 cio
451 2356 676 2407 locupletari
700 2353 842 2408 possint
863 2372 874 2399 ς
903 2360 939 2395 &
959 2357 1023 2395 fiet
1046 2370 1089 2395 ex
1114 2359 1171 2403 iis,
1202 2369 1297 2406 quae
1320 2358 1362 2395 in
1384 2355 1537 2407 singulis
1555 2356 1693 2407 linguis
1717 2358 1869 2407 pulchra
1885 2356 1986 2404 sunt,

368 2412 563 2459 (tanquam
588 2412 718 2449 Venus
747 2412 908 2462 Apellis)
945 2414 1130 2450 orationis
1150 2411 1258 2463 ipsius
1278 2413 1462 2461 quaedam
1485 2409 1753 2450 formosissima
1776 2414 1918 2462 imago,
1947 2415 1985 2450 &

365 2467 555 2516 exemplar
571 2467 764 2516 quoddam
780 2466 937 2518 insigne,
967 2468 1012 2505 ad
1037 2467 1160 2506 sensus
1185 2470 1304 2505 animi
1330 2469 1401 2506 rite
1423 2468 1700 2517 exprimendos.
1756 2468 1888 2516 Atque
1912 2479 1987 2504 una

369 2523 483 2558 etiam
508 2522 583 2558 hoc
607 2522 716 2571 pacto
738 2525 932 2576 capi-entur
953 2521 1053 2572 signa
1069 2523 1168 2561 haud
1184 2525 1291 2570 levia,
1321 2523 1381 2560 sed
1405 2522 1603 2560 observatu
1631 2523 1746 2573 digna
1768 2523 1886 2572 (quod
1909 2521 1988 2559 for·

369 2576 455 2613 tasse
475 2576 659 2626 quispiam
684 2590 766 2615 non
790 2580 950 2629 putaret)
979 2579 1028 2616 de
1051 2580 1211 2627 ingeniis
1231 2581 1269 2616 &
1289 2578 1459 2615 moribus
1479 2578 1713 2627 populorum
1729 2580 1987 2616 &nationum

370 2642 414 2666 ex
442 2633 579 2681 linguis
602 2631 781 2683 ipsorum.
836 2634 1024 2682 Equidem
1053 2634 1221 2671 libenter
1239 2634 1356 2671 audio
1376 2632 1609 2671 Ciceronem
1637 2644 1851 2681 notantem,
1880 2632 1987 2682 quod

370 2687 471 2736 apud
496 2687 656 2725 Graecos
685 2687 776 2726 desit
805 2689 975 2736 verbum,
1004 2689 1108 2738 quod
1137 2687 1315 2726 Latinum
1348 2686 1442 2726 illud
1468 2689 1669 2738 (ineptum)
1695 2689 1851 2730 reddat;
1878 2699 1989 2739 prop-

372 2751 474 2777 terea
504 2742 656 2793 (inquit)
681 2745 786 2792 quod
808 2744 958 2782 Graecis
983 2745 1057 2782 hoe
1079 2743 1214 2782 vitium
1241 2754 1319 2781 tam
1344 2743 1530 2781 familiare
1545 2742 1627 2791 fuit,
1657 2755 1697 2782 ut
1713 2745 1806 2782 illud
1822 2742 1861 2781 in
1885 2743 1921 2781 se
1941 2755 1992 2781 ne

372 2796 619 2844 agnoscerent
638 2800 819 2846 quidem:
849 2798 976 2849 Digna
997 2810 1097 2837 certe
1122 2801 1303 2849 gravitate
1325 2801 1502 2837 Romana
1530 2799 1696 2837 censura.
1751 2799 1855 2852 Qud
1880 2797 1990 2844 illud,

373 2851 479 2898 quod
490 2852 522 2888 G
528 2855 621 2888 raeci
639 2852 676 2890 in
692 2853 1029 2904 compositionibus
1043 2855 1247 2894 verborum
1262 2864 1365 2891 tanta
1380 2853 1531 2892 licentia
1546 2852 1598 2893 usi
1612 2854 1709 2901 sunt,
1721 2855 1892 2892 Romani
1901 2865 1991 2892 con-

375 2915 433 2943 tra
460 2917 637 2956 magnam
659 2907 697 2944 in
723 2909 790 2947 hac
819 2923 859 2947 re
893 2909 1122 2948 severitatem
1151 2909 1428 2947 adhibuerunt?
1458 2911 1574 2948 Plane
1602 2909 1754 2959 colligat
1780 2910 1864 2958 quis
1879 2909 1990 2948 Grae?

374 2972 440 2998 eos
455 2961 557 2998 fuiss'e
573 2963 724 3010 artibus,
745 2966 944 3003 Romanos
960 2966 1069 3003 rebus
1083 2965 1267 3015 gerendis,
1283 2967 1401 3014 magis
1416 2965 1587 3002 idoncos.
1646 2965 1804 3002 Artium
1819 2965 1924 3002 enim
1940 2963 1993 3001 di-

374 3015 586 3056 stinCtiones
615 3018 819 3056 verborum
842 3019 1161 3071 compositionem
1190 3020 1269 3059 fere
1298 3022 1478 3071 exigunt:
1507 3020 1564 3058 At
1585 3032 1643 3059 res
1667 3022 1704 3058 ὃ(
1726 3020 1882 3070 negotia
1909 3017 1992 3057 fim-

1835 3076 1995 3128 plicim'a
