2040 3439
642 131 972 182 NothM
1043 124 1535 175 ORGANU‘M.’
1739 106 1977 175 tahan*

305 236 479 285 strenis,
509 249 551 274 ex
580 235 716 284 quibus
738 231 792 277 fit,
822 239 863 267 ut
894 238 1030 265 eorum
1046 227 1283 277 operationes
1302 225 1372 264 {int
1391 238 1469 266 tam
1492 223 1696 276 dissimiles,
1725 239 1919 280 utcunque

309 295 366 331 illi
385 280 463 345 ”ipsi
491 291 714 342 participent
733 298 777 323 ex
797 295 929 322 natura
955 283 1166 319 communi.

357 349 498 400 QUAE
521 343 755 382 differentiae
783 339 1016 389 reperientur
1036 348 1224 386 quatuor:
1252 338 1324 375 viz.
1355 340 1495 387 primo,
1516 337 1620 387 quod
1641 339 1744 375 calor
1760 339 1846 377 solis
1867 340 1930 379 ret-⁰·

304 403 430 454 spectu
458 401 592 438 caloris
624 398 733 448 ignis,
763 393 804 432 sit
829 392 947 444 gradu
966 393 1083 442 longe
1105 393 1331 430 clementior
1360 395 1397 430 &
1426 394 1576 430 lenior:
1607 392 1785 442 seeundo,
1814 396 1932 446 quod

304 458 347 496 fit
382 455 612 506 <pracsertim
645 462 687 490 ut
719 450 886 489 defertur
907 447 951 485 ad
981 459 1054 484 nos
1081 459 1146 497 per
1180 449 1319 496 aerem)
1344 449 1523 496 qualitate
1548 449 1677 485 multo
1689 449 1893 498 humidior
1906 465 1931 489 2-
1974 457 1979 462 ·

306 514 435 557 tertio,
466 509 587 560 (quod
616 517 726 559 caput
761 505 812 543 rei
833 504 894 552 est)
925 503 1031 552 quod
1055 500 1096 539 sit
1118 503 1263 540 summe
1287 505 1503 553 inaequalis,
1531 515 1643 552 atque
1673 505 1852 542 accedens
1879 508 1917 544 &
1971 507 1974 510 ’

304 567 442 613 antius,
459 568 496 602 ὅ(
510 563 684 613 deinceps
700 561 877 599 recedens
900 561 938 596 ὅ(
968 556 1177 595 diminutus
1192 572 1200 594 ε
1229 558 1268 594 id
1289 558 1394 606 quod
1408 560 1570 595 maxime
1583 559 1732 596 confert
1752 560 1795 596 ad
1811 572 1927 609 gene-

305 623 493 659 rationem
519 629 740 671 corporum.
798 615 915 653 Recte
949 614 1053 650 enim
1082 612 1226 650 asseruit
1244 613 1466 650 Aristoteles
1494 613 1638 651 causam
1671 616 1923 666 principalem

303 677 593 723 generationum
610 676 647 710 δε
667 671 971 720 corruptionum,
999 680 1094 716 quae
1108 668 1204 706 fiunt
1225 667 1286 705 hic
1311 668 1408 720 apud
1429 680 1500 706 nos
1519 671 1559 706 in
1579 668 1767 718 superficie
1787 679 1920 719 terrae,

302 718 375 768 effe
393 730 491 769 viam
510 730 706 780 obliquam
723 726 810 764 solis
829 737 892 775 per
911 724 1110 761 zodiacum
1128 737 1136 759 :
1153 722 1256 760 unde
1275 724 1379 760 calor
1391 722 1489 769 solis,
1502 726 1643 775 parti-ni
1658 736 1727 774 per·
1743 721 1918 764 vicinitu-

305 786 410 823 dines
430 786 507 823 diei
537 787 574 823 &
598 784 731 829 nostis,
760 779 893 831 partim
922 791 986 828 per
1006 775 1252 815 successioncs
1271 779 1411 815 aestatis
1441 781 1477 816 &
1495 778 1655 827 hyemis3
1672 779 1794 817 evadit
1814 779 1922 819 miris

307 841 432 879 modis
453 841 668 889 inaequalis.
721 839 860 885 Neque
887 845 1014 872 tamen
1042 832 1174 871 definit
1198 835 1263 870 ille
1285 835 1354 880 vir,
1385 833 1423 870 id
1451 834 1555 883 quod
1584 835 1630 871 ab
1657 846 1707 872 eo
1735 835 1922 873 recte'in-

307 907 465 934 ventum
485 896 571 941 fuit,
599 895 720 931 statim
743 901 986 941 corrumpere
1007 891 1043 926 ὅ(
1071 889 1282 940 depravare.
1339 891 1444 927 Nam
1470 900 1513 926 ut
1533 889 1671 927 arbiter
1699 889 1839 928 scilicet
1859 904 1920 928 na-

307 960 412 989 turae
439 951 558 1001 (quod
578 948 632 986 illi
651 951 692 986 in
715 959 824 985 more
853 945 914 991 cst)
945 944 1052 981 valde
1072 943 1326 993 magistraliter
1353 940 1510 993 assignat
1538 944 1682 981 causam
1711 948 1920 995 generatio—

306 1006 362 1044 nis
390 1006 542 1044 access'ui
563 1004 674 1045 solis;
703 1002 850 1040 eausam
883 1009 1010 1036 autem
1047 997 1310 1049 corruptionis,
1339 998 1514 1036 rcceffui:
1544 1011 1631 1037 eum
1670 1011 1827 1049 utraque
1863 1014 1924 1039 res

307 1061 483 1112 (access'us
507 1059 680 1098 videlicet
707 1058 805 1103 solis,
837 1057 872 1092 ὃς
893 1053 1062 1095 reccss'us)
1091 1066 1173 1091 non
1202 1053 1412 1104 respestive,
1441 1053 1505 1091 secl
1531 1053 1629 1106 qnasi
1658 1055 1922 1096 indifferenter

305 1117 479 1168 praebeat
502 1114 650 1153 causam
678 1124 758 1150 tam
785 1109 1022 1162 generationi
1050 1121 1164 1157 quam
1186 1111 1447 1161 corruptioni:
1476 1111 1787 1159 quandoquidem
1820 1112 1920 1150 inac-

304 1170 461 1219 q'ualitas
493 1171 627 1208 caloris
660 1167 953 1218 generationi&
978 1163 1212 1212 corruptioni
1238 1176 1390 1205 rcrurn5
1417 1166 1619 1213 aequalitas
1641 1165 1920 1205 conservationi

304 1236 469 1273 tantum,
499 1223 693 1262 ministret.
747 1221 807 1260 Est
827 1223 864 1258 &
882 1229 1017 1268 quarta
1032 1218 1246 1256 differentia
1278 1221 1378 1256 inter
1414 1221 1580 1257 calorem
1610 1219 1696 1258 solis
1736 1223 1776 1258 &
1809 1224 1921 1272 ignis,

306 1283 435 1331 magni
451 1279 601 1330 prorsus
621 1279 842 1316 momenti:
871 1276 943 1313 viz.
973 1274 1077 1323 quod
1101 1273 1158 1311 sol
1184 1275 1421 1324 operationes
1448 1273 1528 1312 suas
1547 1273 1709 1314 insinuet
1726 1277 1921 1328 perlonga

304 1335 485 1386 temporis
506 1334 641 1388 spatia;
670 1335 735 1372 ubi
758 1332 994 1383 operationes
1021 1328 1118 1378 ignis
1141 1329 1311 1379 (urgente
1339 1328 1543 1367 hominum
1578 1330 1824 1384 impatientia)
1852 1341 1923 1384 per

306 1391 479 1429 breviora
498 1390 692 1428 intervalla
708 1389 753 1426 ad
780 1386 918 1426 exitum
943 1385 1211 1435 perducantur-
1263 1386 1380 1438 Quod
1408 1383 1433 1422 fi
1459 1387 1542 1437 quis
1559 1384 1596 1423 id
1612 1386 1744 1424 sedulo
1763 1397 1859 1436 agat,
1882 1398 1925 1426 ut

307 1448 475 1484 calorem
499 1444 594 1495 ignis
613 1453 837 1495 attemperet
859 1445 895 1479 ὃ(
910 1442 1061 1478 reducat
1077 1441 1123 1476 ad
1141 1440 1298 1488 gradum
1315 1439 1610 1478 moderatiorem
1638 1443 1676 1479 δε
1702 1443 1889 1480 leniorem
1908 1459 1921 1487 ;

309 1500 433 1550 (quod
456 1502 585 1538 multis
607 1500 733 1537 modis
760 1499 868 1536 facile
896 1494 956 1545 fit)
978 1495 1115 1533 deinde
1135 1497 1248 1532 ctiam
1271 1495 1454 1545 inspergat
1474 1498 1511 1533 δ(
1532 1496 1731 1534 admisceat
1753 1500 1921 1535 nonnul·-

304 1557 382 1594 lam
402 1555 692 1596 humiditatem3
721 1555 884 1591 maxime
912 1561 1039 1589 autem
1060 1548 1090 1587 fi
1106 1549 1276 1588 imitetur
1292 1553 1455 1588 calorem
1472 1550 1557 1588 solis
1573 1553 1613 1588 in
1635 1552 1894 1601 inaequalitate
1906 1570 1920 1598 ;

305 1611 508 1660 postremo,
536 1609 561 1648 fi
581 1622 730 1648 moram
751 1607 934 1659 patienter
953 1607 1102 1652 toleret,
1135 1606 1229 1652 (non
1251 1616 1348 1643 certe
1368 1618 1450 1642 eam
1472 1618 1565 1654 quae
1585 1604 1627 1643 sit
1649 1606 1918 1660 proportIOna-

305 1678 345 1703 ta
372 1667 545 1716 operibus
575 1665 674 1712 solis,
705 1664 767 1701 sed
789 1664 1004 1712 largiorem,
1033 1672 1147 1709 quam
1165 1661 1340 1697 homines
1357 1661 1533 1698 adhibere
1548 1660 1670 1699 solent
1684 1660 1723 1699 iu
1743 1663 1923 1714 operibus

306 1723 404 1770 ignis
415 1723 439 1769 5)
462 1723 491 1758 is
519 1721 627 1758 facile
646 1720 788 1757 millam
812 1719 923 1756 faciet
943 1717 1236 1764 heterogeneam
1262 1717 1381 1752 illam*
1399 1717 1560 1753 caloris:
1590 1715 1628 1752 &
1659 1719 1716 1754 vel
1744 1717 1920 1765 tentabit,

305 1777 366 1813 vel
395 1775 623 1825 exaequabit,
654 1776 710 1812 vel
728 1777 767 1811 in
786 1773 970 1822 aliquibus
992 1773 1116 1809 vincet
1137 1782 1250 1819 opera
1272 1770 1373 1818 solis,
1402 1783 1467 1822 per
1481 1772 1645 1808 calorem
1660 1770 1766 1820 ignis.
1812 1773 1924 1811 Simi-

305 1830 354 1867 lis
374 1830 545 1868 instantia
571 1830 734 1868 foederis
765 1830 825 1876 est,
855 1827 1085 1866 resuscitatio
1106 1827 1359 1877 papilionum,
1390 1838 1433 1863 ex
1461 1826 1605 1875 frigore
1629 1826 1863 1879 stupentium·
1880 1830 1921 1868 δε

305 1896 486 1935 tanquam
513 1896 792 1931 emortuorum,
822 1896 887 1934 per
909 1884 1085 1931 exiguum
1112 1891 1285 1932 teporem
1313 1882 1432 1930 ignis:
1463 1890 1503 1918 ut
1529 1880 1638 1919 facile
1667 1894 1806 1931 cernas,
1835 1894 1918 1922 non

307 1943 426 1991 magis
445 1951 623 1991 negatum
653 1939 724 1978 ess'e
744 1939 835 1990 igni,
865 1937 1052 1977 vivificare
1079 1937 1297 1984 animantia,
1324 1948 1438 1990 quam
1471 1947 1658 1974 maturare
1687 1938 1920 1986 vegetabilia.

306 1995 431 2033 Etiam
451 1995 649 2035 inventurn
677 1996 772 2033 illud
795 1994 942 2033 celebre
963 1990 1175 2030 Fracastorii
1204 1991 1252 2028 de
1280 1990 1463 2041 sartagine
1478 1992 1611 2028 acriter
1634 1993 1817 2040 calefacta,
1846 2005 1922 2042 qua

306 2051 528 2089 circundant
547 2049 684 2089 medici
713 2049 830 2102 capita
857 2048 1178 2102 apoplecticorum
1200 2045 1495 2098 desperatorum,
1524 2047 1699 2097 expandit
1725 2048 1920 2087 manifeste

307 2105 453 2156 spiritus
488 2107 681 2152 animales,
711 2106 758 2143 ab
787 2105 1008 2143 humoribus
1034 2104 1070 2139 &
1095 2100 1408 2139 obstrustionibus
1445 2102 1586 2140 cerebri
1619 2103 1857 2153 compress'os
1882 2106 1920 2142 &

306 2159 405 2212 quali
429 2161 650 2202 exstinetoffi
676 2160 836 2209 illosque
856 2161 900 2197 ad
917 2169 1068 2196 motum
1093 2158 1240 2203 excitat,
1271 2169 1354 2194 non
1375 2155 1480 2194 aliter
1495 2169 1609 2206 quam
1632 2157 1728 2207 ignis
1744 2169 1921 2208 operatur

307 2218 498 2265 inaquam
527 2228 590 2254 aut
620 2218 770 2257 aerem5
801 2218 982 2253 &tamen
1009 2225 1075 2264 per
1097 2212 1330 2261 consequeus
1354 2212 1526 2250 vivificat.
1591 2214 1717 2250 Etiam
1749 2225 1819 2251 ova
1853 2216 1918 2252 ali-

306 2272 459 2321 quando
487 2273 735 2309 excluduntur
755 2283 820 2322 per
849 2271 1014 2308 calorem
1046 2267 1142 2318 ignis
1156 2286 1170 2311 ,-
1200 2269 1239 2304 id
1265 2267 1370 2316 quod
1398 2268 1548 2319 prorsus
1571 2266 1736 2307 imitatur
1751 2270 1930 2307 calorem*

307 2325 507 2364 animalem
530 2330 567 2366 ὃ(
587 2327 784 2376 complura
802 2323 996 2370 ejusmodi,
1026 2334 1067 2361 ur
1088 2334 1207 2360 nemo
1225 2321 1394 2360 dubitare
1427 2319 1553 2375 poffir,
1584 2325 1676 2374 quin
1697 2324 1800 2361 calor
1820 2322 1919 2374 ignis

312 2380 350 2417 in
369 2383 498 2419 multis
519 2381 686 2428 subjectis
706 2379 912 2419 modificari
923 2376 1038 2433 possit
1053 2380 1099 2417 ad
1117 2376 1320 2427 imaginem
1343 2379 1485 2416 calores
1499 2377 1714 2416 coelestium
1730 2380 1768 2416 δ(
1781 2378 1921 2417 anima*-

308 2437 414 2473 lium.

363 2492 644 2530 SIMILITER
678 2490 748 2529 fint
768 2502 927 2528 naturae
940 2488 1149 2539 inquifitae,
1179 2498 1307 2525 motus
1323 2490 1358 2526 δε
1381 2489 1499 2539 quies.
1555 2489 1718 2526 Videtur
1741 2489 1812 2526 effe
1831 2488 1919 2527 clivia

308 2542 361 2581 sio
382 2545 544 2585 solennis
566 2558 676 2598 atquc
695 2560 737 2585 cx
755 2546 888 2584 intima
915 2544 1165 2596 philosophia,
1195 2544 1299 2592 quod
1328 2555 1486 2593 corpora
1502 2545 1682 2581 naturalia
1696 2546 1753 2582 vel
1779 2554 1919 2592 rotent,

308 2601 366 2636 vel
396 2600 563 2640 ferantur
587 2603 696 2649 recia,
724 2603 782 2640 vel
811 2600 904 2638 stent
924 2598 995 2638 five
1028 2597 1230 2649 quiescant.
1289 2597 1372 2635 Aut
1393 2600 1498 2635 enim
1528 2597 1577 2635 est
1605 2609 1732 2637 motus
1751 2597 1826 2636 fine
1845 2611 1917 2637 ter-

305 2652 424 2701 mino,
454 2668 515 2693 aut
544 2656 649 2694 statio
672 2658 712 2694 in
734 2658 915 2703 termino,
945 2665 1007 2693 aut
1031 2654 1122 2692 latio
1145 2654 1189 2690 ad
1213 2652 1432 2691 terminum.
1490 2653 1546 2690 At
1563 2665 1689 2691 motus
1709 2656 1772 2692 ille
1787 2666 1917 2705 peren-

303 2707 360 2745 nis
385 2710 594 2759 rotationis,
624 2713 770 2749 videtur
804 2712 874 2748 effe
902 2708 1118 2748 coelestium
1143 2707 1339 2761 proprius:
1372 2709 1493 2746 Statio
1525 2706 1596 2746 five
1625 2710 1740 2758 quies,
1769 2707 1917 2747 videtur

303 2772 517 2813 competere
546 2767 664 2815 globo
699 2765 763 2817 ipfi
783 2777 926 2804 terrae:
955 2765 1012 2802 At
1044 2776 1203 2816 corpora
1232 2774 1374 2800 caetera
1405 2764 1542 2812 (gravia
1573 2776 1667 2813 quae
1695 2775 1845 2810 vocant,
1876 2766 1913 2802 ὃς

303 2819 422 2859 levia3
452 2830 549 2856 extra
575 2822 656 2857 loca
678 2821 814 2858 scilicet
843 2819 1164 2858 connaturalitatis
1191 2819 1274 2856 suae
1295 2816 1370 2864 sita)
1395 2818 1568 2855 feruntur
1589 2819 1686 2856 resta
1713 2819 1759 2855 ad
1787 2819 1918 2856 maflas

303 2870 374 2910 five
405 2877 716 2923 congregationes
746 2874 923 2913 similium
934 2893 944 2920 ;
975 2877 1069 2913 levia
1107 2874 1260 2920 sursum,
1290 2873 1411 2910 versus
1430 2873 1616 2911 ambitum
1644 2872 1760 2915 coeli3
1790 2875 1915 2923 gravia

304 2927 493 2976 deorsum,
521 2929 643 2967 versus
667 2940 830 2967 terram:
860 2931 993 2982 Atque
1022 2930 1082 2968 ista
1111 2930 1266 2981 pulchra
1286 2928 1386 2966 dictu
1416 2927 1512 2968 sulm

1836 3040 1912 3079 Ar

2018 1576 2040 1653 L
