2040 3439
203 233 298 293 136

405 229 500 274 DE
557 221 1051 275 AUGMENTIS
1103 217 1946 266 SCLENTIARUM.Lib.1V.

339 335 382 362 ex
402 323 567 371 antiquis
587 317 819 370 philosophis
840 316 1019 366 potuerit,
1049 325 1090 351 ut
1106 315 1285 352 omnibus
1305 311 1379 350 sine
1399 313 1616 350 discrimine
1631 313 1949 365 corporibusani-

340 391 443 417 mam
459 375 608 414 infundi
631 374 868 425 putaverint:
897 382 1020 418 neque
1045 372 1149 406 enim
1173 371 1362 415 videbant,
1392 369 1594 416 quomodo
1618 381 1747 407 motus
1771 382 1859 408 cum
1874 370 1953 409 'dis-

341 435 513 471 cretione
530 431 610 467 fieri
631 428 795 477 potuerit
812 423 948 473 absque
970 424 1076 461 sensu
1092 439 1101 466 3
1130 436 1192 461 aut
1210 424 1332 462 senius
1353 423 1469 460 adess'e
1486 423 1622 472 absque
1638 427 1772 462 anima.

396 490 464 525 DE
488 486 614 523 fornia
629 485 722 521 lucis
742 482 845 530 quod
866 480 993 516 debita
1012 492 1094 517 non
1114 480 1206 516 facta
1229 479 1342 516 fucrit
1369 477 1577 527 inquisitio,
1610 479 1836 527 (praesertim
1863 492 1953 519 cum

344 546 386 581 in
411 541 635 593 perspec‘iiva
663 536 807 574 strenue
833 535 1077 572 elaborarunt
1099 535 1287 582 homines)
1311 532 1487 583 stupenda
1513 536 1697 582 quaedam
1722 535 1954 584 negligentia

342 591 618 647 censeripossit.
673 593 846 637 Etenim,
870 591 996 626 necin
1012 589 1269 639 pers'peeiivae,
1299 600 1369 625 nec
1385 590 1483 636 alias,
1513 590 1654 638 aliquid
1669 589 1820 636 dclucc,
1848 591 1955 638 quod

342 654 472 697 valeat,
502 647 721 698 inquisitum
737 646 798 684 est.
853 645 1098 682 Radiat'ioncs
1125 646 1203 690 ejus
1218 645 1432 691 tradantur,
1463 645 1629 693 origines
1650 647 1822 681 minime.
1879 645 1954 683 Sed

343 706 549 744 collocatio
573 704 729 741 demum
758 699 1005 750 perspeciivae
1021 701 1119 737 inter
1136 699 1410 746 mathematica,
1439 699 1540 736 hunc
1562 699 1681 748 ipsum
1707 700 1896 738 defectum
1917 702 1955 738 &

344 763 438 798 alios
470 759 605 797 similes
629 758 796 808 peperit3
826 754 911 803 quia
938 768 959 792 a
987 752 1141 806 physicis
1163 764 1396 804 praemature
1423 753 1616 791 discessum
1647 754 1706 791 cst.
1764 755 1956 792 Tractatio

346 828 476 854 autem.
502 816 549 852 de
577 815 674 860 luce,
701 816 738 850 &
766 809 877 848 causis
901 811 990 856 ejus,
1019 812 1060 846 in
1091 808 1247 861 physicis
1277 807 1401 846 rursus
1423 808 1663 858 superstitiosa
1687 809 1763 846 fere
1789 807 1850 856 est,
1877 820 1957 847 tan-

347 883 461 921 quam
482 871 529 908 de
554 882 594 906 re
617 871 715 906 inter
740 867 866 903 divina
890 867 927 902 δε
948 867 1128 902 naturalia
1155 865 1307 905 media3
1337 864 1433 901 adeo
1449 875 1490 902 ut
1505 865 1659 912 quidam
1676 878 1717 901 ex
1742 863 1957 912 Platonicis,

348 939 432 965 eam
448 927 602 963 materia
622 923 695 976 ipsa
709 921 966 970 antiquiorem
981 920 1272 957 introduxerint.
1331 920 1434 956 Cum
1449 921 1554 956 enim
1569 919 1727 969 spatium
1739 919 1825 956 ess'et
1838 916 1959 957 diffla—

349 994 445 1028 tum,
475 982 512 1018 id
541 983 705 1030 primum
730 978 887 1022 lumine,
923 976 1044 1025 postca
1072 987 1163 1012 vero
1191 987 1351 1024 corpore
1379 973 1579 1024 impletum
1604 974 1719 1020 fuisse,
1756 971 1959 1013 vanissimo

352 1047 579 1075 commento
606 1034 856 1071 asseruerunt:
893 1031 1047 1079 quando
1071 1040 1200 1067 tamen
1223 1029 1422 1079 scripturae
1447 1029 1576 1076 sacrae,
1607 1030 1758 1066 massam
1791 1030 1891 1067 coeli
1920 1033 1957 1067 δε

348 1104 480 1138 terrae,
509 1088 760 1134 tenebrosam,
788 1098 874 1124 aute
889 1087 1012 1123 lucem
1028 1096 1201 1131 creatam,
1230 1085 1365 1122 diserte
1381 1084 1583 1134 posuerint.
1638 1086 1745 1137 Qae
1764 1096 1857 1123 vero
1871 1083 1960 1137 phy-

351 1145 421 1184 sice
443 1149 480 1184 ὃ(
505 1145 711 1183 secundum
729 1141 875 1179 sensum
892 1141 938 1177 cle
967 1152 1008 1177 ca
1032 1141 1247 1187 tradantur,
1275 1152 1317 1176 ca
1341 1138 1460 1176 statim
1488 1140 1533 1177 ad
1559 1140 1783 1177 radiationes
1812 1139 1961 1177 descen-

351 1203 462 1246 dunt,
475 1201 534 1238 ¹*ut
549 1211 680 1251 parum
696 1195 863 1247 physicae
885 1193 1134 1243 inquisitionis
1154 1196 1251 1231 cirea
1271 1194 1365 1231 hanc
1386 1207 1464 1231 rem
1488 1206 1598 1232 extet.
1655 1196 1874 1233 Debuerant
1901 1207 1962 1233 au-

350 1267 430 1293 tem
447 1256 622 1292 homines
637 1252 980 1300 contemplationes
1001 1250 1080 1286 suas
1096 1248 1311 1287 submittere
1329 1248 1519 1299 paulisper,
1549 1253 1586 1287 ὃ(
1614 1251 1704 1298 quid
1733 1248 1774 1287 sit
1797 1253 1963 1300 corpori·

350 1312 419 1348 bus
438 1310 616 1347 omnibus
631 1309 761 1346 lucidis
780 1317 988 1344 commune
1008 1306 1210 1353 inquirere,
1238 1315 1418 1353 tanquam
1439 1308 1485 1341 de
1503 1305 1626 1342 forma
1652 1303 1753 1342 lueis.
1808 1306 1964 1343 Etenim

351 1377 466 1414 quam
493 1363 676 1402 immensa
691 1363 739 1400 est
758 1362 929 1410 eorporis
951 1358 1161 1397 differentia
1187 1357 1226 1406 (si
1253 1372 1296 1396 ex
1325 1358 1507 1409 dignitate
1536 1358 1835 1410 considerentur)
1863 1361 1966 1399 inter

349 1421 472 1459 solem
495 1423 531 1457 ὃ(
555 1422 702 1469 lignum
728 1417 936 1470 putridum,
965 1425 1027 1452 aut
1054 1414 1222 1463 squamas
1237 1416 1352 1451 etiam
1367 1414 1524 1466 piscium
1545 1415 1736 1464 putridas?
1771 1416 1966 1464 Inquirere

351 1475 467 1513 etiam
486 1476 707 1519 debuerant,
734 1473 826 1522 quid
846 1471 1001 1508 tandem
1028 1471 1069 1507 in
1089 1470 1193 1507 causa
1214 1468 1267 1516 sit,
1298 1482 1363 1507 cur
1389 1471 1514 1518 aliqua
1541 1470 1744 1520 ignescant,
1774 1472 1811 1508 ὅ(
1839 1471 1966 1508 lucem

354 1544 398 1568 ex
423 1530 458 1567 se
481 1531 615 1576 jaciant
637 1528 822 1575 calefacta,
852 1528 924 1563 alia
938 1527 1125 1562 minime?
1154 1526 1320 1572 Ferrum,
1350 1526 1513 1573 metalla,
1533 1526 1684 1574 lapides,
1714 1527 1869 1573 vitrum,
1897 1526 1966 1575 lig-

355 1598 416 1632 na,
445 1586 587 1632 oleum,
615 1584 755 1630 sevum,
785 1584 830 1620 ab
851 1583 938 1631 igne
955 1580 1223 1619 velflammam
1238 1581 1398 1624 vibrant,
1427 1582 1486 1618 vel
1510 1580 1640 1617 saltem
1671 1580 1897 1618 rubescunt:
1925 1590 1964 1619 at

356 1653 462 1692 aqua,
492 1642 564 1687 aer,
593 1640 782 1677 acerrimo
805 1641 841 1676 ὃ(
857 1647 1037 1685 tanquam
1053 1636 1196 1673 furenti
1213 1636 1338 1672 calore
1365 1634 1571 1682 fervefacta,
1600 1636 1697 1673 nihil
1724 1646 1852 1674 tamen
1873 1636 1968 1674 lucis

355 1695 623 1745 adipiscuntur,
652 1706 722 1731 nec
751 1692 961 1743 splendent.
1019 1688 1181 1742 Quodsi
1209 1691 1291 1738 quis
1317 1690 1391 1727 hoc
1415 1702 1463 1727 eo
1491 1690 1572 1728 fieri
1600 1702 1718 1740 putet,
1747 1690 1852 1739 quod
1880 1702 1968 1741 pro-

358 1752 486 1802 prium
509 1749 551 1787 sit
571 1751 669 1800 ignis
685 1750 820 1796 lucete,
850 1758 943 1796 aqua
971 1756 1096 1783 autem
1114 1748 1151 1783 ὃ(
1166 1748 1225 1782 aes
1240 1746 1319 1794 igni
1336 1747 1502 1783 omnino
1518 1745 1670 1784 inimica
1697 1744 1766 1783 sint
1782 1758 1797 1787 ᾗ
1823 1747 1854 1783 is
1881 1745 1967 1784 sane

359 1818 556 1854 nunquam
584 1817 650 1856 per
679 1804 832 1842 obscura
863 1801 984 1841 noffis
1011 1800 1050 1838 in
1083 1812 1179 1850 aqua
1206 1799 1303 1848 salsa,
1341 1801 1557 1849 tempestate
1584 1802 1715 1848 calida,
1745 1802 1969 1851 remigavit;

359 1873 448 1899 cum
477 1862 641 1910 guttulas
667 1871 783 1910 aquae
810 1871 854 1896 cx
881 1868 1076 1895 remorum
1096 1853 1343 1893 concuffio'ne
1368 1854 1594 1893 subsilientes
1623 1858 1763 1893 micare
1789 1858 1826 1894 ὅ(
1852 1856 1968 1894 luces-

357 1928 444 1953 cere
471 1914 597 1954 videre
622 1915 808 1965 potuisset.
862 1912 980 1966 Quod
1008 1913 1122 1949 etiam
1148 1910 1190 1948 fit
1212 1913 1253 1947 iu
1282 1910 1411 1960 spuma
1438 1913 1551 1948 maris
1579 1912 1968 1964 ferventioreffiunm

358 1972 586 2024 pulmonem
607 1968 798 2017 marinum
823 1977 972 2008 vocant.
1028 1967 1132 2019 Quid
1148 1966 1314 2014 denique
1335 1966 1474 2004 liabent
1489 1979 1696 2005 commune
1714 1978 1801 2004 cum
1816 1966 1970 2008 flamma

361 2029 400 2064 ὃς
422 2027 552 2076 ignitis
567 2024 781 2063 cicendulae
796 2027 832 2062 δ(
849 2023 1035 2064 luciolae5
1064 2025 1101 2060 ὅ(
1116 2020 1245 2059 musca
1266 2020 1405 2068 Indica,
1433 2034 1528 2070 quae
1541 2034 1728 2059 cameram
1748 2032 1870 2059 totam
1885 2022 1970 2060 illu-

360 2081 471 2122 strat;
501 2084 538 2118 ὃ(
561 2082 663 2118 oculi
680 2079 921 2129 quorundam
936 2076 1157 2115 animalium
1169 2078 1210 2113 in
1228 2075 1418 2117 teiicbris;
1447 2080 1484 2115 ὃ(
1505 2077 1714 2115 saccharum
1728 2078 1829 2114 inter
1841 2077 1971 2115 raden-

360 2137 469 2183 dum,
496 2146 559 2174 aut
573 2135 849 2185 frangendum3
879 2137 916 2172 ὃ(
931 2133 1043 2171 sudor
1058 2133 1145 2180 equi
1166 2132 1280 2169 noete
1295 2131 1456 2170 aestuosa
1478 2132 1709 2174 festinantis3
1739 2134 1773 2170 ὃ(
1790 2133 1861 2170 alia
1874 2143 1970 2170 non-

359 2192 491 2229 nulla?
519 2192 624 2243 Quin
643 2194 679 2228 ὅ(
699 2190 876 2227 homines
890 2200 968 2226 tam
988 2199 1123 2237 parum
1138 2189 1179 2224 iri
1200 2187 1267 2224 hac
1280 2199 1319 2223 re
1334 2186 1521 2235 viderunt,
1551 2198 1591 2225 ut
1607 2189 1777 2239 plerique
1791 2186 1973 2226 scintillas

361 2259 382 2284 e
402 2244 500 2284 filice
515 2248 637 2283 aerem
665 2247 839 2283 attritum
869 2254 1015 2296 putent.
1071 2243 1259 2279 Attamen
1278 2242 1433 2290 quando
1453 2245 1513 2280 aet
1539 2244 1664 2280 calore
1690 2254 1772 2280 non
1795 2241 1973 2292 ignescat,

363 2304 400 2339 ὅ(
422 2303 546 2339 lucem
562 2299 757 2338 manifesto
771 2301 972 2351 concipiat,
1001 2298 1208 2347 quomodo
1221 2297 1377 2335 tandem
1402 2297 1456 2345 fit,
1485 2308 1526 2334 ut
1547 2298 1717 2345 no&uae‚
1745 2299 1783 2335 &
1802 2297 1906 2340 feles,
1933 2299 1974 2336 &

363 2358 434 2393 alia
449 2357 636 2394 nonnulla
651 2357 838 2402 animalia,
867 2355 983 2392 nostu
999 2362 1175 2394 cernant3
1203 2353 1298 2389 adeo
1313 2362 1356 2389 ut
1372 2351 1436 2402 ipsi
1451 2355 1526 2391 aeri
1553 2354 1720 2401 (quando
1734 2350 1823 2392 visio
1835 2351 1974 2402 absque

364 2413 448 2448 luce
464 2424 545 2448 non
561 2409 794 2460 transigatur)
826 2409 967 2447 neccsse
991 2409 1038 2445 est
1060 2407 1171 2445 ineffe
1194 2408 1319 2446 lucem
1334 2409 1497 2456 aliquam
1514 2409 1678 2446 nativam
1696 2410 1733 2445 ὅ(
1754 2408 1973 2457 genuinam,

367 2468 536 2514 quamvis
560 2476 715 2503 tenuem
741 2466 951 2502 admodum
975 2466 1013 2502 ὃ(
1035 2463 1239 2509 infirmam,
1269 2474 1362 2511 quae
1386 2474 1512 2500 tamen
1540 2461 1581 2500 sit
1596 2463 1704 2500 radiis
1723 2460 1838 2500 vifivis
1851 2460 1975 2508 hujus-

365 2522 471 2558 modi
485 2522 706 2558 animalium
719 2522 1019 2572 proportionata,
1035 2517 1152 2567 iisque
1166 2519 1212 2555 ad
1223 2518 1429 2556 videndum
1442 2513 1608 2555 sufficiat.
1663 2518 1808 2556 Verum
1823 2516 1976 2563 hujusce

369 2577 459 2612 mali
489 2577 543 2622 (ut
559 2577 828 2625 plurimorum)
853 2574 957 2612 causa
980 2574 1039 2620 est,
1069 2573 1171 2621 quod
1195 2573 1385 2618 homines,
1415 2585 1457 2609 ex
1474 2572 1654 2610 instantiis
1678 2571 1974 2621 particularibus,

368 2629 509 2667 formas
524 2642 741 2668 naturarum
759 2641 984 2667 communes
1008 2640 1088 2664 non
1118 2629 1353 2668 elicuerunt3
1384 2627 1422 2664 id
1446 2627 1550 2676 quod
1571 2639 1642 2664 nos
1661 2637 1843 2676 tanquam
1857 2627 1974 2674 subje-

369 2685 470 2721 &um
506 2687 702 2735 proprium
731 2683 999 2735 metapliyficae
1029 2682 1249 2732 posuimus3
1291 2694 1387 2730 quae
1420 2684 1457 2719 ὅ(
1495 2681 1570 2731 ipsa
1598 2680 1778 2732 physicae,
1815 2680 1888 2720 five
1909 2682 1976 2721 do-

369 2740 508 2776 cti-inae
528 2740 731 2787 denatura,
761 2753 840 2790 pars
856 2742 916 2777 cst.
971 2741 1100 2786 Itaque
1128 2738 1175 2774 de
1203 2737 1327 2773 forma
1361 2739 1397 2774 ὅ(
1423 2736 1630 2786 originibus
1653 2739 1746 2775 lucis
1772 2736 1834 2774 fiat
1854 2738 1976 2786 inqui-

370 2791 467 2840 sitio,
498 2806 611 2845 caque
628 2795 779 2833 interim
797 2797 897 2833 inter
911 2792 1112 2832 desiderata
1134 2802 1306 2842 ponatur.
1364 2792 1496 2840 Atque
1521 2792 1568 2829 de
1592 2793 1762 2829 doeh-ina
1777 2793 1874 2830 circa
1896 2791 1977 2830 sub-

369 2848 537 2886 stantiam
558 2848 714 2896 animae,
741 2861 818 2887 tani
844 2847 1035 2887 rationalis
1058 2860 1172 2897 quain
1187 2845 1377 2893 sensibilis,
1406 2859 1493 2885 cum
1510 2845 1838 2894 facultatibussuis‚
1866 2857 1977 2897 atque

370 2904 417 2941 dc
431 2903 594 2950 ejusdem
609 2905 799 2942 doctrinae
815 2904 1091 2956 appendicibuS,
1122 2903 1211 2940 haec
1227 2901 1321 2939 dicta
1335 2899 1415 2939 siut.

1654 3053 1979 3110 FRAN-
