2040 3439
183 260 280 324 148
404 233 506 307 ΒΕ
559 243 1062 304 AUGMENTls
1097 236 1712 296 sclENTtAR'UM.
1756 215 1927 295 rav.-

318 355 480 405 reperiet
504 355 540 392 &
563 351 760 403 producet.
820 346 937 384 Adeo
964 354 1005 382 ut
1033 344 1110 381 hoc
1133 355 1252 394 genus
1283 345 1517 381 inventionis
1544 343 1651 394 (sicut
1669 345 1851 395 diximus)
1878 346 1933 386 in-

314 412 449 450 ventio
469 405 622 461 proprie
642 415 724 442 non
750 400 820 443 fit3
851 400 913 439 sed
941 400 1114 438 reductio
1141 399 1292 437 tantum
1316 401 1359 436 in
1382 401 1625 447 memoriam,
1655 398 1728 438 five
1755 401 1939 452 suggestio·

320 467 412 511 cum
438 463 700 513 applicatione.
759 457 960 502 Attamen,
990 452 1174 503 quoniam
1187 454 1417 493 vocabulum
1439 456 1596 492 invaluit
1617 457 1654 492 ὅ(
1669 467 1861 508 receptum
1877 458 1939 506 est,

323 529 480 558 vocetur
505 517 590 554 sane
615 513 820 553 inventio;
849 509 1030 560 fiquidem
1056 510 1173 547 etiam
1200 509 1299 546 ferae
1327 510 1482 555 alicujus
1504 509 1655 548 venatio
1684 513 1721 549 ὅ(
1750 513 1939 560 inventio,

324 586 408 613 non
429 574 567 619 minus,
594 581 683 607 cum
704 568 768 606 illa
783 568 882 604 intra
894 566 1125 604 vivariorum
1141 563 1240 616 septa
1258 564 1469 614 indagetur,
1498 576 1613 613 quarn
1629 577 1715 602 eum
1731 567 1772 603 in
1788 567 1942 605 saltibus

323 629 474 682 apertiS,
502 621 720 675 dieipossit.
778 617 903 659 Miffis
917 632 1008 659 vero
1022 620 1227 658 verborum
1256 618 1445 669 scrupulis,
1475 619 1570 657 illud
1599 621 1753 668 constet,
1783 622 1954 675 scopum·

324 687 364 723 δε
389 683 506 721 finem
535 679 686 727 hujusce
715 679 783 725 rei,
820 677 890 714 esse
918 675 1263 728 promptitudinem
1291 675 1481 724 quandam
1511 676 1548 712 ὃ(
1577 676 1794 725 expeditum
1831 677 1943 716 usum

324 737 561 789 cognitionis
587 736 744 781 nostrae,
784 733 909 784 potius
942 742 1059 780 quam
1086 730 1254 777 ejusdem
1280 728 1617 780 amplificationem
1644 742 1706 768 aut
1732 733 1944 771 incremenss

325 804 424 832 tunm
1843 806 1852 815 .

383 847 451 886 AT
462 858 556 899 qur:
588 855 631 884 ut
651 853 775 897 parata
790 839 833 880 sit
847 841 894 879 ad
908 840 1160 878 disserendum
1175 840 1295 890 copia,
1313 839 1450 892 duplex
1467 841 1565 878 ratio
1580 841 1669 878 iniri
1684 841 1816 894 potest.
1859 841 1944 881 Aut

330 913 374 943 ut
398 901 612 953 designetur
628 903 665 938 &
688 896 787 949 quasi
811 896 934 935 indice
943 894 1183 942 monstretur,
1212 895 1258 932 ad
1273 907 1363 944 quas
1378 906 1499 944 partes
1523 908 1604 933 rem
1628 895 1803 946 ind-agate
1830 909 1947 950 opot-

329 969 430 1000 teat3
461 968 574 1007 atque
588 955 678 993 haec
693 954 743 992 est
757 966 812 1001 ea,
840 964 954 1002 quam
969 963 1147 990 vocamus
1162 951 1339 1002 topicam.
1398 951 1481 989 Aut
1497 961 1538 988 ut
1554 952 1628 997 jam
1657 954 1765 990 antea
1788 964 1947 1004 compo-

328 1013 394 1052 ssta
412 1011 495 1060 fint,
524 1015 562 1050 &
581 1010 622 1049 in
644 1009 753 1048 usum
774 1005 931 1058 reposita
946 1016 1179 1057 argumenta,
1209 1005 1304 1043 circa
1324 1018 1383 1043 cas
1404 1018 1472 1053 res,
1502 1019 1596 1055 quae
1619 1005 1951 1059 frequentiusinci·

327 1070 428 1108 dunt
444 1071 481 1106 ὅ(
496 1069 537 1105 in
551 1066 866 1116 disceptationem
880 1064 1037 1100 veniunt
1053 1075 1063 1103 ς
1092 1072 1203 1110 atque
1218 1061 1313 1098 hanc
1329 1063 1630 1114 promptuariam
1645 1063 1944 1101 nominabimus.

327 1126 433 1162 Haec
448 1132 575 1161 autem
594 1119 774 1171 posterior
789 1129 968 1167 tanquam
984 1116 1158 1154 scientiae
1173 1128 1254 1168 pars
1274 1115 1332 1153 vix
1346 1117 1420 1153 dici
1437 1127 1614 1162 meretur,
1632 1129 1719 1155 cum
1735 1119 1775 1154 in
1790 1117 1948 1168 diligen-

329 1182 385 1217 tia
399 1177 524 1230 potius
542 1173 711 1215 consistat
736 1185 850 1223 quam
881 1174 922 1210 in
945 1171 1159 1209 eruditione
1179 1172 1302 1220 aliqua
1330 1171 1537 1209 artificiosa.
1596 1173 1856 1210 Veruntamen
1877 1173 1948 1211 hac

329 1234 373 1272 in
399 1243 506 1286 parte
528 1231 761 1276 Aristoteles,
791 1227 986 1278 ingeniose
1011 1227 1179 1275 quidem,
1221 1226 1282 1264 sed
1305 1236 1434 1263 tamen
1462 1227 1657 1275 damnose,
1687 1227 1862 1278 sophistas
1892 1227 1949 1267 sui

330 1287 515 1340 temporis
542 1286 702 1332 deridet,
730 1282 931 1333 inquiens:
969 1278 1145 1320 Perinde
1173 1279 1262 1319 illos
1286 1278 1440 1333 facere,
1469 1293 1516 1319 ac
1534 1279 1578 1331 st
1597 1283 1687 1335 quis
1713 1281 1948 1321 calcearium

322 1340 531 1396 professus,
561 1340 750 1379 rationem
778 1337 898 1377 calcei
921 1333 1148 1388 conficiendi
1176 1348 1250 1375 non
1278 1334 1442 1384 doceret,
1460 1334 1539 1389 fi’d
1563 1335 1764 1375 exhiberet
1791 1344 1950 1376 tantum

333 1391 484 1436 calceos
511 1394 787 1449 complurimos,
825 1391 1006 1445 diversae
1040 1398 1123 1430 tam
1140 1388 1298 1444 formae
1332 1403 1448 1444 quam
1485 1391 1781 1445 magnitudinis.
1837 1393 1948 1432 Atta-

334 1466 428 1491 men
456 1452 520 1490 hic
547 1463 678 1501 regere
709 1452 845 1491 liceat3
882 1446 1117 1494 calcearium,
1153 1446 1179 1484 fi
1207 1449 1248 1484 in
1277 1445 1430 1485 officina
1458 1448 1514 1484 nil
1544 1449 1757 1486 calceorum
1780 1447 1946 1496 haberet,

334 1515 463 1558 neque
491 1519 556 1545 eos
581 1505 780 1544 consueret
796 1502 861 1542 nifi
876 1513 1028 1553 rogatus
1044 1521 1058 1546 ,-
1088 1514 1251 1552 egenum
1266 1502 1416 1555 prorsus
1431 1502 1662 1551 mansurum,
1691 1505 1728 1541 ὃ(
1742 1515 1950 1556 perpaucos

336 1565 585 1601 inventurum
610 1571 812 1613 emptores.
870 1560 943 1597 Sed
966 1559 1082 1607 longe
1105 1557 1210 1595 aliter
1235 1559 1404 1596 Salvator
1420 1556 1562 1605 noster,
1582 1559 1629 1595 de
1653 1559 1779 1595 divina
1799 1560 1951 1597 scientia

336 1620 448 1656 verba
476 1618 625 1664 faciens,
655 1616 791 1665 inquit,
821 1614 962 1653 Omnis
979 1611 1114 1665 scriba
1139 1611 1273 1651 donus
1302 1613 1344 1650 in
1363 1625 1476 1664 regno
1506 1611 1702 1661 coelorum,
1718 1610 1864 1663 stmilis
1893 1610 1947 1664 est

337 1671 486 1711 homini
504 1669 810 1725 patrefamilias,
840 1669 908 1724 qui
928 1666 1088 1721 profert
1115 1666 1162 1706 de
1183 1666 1360 1722 thesauro
1374 1667 1448 1720 fito
1469 1679 1574 1705 nova
1599 1664 1646 1711 ό
1674 1674 1825 1706 vetera.
1882 1671 1950 1708 Vi·

335 1729 473 1766 demus
501 1730 628 1775 etiam,
666 1726 808 1779 priscos
837 1726 1005 1763 rhetores
1028 1725 1242 1762 oratoribus
1270 1723 1500 1774 praecepiss'e,
1530 1733 1571 1761 ut
1599 1723 1741 1774 praesto
1769 1724 1952 1763 haberent

336 1785 445 1822 locos
460 1783 685 1821 communes
698 1783 832 1829 varios,
848 1782 922 1827 jam
937 1780 1084 1831 pridem
1098 1779 1312 1826 adornatos,
1342 1782 1377 1816 ὃς
1392 1777 1428 1815 in
1446 1789 1645 1827 utramque
1662 1789 1807 1831 partem
1821 1781 1951 1819 traaa-

337 1849 400 1876 tos
426 1841 462 1876 ὅ(
485 1838 708 1876 illustratos:
748 1837 921 1886 Exempli
950 1835 1081 1884 gratia,
1119 1835 1194 1872 Pro
1222 1833 1404 1873 sententia
1438 1834 1531 1883 legis
1560 1834 1732 1872 adversus
1757 1835 1870 1873 verba
1898 1836 1951 1875 lc·

339 1896 422 1944 gis3
453 1896 490 1932 δε
519 1905 539 1929 c
562 1902 720 1930 contra:
749 1893 826 1930 Pro
847 1891 922 1929 fide
945 1899 1261 1940 argumentorum
1286 1888 1454 1927 adversus
1478 1887 1704 1936 testimonia,
1735 1891 1772 1927 &
1804 1902 1826 1927 e
1859 1902 1951 1929 con·-

338 1960 410 1986 tra.
469 1946 609 1985 Cicero
628 1959 752 1985 autem
775 1947 863 2000 ipse,
891 1947 1007 1995 longa
1028 1946 1161 1982 doetus
1181 1945 1422 1995 experientia,
1450 1945 1559 1994 plane
1582 1945 1714 1991 ass'erit,
1741 1945 1844 1997 posse
1871 1957 1953 1984 ora—

332 2014 467 2047 torem
488 2004 713 2052 diligentem
739 2005 775 2040 ὃ(
802 2002 973 2039 sedulum
993 2001 1068 2045 jam
1091 2000 1359 2051 praemeditata
1383 2001 1419 2037 <Sc
1449 2000 1636 2037 elaborata
1666 1999 1814 2048 habere,
1842 2012 1953 2050 quae—

342 2071 492 2108 cunque
513 2060 552 2095 in
568 2057 879 2107 disceptationem
902 2057 1078 2093 venient:
1106 2055 1222 2093 Adeo
1250 2065 1291 2093 ut
1319 2053 1359 2092 in
1386 2054 1511 2092 causae
1535 2053 1642 2106 ipfius
1668 2056 1829 2101 afflone,
1859 2055 1955 2095 nihil

342 2125 503 2161 novum,
535 2123 597 2150 aut
627 2112 794 2150 subitum
818 2111 929 2149 inseri
949 2110 1091 2148 necess'e
1106 2111 1233 2158 fuerit,
1262 2121 1408 2163 praeter
1423 2112 1582 2147 nomina
1602 2122 1713 2157 nova,
1742 2113 1779 2148 &
1796 2112 1955 2149 circum-

343 2168 490 2206 stantias
510 2169 651 2216 aliquas
671 2167 854 2218 speciales.
911 2166 966 2204 At
981 2164 1245 2204 Demosthenis
1265 2165 1464 2215 diligentia
1484 2167 1520 2202 &
1541 2164 1744 2202 solicitudo
1765 2178 1814 2203 eo
1838 2166 1957 2216 usque

344 2220 537 2274 proccffit,
566 2234 606 2261 ut
627 2221 809 2271 quoniam
836 2224 981 2273 primus
1001 2221 1047 2259 ad
1068 2220 1215 2259 causam
1240 2221 1362 2258 aditus
1379 2222 1416 2257 ὅ(
1436 2219 1625 2269 ingressus,
1653 2221 1698 2258 ad
1720 2223 1869 2259 animos
1894 2234 1955 2261 au—

344 2281 518 2317 ditorum
546 2278 831 2328 praeparandos,
860 2278 1070 2330 plurimum
1099 2277 1239 2315 virium
1268 2276 1432 2323 haberet,
1464 2287 1599 2327 operae
1615 2277 1781 2327 pretium
1796 2287 1956 2326 putaret,

346 2336 545 2384 complura
568 2335 805 2371 concionum
828 2335 864 2371 ὅ(
888 2334 1110 2370 orationum
1131 2332 1283 2369 exordia
1311 2341 1549 2380 componere
1579 2333 1616 2368 δ(
1638 2333 1677 2368 in
1694 2342 1875 2382 promptu
1893 2333 1956 2371 ha-

347 2390 446 2427 bere.
503 2389 635 2437 Atque
659 2388 748 2426 haec
769 2389 939 2440 exempla
968 2387 1266 2425 &authoritates
1282 2385 1647 2423 meritoAristotelis
1663 2388 1840 2435 opinioni
1854 2399 1957 2437 prae-

347 2446 557 2496 ponderare
578 2440 732 2494 possint,
761 2445 828 2493 qui
853 2443 966 2481 nobis
984 2442 1123 2480 author
1146 2442 1259 2490 foret,
1288 2451 1329 2479 ut
1350 2440 1563 2479 vestiarium
1588 2452 1675 2478 cum
1697 2441 1828 2478 forfice
1849 2454 1956 2481 com-

348 2511 591 2538 mutaremus.
646 2501 774 2548 Itaque
792 2510 874 2537 non
893 2498 964 2536 fuit
985 2498 1199 2535 omittenda
1213 2497 1305 2535 haec
1324 2508 1407 2549 pars
1421 2496 1613 2533 doctrinae
1630 2497 1725 2532 circa
1741 2509 1958 2549 promptua-

349 2555 457 2601 riam,
485 2556 531 2592 de
547 2567 619 2604 qua
639 2554 818 2591 hocloco
834 2552 926 2591 satis.
983 2553 1088 2590 Cum
1099 2551 1202 2590 enim
1216 2550 1259 2590 fit
1274 2553 1435 2599 utrique,
1463 2560 1542 2587 tam
1559 2552 1714 2599 logicae,
1745 2563 1858 2600 quam
1875 2553 1959 2592 rhe-

349 2610 505 2655 toricae,
534 2608 773 2650 communis3
801 2608 923 2646 visum
942 2605 992 2645 est
1012 2619 1094 2644 cam
1117 2608 1180 2644 hic
1202 2606 1300 2644 inter
1317 2605 1438 2655 logica
1460 2603 1593 2642 curfim
1615 2616 1763 2644 tantum
1784 2607 1958 2659 perstrin-

345 2676 459 2713 ..gere3
488 2665 703 2713 pleniorem
722 2664 800 2709 ejus
814 2664 1076 2701 trastationem
1090 2662 1137 2699 ad
1158 2662 1385 2700 rhetoricam
1407 2662 1628 2706 rejicientes.

406 2718 609 2756 PARTEM
631 2721 784 2757 alteram
809 2719 1020 2757 inventivae
1045 2717 1243 2764 (nimirum
1262 2717 1442 2767 topicam)
1466 2717 1670 2767 partiemur
1688 2715 1726 2752 in
1742 2718 1959 2765 generalem

354 2770 392 2810 ὅ(
420 2775 691 2824 particularem.
748 2775 941 2812 Generalis
962 2774 1026 2811 illa
1041 2772 1101 2820 est,
1131 2784 1224 2821 quae
1248 2774 1288 2809 in
1311 2771 1502 2808 dialectica
1526 2771 1726 2820 diligenter
1748 2774 1785 2809 ὅ(
1807 2773 1958 2812 abunde

353 2829 505 2865 tractata
519 2829 588 2868 est3
617 2840 657 2866 ut
679 2831 718 2866 in
738 2830 816 2874 ejus
832 2830 1080 2879 explicatione
1101 2829 1243 2865 morari
1260 2838 1342 2864 non
1358 2824 1399 2863 fit
1415 2838 1521 2876 opus.
1578 2826 1674 2864 Illud
1690 2836 1819 2865 tamen
1834 2828 1962 2868 obite».-

354 2883 594 2920 monendum
618 2884 777 2929 videtur,
805 2883 969 2935 topicam
990 2882 1091 2920 istam
1115 2895 1198 2920 non
1219 2892 1367 2920 tantum
1395 2882 1435 2918 in
1460 2882 1862 2931 argumentationibus,
1891 2884 1958 2922 ubi

353 2950 441 2976 cnm
462 2937 540 2974 aliis
560 2950 716 2975 manum
731 2939 989 2981 conserimus3
1019 2950 1150 2977 verum
1170 2939 1262 2975 &in
1282 2936 1603 2983 meditationibus,
1631 2948 1717 2973 cum
1731 2939 1821 2986 quid
1834 2939 1959 2976 nobis-

354 3005 443 3030 cum
472 2990 536 3042 ipsi
561 3004 868 3031 commentamur
891 3003 955 3031 aut
980 2994 1221 3039 revolvimus,
1250 2994 1381 3031 valere.
1437 2993 1534 3037 Imo,
1564 3003 1685 3039 neque
1710 2991 1961 3032 solummodo

356 3050 397 3085 in
426 3048 500 3085 hoc
530 3045 635 3085 fitam
666 3047 747 3094 csse,
782 3058 823 3084 ut
852 3049 940 3085 inde
967 3048 1030 3085 fiat
1066 3047 1248 3097 suggestio
1277 3058 1339 3084 aur
1371 3046 1598 3091 admonitio,
1641 3047 1732 3094 quid
1762 3044 1960 3097 affirmare,

357 3113 419 3141 aur
438 3102 614 3144 ass'ereres
640 3113 774 3141 verum
791 3104 904 3141 etiam
919 3103 1011 3153 quid
1026 3101 1216 3153 inquirere
1231 3113 1295 3141 aut
1311 3103 1546 3152 interrogare
1561 3101 1773 3141 debeamus.
1805 3103 1861 3141 At
1875 3115 1962 3153 pru-

1869 3160 1960 3197 dens
