2040 3439
102 214 248 261 Lib.1.
319 215 417 259 DE
465 212 972 259 'AUGMENTIS
1021 209 1628 259 SCIENTIARUM.

102 304 376 350 lia‘cr'eticorum
397 308 638 360 coryphaeos,
669 306 881 348 doffissima
903 311 1042 349 saecula
1067 312 1107 348 in
1132 311 1358 349 atheismum
1381 309 1560 362 proclivia
1583 310 1711 352 fuiss‘e3

102 362 469 419 contemplationem
492 365 661 414 ‘denique
688 364 931 403 secundarum
955 366 1144 404 caularum
1172 367 1394 404 authoritati
1419 362 1563 416 primae
1586 366 1713 404 causae

103 422 294 478 derogare.
497 470 499 472 v

157 472 376 530 [J31'ig'itur
399 470 594 511 falsitatem
616 470 729 521 hujus
753 475 953 524 dogmatis,
991 476 1311 526 fundamentaque
1339 478 1416 522 ejus
1441 477 1540 514 male
1564 476 1654 521 jac‘la
1679 489 1712 512 a-

103 529 311 582 periamus5
349 521 463 581 cuivis
482 529 642 580 >obviam
669 527 718 567 est
746 530 832 567 istos
861 543 941 567 non
965 533 1167 583 percipere,
1206 532 1411 579 scientiam,
1449 543 1553 580 quae*
1570 532 1719 580 lapsum

100 582 256 636 peperit,
295 581 509 621 non'fuiss'c'
526 597 658 636 puram
680 586 783 622 illam
809 585 1148 636 primigeniamquc
1169 588 1364 624 scientiam
1391 587 1612 632 naturalem,
1651 598 1712 623 cu-

100 640 158 691 jus
176 639 327 676 ‘lumine
349 638 472 676 homo
497 640 720 678 animalibus
743 640 784 677 in
807 641 976 690 paradiso
997 642 1162 679 adduetis
1186 642 1343 680 nomina
1372 655 1415 680 ex
1438 652 1569 679 natura
1593 643 1713 691 impo-

100 695 193 736 suit3
224 694 285 731 scd
307 693 502 743 superbam
516 693 621 731 illam
647 693 751 733 Boni
768 692 816 738 <sy
838 694 957 742 Mali,
986 708 1051 746 per
1076 709 1188 745 quam
1210 708 1381 735 excutere
1399 699 1539 743 Deum,
1568 694 1710 745 sibique

98 748 176 800 ipse
202 750 328 798 legem
355 748 469 797 figere
497 748 663 788 ambivit.
720 752 856 802 Neque
883 761 982 788 certe
1003 753 1056 788 vis
1080 753 1155 788 ulla
1179 752 1366 798 scientiae,
1403 763 1541 800 quanta
1568 762 1709 799 quanta

100 803 156 852 fit,
193 803 299 841 inflat
328 814 511 851 mentem,
548 818 636 842 eum
665 805 761 843 nihil
790 807 949 855 implere
977 805 1147 843 animum
1176 808 1318 844 nedum
1347 807 1553 844 distendere
1583 803 1711 857 postit,

97 869 244 912 practer
259 860 399 905 Deum,
414 860 562 908 Deiquc
575 859 952 913 contemplationem.
996 863 1122 913 Qiare
1139 863 1342 909 Solomon,
1358 863 1404 899 de
1417 862 1563 898 duobus
1576 862 1713 910 palma-

97 916 162 952 riis
186 915 420 951 inventionis
446 913 606 953 sensibus
634 913 725 962 (visu
749 926 860 964 atque
887 916 1030 964 auditu)
1061 918 1243 965 loque1155
1282 918 1346 964 ait,
1387 914 1551 955 Oculum
1576 913 1711 953 villen-

99 966 158 1016 do,
187 980 317 1007 aurem
339 966 527 1007 audiendo
546 982 619 1008 nen
629 968 791 1022 satiari.
850 971 966 1023 Quod
991 969 1016 1008 si
1037 984 1118 1008 non
1139 969 1181 1008 sit
1196 971 1383 1023 impletio,
1412 971 1590 1019 sequitur,
1621 983 1711 1008 con-

93 1023 219 1062 tinens
239 1024 357 1070 maius
372 1023 440 1061 css'c
461 1035 659 1062 contento.
716 1025 825 1063 Haud
845 1025 950 1062 aliter
965 1026 1012 1063 de
1035 1025 1185 1064 scientia
1200 1025 1273 1079 ipsa
1299 1029 1503 1075 animoque
1528 1027 1711 1074 humano,

98 1080 171 1128 (eui
200 1079 321 1116 sensus
344 1078 429 1117 sunt
456 1089 636 1129 tanquam
659 1080 843 1128 emissarii)
873 1080 1006 1118 definit
1034 1082 1092 1118 his
1112 1083 1244 1130 verbis,
1287 1094 1381 1131 quae
1404 1081 1619 1120 calendario
1641 1081 1713 1119 suo

95 1133 415 1184 ephemeridique,
445 1137 621 1173 omnium
649 1148 775 1174 rerum
797 1147 969 1185 tempora
985 1136 1222 1185 describenti,
1257 1137 1453 1184 subticuit,
1484 1139 1535 1173 itu
1553 1137 1707 1185 ¹conclu-

97 1191 210 1231 dens3
249 1188 392 1227 Omnia
419 1188 539 1228 Dens
563 1189 749 1238 condidit,
787 1198 832 1229 ut
860 1190 1150 1245 unumquodque
1167 1191 1375 1243 pulchrum
1386 1190 1443 1242 stt
1470 1192 1513 1229 in
1542 1198 1709 1243 tempore

86 1243 185 1298 fito:
220 1241 415 1282 Mundum
442 1257 587 1299 quoque
616 1244 737 1297 ipfitm
767 1244 916 1283 indidz't
944 1244 1049 1284 cordi
1077 1259 1225 1285 eornm:
1263 1248 1443 1285 invenire
1486 1253 1617 1284 tamen
1643 1243 1707 1283 ho-

96 1297 157 1348 }no
184 1311 257 1337 nen
277 1296 403 1351 potest
431 1309 534 1352 opus,
577 1299 680 1353 qnod
703 1298 952 1354 operatas-'cst
980 1300 1111 1349 Deus,
1154 1299 1202 1339 ab
1231 1303 1346 1340 initio
1366 1302 1482 1355 nsque
1500 1299 1556 1339 czcl
1569 1298 1704 1353 finem.

91 1357 240 1408 Quibus
260 1354 381 1392 verbis
407 1354 504 1392 haud
527 1356 683 1394 obscure
707 1357 849 1403 innuit,
880 1358 1008 1394 Deum
1035 1357 1258 1395 fabricatum
1284 1358 1353 1395 css'e
1379 1359 1551 1394 animum
1579 1360 1707 1394 liuma-

92 1422 187 1448 num
217 1410 326 1446 instar
355 1409 502 1459 speculi,
541 1410 658 1448 totius
679 1412 814 1448 mundi
844 1423 1028 1460 capacem,
1069 1412 1220 1460 ejusque
1254 1425 1337 1449 non
1365 1414 1492 1449 minus
1520 1410 1707 1449 sitientem

93 1462 208 1514 quam
231 1465 390 1502 oculum
412 1465 587 1502 luminis:
618 1478 742 1514 neque
762 1464 980 1516 gestientem
1002 1466 1125 1504 solum
1150 1467 1367 1519 conspicere
1390 1468 1586 1505 varietates
1604 1465 1709 1505 vicis·

92 1518 342 1571 fituclinesque
365 1529 598 1572 temporum,
635 1533 766 1559 verum
791 1522 905 1557 etiam
928 1521 1182 1570 perscrutandi
1204 1522 1500 1572 explorandiquc
1525 1522 1708 1558 immotas

89 1585 202 1624 atque
230 1573 468 1613 inviolabiles
487 1585 641 1613 naturae
665 1577 765 1625 leges
790 1578 828 1613 ὃς
851 1577 1000 1613 decreta
1026 1576 1280 1614 ambitiosum.
1337 1578 1385 1614 Et
1405 1578 1575 1625 quamvis
1596 1578 1708 1613 innu-

91 1642 158 1678 cre·
167 1629 350 1678 videatur,
369 1629 556 1667 summam
572 1632 676 1668 illam
692 1642 845 1669 naturae
858 1633 1128 1669 oeconomiam
1146 1632 1273 1681 (quam
1290 1633 1449 1682 appellat
1467 1631 1587 1683 Opus,
1607 1628 1711 1683 qnod

88 1680 269 1739 operatur
292 1683 414 1723 ‘Deus
436 1682 484 1723 ab
508 1685 625 1724 initio
653 1685 769 1740 usqne
792 1683 847 1724 acl
859 1683 994 1736 finem)
1026 1699 1108 1724 non
1135 1688 1236 1739 posse
1262 1689 1425 1724 inveniri
1454 1688 1499 1723 ab
1525 1687 1706 1729 liomine5

88 1741 165 1779 hoc
180 1752 259 1779 non
274 1739 437 1778 detrahit
452 1743 576 1791 captui
592 1742 774 1789 humano,
805 1742 866 1780 sed
881 1744 920 1779 in
937 1743 1211 1792 impedimenta
1226 1743 1421 1780 doeirinae
1436 1742 1706 1787 rejiciendum3

88 1795 213 1846 qualia
233 1795 320 1834 sunt
340 1797 438 1833 vitae
459 1796 628 1844 brevitas,
665 1798 873 1835 studiorum
892 1798 1067 1845 divortia,
1106 1798 1346 1836 scientiarum
1366 1796 1520 1835 traditio
1540 1809 1649 1848 prava
1670 1800 1730 1850 ὃ(χ

87 1849 217 1901 infida,
253 1851 488 1904 plurimaque
517 1851 584 1889 alia
599 1852 859 1900 incommoda,
888 1853 1024 1902 quibus
1047 1853 1212 1891 humana
1232 1854 1408 1891 conditio
1423 1852 1612 1890 irretitur:
1651 1854 1705 1890 Si-
1731 1854 1738 1865 “

80 1905 243 1961 Ηυὶάεῐη
267 1907 414 1944 nullam
434 1906 593 1945 universi
613 1918 772 1960 partem,
802 1909 848 1945 ab
870 1907 1035 1946 humana
1049 1908 1307 1958 disquisitione
1329 1909 1491 1945 alienam
1506 1907 1588 1953 csse,
1619 1907 1704 1944 satis

82 1958 188 2011 ,clare
199 1962 288 2000 alibi
298 1962 422 2009 docet,
436 1963 624 2011 inquiens,
639 1961 811 2015 Spiritus
819 1960 987 2001 hominis
997 1961 1049 2014 est
1060 1970 1247 2016 tanquam
1257 1962 1413 2001 lucerna
1423 1961 1524 2010 Dei,
1535 1975 1607 2011 qua
1618 1964 1705 2000 inti-

87 2012 306 2070 m'a'arcana
326 2017 505 2067 explorat.
561 2020 687 2070 Quare
707 2016 732 2056 si
755 2029 858 2056 tanta
880 2016 922 2056 sit
949 2020 1162 2068 amplitudo
1188 2031 1315 2072 captus
1341 2019 1510 2065 humani,
1548 2017 1705 2054 manife-

88 2067 265 2126 'stumsest²
294 2073 444 2109 nullum
468 2072 537 2110 effe
560 2074 772 2126 periculum
792 2086 813 2111 a
832 2076 1043 2122 quantitate
1057 2073 1245 2122 scientiae,
1275 2085 1316 2112 ut
1337 2084 1378 2111 ut
1398 2073 1545 2121 diffusa,
1573 2085 1622 2109 nc
1641 2082 1704 2110 aut

87 2123 281 2175 tumorem
298 2127 462 2173 inducat,
482 2138 544 2165 aut
557 2128 760 2166 excelsum:
782 2129 844 2166 sed
859 2142 878 2166 a
893 2131 1072 2179 qualitate
1083 2140 1245 2177 tantum,
1266 2141 1361 2178 quae
1375 2129 1705 2180 quantulacunque

87 2181 144 2230 fit,
181 2181 206 2219 fi
227 2180 361 2230 absque
387 2183 565 2220 antidoto
594 2184 655 2221 sua
684 2184 862 2231 sumatur,
902 2185 1114 2234 malignum
1143 2186 1233 2233 quid
1259 2185 1370 2222 habet
1401 2194 1511 2232 atque
1539 2194 1704 2220 veneno-

90 2237 173 2276 sum
194 2235 355 2274 flatuosis
375 2237 636 2289 symptomatis
659 2235 929 2288 plenissimum.
986 2241 1086 2276 Haec
1110 2240 1314 2285 antidotus,
1351 2237 1422 2277 slVC
1446 2249 1588 2283 aroma,
1628 2237 1701 2284 (cu-

88 2294 148 2342 jus
176 2293 313 2329 mixtio
341 2301 525 2344 temperat
554 2292 761 2340 scientiam,
798 2305 957 2341 eamque
987 2292 1268 2330 saluberrimam
1296 2290 1424 2340 efficit)
1455 2293 1503 2329 cst
1531 2292 1700 2329 charitas.

84 2346 206 2402 'Quod
235 2348 348 2385 etiam
376 2349 495 2396 priori
524 2347 707 2386 clausulae
736 2348 926 2397 subjungit
955 2346 1173 2397 Apostolus,
1211 2349 1339 2386 dicens
1370 2346 1546 2386 scientia
1574 2344 1702 2398 inflat,

83 2401 266 2442 ‘charitas
280 2408 407 2440 autem
421 2400 616 2454 aedificat.
675 2404 752 2440 Cui
768 2403 981 2440 consonum
997 2403 1057 2449 est,
1088 2404 1192 2452 quod
1208 2404 1297 2441 alibi
1313 2404 1424 2440 docet
1442 2416 1449 2439 :
1479 2399 1534 2450 Si,
1563 2403 1703 2451 inquit,

64 2468 67 2469 ’
88 2449 234 2511 linguis
259 2455 395 2511 loquar
417 2455 667 2510 Angelorum,
702 2456 773 2496 vel
783 2455 989 2504 hominurn,
1018 2456 1255 2496 charitatem
1278 2464 1409 2496 antem
1432 2468 1505 2495 non
1527 2454 1701 2503 habeam,

59 2510 221 2568 'fafflus
232 2510 324 2564 fiam
339 2510 455 2551 velut
468 2524 534 2550 aes
557 2511 749 2565 resonans,
778 2519 848 2550 ant
873 2511 1083 2563 eafnzballtzn
1099 2514 1283 2551 tinniens.
1341 2515 1437 2552 Non
1458 2514 1552 2561 quin
1571 2514 1701 2550 eximi-

89 2564 156 2608 um
178 2568 270 2617 quid
292 2566 336 2605 sit
359 2568 467 2617 loqui
487 2569 625 2618 linguis
650 2568 894 2618 Angelorum
915 2571 952 2605 ὅ(
971 2569 1188 2616 hominum,
1218 2568 1279 2606 sed
1299 2570 1386 2617 quia
1400 2566 1426 2605 fi
1447 2567 1660 2617 segregetur
1682 2580 1703 2606 a

80 2623 279 2670 charitate,
291 2635 413 2672 neque
428 2623 474 2661 ad
489 2636 696 2661 commune
711 2624 867 2661 humani
883 2625 1030 2673 generis
1045 2624 1192 2662 bonum
1207 2624 1398 2673 dirigatur,
1411 2623 1534 2675 potius
1547 2625 1702 2660 inanem

88 2678 251 2730 gloriam
267 2678 453 2716 exhibebit
476 2690 588 2727 quam
607 2678 770 2716 solidum
786 2679 961 2716 fratrum.
1021 2679 1231 2716 Censuram
1246 2678 1352 2727 quod
1367 2680 1501 2716 attinet
1520 2679 1699 2723 Solomo-

80 2730 160 2782 nis,
190 2734 237 2771 de
252 2733 392 2771 excessu
408 2734 558 2783 legendi
582 2733 841 2783 scribendique
856 2733 985 2781 libi-os,
1014 2736 1051 2771 δε
1066 2735 1232 2772 cruciatu
1248 2733 1396 2784 spiritus
1410 2745 1431 2770 e
1455 2734 1607 2770 scientia
1627 2735 1701 2771 ori-

89 2790 195 2828 undo
204 2803 218 2830 3v
229 2790 498 2837 monitumque
508 2791 622 2826 etiam
633 2788 843 2836 Paulinum,
852 2786 921 2826 Ne
928 2786 1162 2840 decipiamur
1162 2797 1237 2841 per
1248 2789 1401 2826 inanem
1406 2786 1687 2840 phelefhphiam
1693 2803 1703 2824 .-

89 2842 116 2881 si
132 2845 228 2881 reete
240 2846 470 2894 explicentur
485 2856 527 2880 ea
539 2845 633 2891 loca,
653 2847 798 2894 optime
814 2844 1009 2881 ostendent
1022 2856 1129 2882 veros
1141 2845 1328 2882 cancellos
1341 2846 1378 2881 <Sc
1394 2845 1545 2891 limites,
1566 2845 1702 2892 quibus

91 2899 256 2937 humana
271 2898 423 2936 scientia
438 2898 740 2949 circumsepitut3
770 2901 820 2936 ita
835 2909 962 2936 tamen
987 2909 1027 2936 ut
1043 2899 1206 2937 liberum
1227 2897 1267 2937 sit
1283 2901 1330 2946 ci,
1359 2898 1497 2947 absque
1512 2901 1620 2936 omni
1639 2891 1701 2936 co-

93 2954 298 2990 arctatione
310 2953 519 2992 universam
530 2966 655 2992 rerum
667 2965 838 2992 naturam
849 2954 1034 3003 ampleffi.
1061 2954 1155 2992 Sunt
1167 2949 1270 2992 enim
1281 2955 1422 2992 limites
1434 2965 1519 2991 tres.
1542 2955 1700 2999 Primus,

93 3021 141 3046 nc
156 3010 206 3045 ita
219 3007 436 3046 felicitatem
449 3009 681 3047 collocemus
695 3011 735 3046 in
749 3009 911 3055 scientia,
928 3018 967 3045 ut
979 3010 1132 3047 interim
1146 3011 1384 3047 mortalitatis
1394 3010 1539 3046 nostrae
1554 3004 1699 3045 oblivio

93 3063 275 3114 subrepat.
333 3064 536 3110 Secundus,
557 3076 605 3103 ne
620 3062 667 3103 sic
683 3075 831 3103 utamur
847 3063 1011 3112 seientia,
1040 3074 1080 3101 ut
1096 3068 1319 3104 anxietatem
1336 3066 1464 3115 pariat,
1486 3076 1565 3100 non
1581 3064 1699 3099 animi

1522 3118 1699 3165 tranquil-

51 3203 96 3250 <Z

1792 230 1856 277 29
