2040 3439
74 296 224 337 historia
247 296 476 344 coelestium,
505 307 783 344 meteororum,
817 307 937 335 terrae
966 299 1002 335 ὅς
1026 295 1150 344 maris,
1181 295 1436 341 muneralium,
1465 295 1694 345 plantarum,

75 353 295 392 animalium
308 353 330 400 z)
362 352 423 389 sed
448 353 574 390 multo
599 353 719 402 magis
741 362 893 389 naturae
914 351 1132 390 constriCtae
1157 354 1194 389 δε
1218 360 1393 390 vexatac3
1424 361 1574 401 nempe,
1605 363 1692 389 cum

71 405 139 461 pe'r
163 419 282 447 artem
298 410 336 444 δε
351 407 601 444 ministerium
621 407 833 445 humanum
847 407 895 444 de
919 408 1010 445 statu
1027 407 1095 445 suo
1120 406 1347 453 detruditur,
1376 415 1488 454 atque
1503 409 1689 456 premitur

74 463 111 501 δέ
141 460 307 514 fingitur.
363 463 491 513 Itaque
518 462 650 499 omnia
669 463 807 500 artium
833 463 1152 509 mechanicarum,
1189 462 1322 499 omnia
1346 462 1558 510 operativae
1578 462 1692 511 partis

72 516 300 566 liberalium,
329 519 459 554 omnia
482 518 728 569 prasticarum
752 518 1022 567 complurium,
1062 529 1156 566 quae
1183 518 1223 553 in
1244 527 1364 554 artem
1389 516 1580 565 propriam
1608 529 1691 554 nou

73 571 308 620 coaluerunt,
345 573 610 623 experimenta,
643 571 841 620 (quantum
866 574 1056 621 inquirere
1085 573 1191 609 licuit
1221 574 1257 608 δε
1287 581 1472 620 quantum
1500 570 1690 608 adfinem

73 629 243 667 nostrum
271 628 431 676 faciunt)
459 625 732 679 perscribimus.
789 628 895 679 Quin
924 629 1037 665 etiam
1066 627 1121 673 (ut
1150 625 1254 675 quod
1283 638 1340 663 res
1369 626 1417 663 est
1449 627 1687 674 eloquamur)

71 683 205 726 fastum
234 684 438 720 hominum
461 685 498 719 ὃς
527 682 687 732 speciosa
708 683 764 719 nil
783 681 936 730 morati,
966 683 1091 719 multo
1124 683 1207 732 plus
1237 685 1274 719 ἃ
1303 693 1438 730 operae
1459 683 1496 718 ὅ(
1519 679 1689 730 praesidii

71 739 208 778 iri‘hac
226 748 341 788 parte,
380 749 492 785 quam
519 739 561 775 in
580 738 644 774 illa
669 738 795 784 altera,
832 736 1032 786 ponimus:
1074 736 1387 785 quandoquidem
1406 745 1540 774 natura
1561 749 1688 774 rerum

70 796 189 844 magis
206 794 239 830 se
255 793 384 842 prodit
399 805 465 844 per
480 791 693 831 vexationes
707 794 810 840 artis,
843 805 956 841 quam
973 794 1014 829 iu
1031 792 1202 829 libertate
1218 793 1381 841 propria.

100 859 102 863 ’
124 851 165 887 N
173 860 300 901 EQUE
328 859 534 896 corporum
555 858 707 885 tantum
726 846 919 884 historiam
944 845 1173 893 exhibemus,
1208 847 1268 884 sed
1293 844 1509 894 diligentiae
1535 845 1685 898 insuper

67 902 215 944 nostrae
238 903 307 941 effe
332 905 554 954 putavimus,
583 905 699 940 etiam
715 903 899 942 virtutum
923 902 1085 954 ipsarum
1105 902 1269 948 (illarum
1293 900 1464 946 dicimus,
1493 913 1589 948 quae
1609 912 1689 938 tan-

68 965 183 1009 q'uam
203 958 408 996 cardinales
433 959 474 995 in
497 969 630 996 natura
655 957 800 996 censeri
827 953 983 1007 possint,
1021 959 1058 994 ὃς
1086 958 1127 993 in
1150 957 1286 1005 quibus
1305 966 1460 994 naturae
1480 956 1688 1005 primordia

67 1013 181 1071 piane
205 1012 504 1055 constituuntur3
543 1023 678 1065 utpote
704 1014 861 1051 materia
885 1014 1017 1062 primis
1043 1008 1275 1063 passIonibus
1294 1023 1336 1049 ac
1365 1008 1575 1051 desiderii33
1614 1014 1685 1049 viz.

68 1067 213 1117 Denso,
243 1081 340 1116 raro,
368 1067 503 1115 calido,
532 1068 688 1119 frigido,
725 1065 948 1116 consistenti,
979 1067 1112 1115 fluido,
1150 1069 1266 1117 gravi,
1296 1065 1381 1113 levi,
1410 1064 1561 1117 aliisque
1587 1066 1687 1104 haud

68 1127 208 1180 p'aucis)
225 1122 415 1162 historiam
430 1124 595 1163 seorsum
610 1135 840 1174 comparare.

94 1183 104 1192 ”
123 1182 398 1218 EN1MVERO
422 1190 464 1217 ut
488 1180 535 1217 de
559 1178 760 1217 subtilitate
783 1178 959 1224 dicamus,
996 1178 1106 1230 plane
1130 1176 1390 1226 conquirimus
1411 1189 1529 1226 genus
1548 1178 1688 1226 experi-

68 1246 292 1275 mentorum
307 1235 424 1284 longe
440 1234 606 1272 subtilius
627 1237 663 1272 δε
678 1232 876 1284 stmplicius
891 1245 1004 1282 quam
1021 1232 1106 1271 sunt
1121 1245 1163 1270 ea
1177 1245 1271 1284 quae
1287 1243 1504 1270 occurrunt.
1564 1233 1684 1269 Com-

68 1288 174 1344 plura
194 1292 298 1328 enirn
320 1302 342 1326 a
364 1290 527 1328 tenebris
550 1288 743 1327 educimus
763 1291 800 1327 ὃς
824 1287 1002 1335 eruimus,
1039 1300 1134 1336 quae
1157 1289 1254 1325 nulli
1277 1286 1317 1324 in
1340 1297 1511 1324 mentem
1532 1287 1685 1324 veniss'et

68 1347 299 1396 investigare,
329 1342 397 1383 nifi
421 1347 486 1394 qui
500 1356 605 1384 certo
621 1347 657 1383 δε
681 1344 862 1382 constanti
880 1345 1032 1381 tramite
1047 1344 1375 1382 adinventionem
1395 1342 1589 1379 causarum
1605 1354 1684 1392 per-

69 1411 196 1454 geret;
233 1414 321 1439 eum
341 1399 381 1437 in
404 1400 439 1437 se
462 1400 600 1438 nullius
620 1411 850 1449 magnopere
872 1397 943 1435 fint
963 1398 1066 1439 usus;
1096 1409 1136 1435 ut
1160 1397 1307 1447 liquido
1330 1408 1512 1449 appareat,
1541 1410 1583 1434 ea
1602 1410 1685 1435 non

68 1455 224 1510 propter
243 1456 279 1494 le
294 1454 450 1506 quaesita
472 1455 562 1496 effe5
592 1454 716 1491 sedita
735 1453 884 1505 prorsus
905 1453 940 1490 se
960 1453 1096 1490 habere
1111 1454 1176 1490 illa
1195 1453 1241 1490 ad
1258 1464 1315 1488 res
1337 1454 1374 1489 δε
1397 1464 1522 1502 opera,
1553 1465 1684 1500 quem-

69 1512 280 1551 admodum
301 1513 428 1548 literae
444 1510 628 1561 alphabeti
648 1508 684 1546 se
698 1510 860 1547 habeant
879 1508 925 1545 ad
941 1509 1158 1545 orationem
1182 1510 1220 1544 δε
1234 1508 1365 1545 vei-ba:
1396 1519 1490 1556 quae
1511 1508 1599 1544 licet
1619 1519 1686 1557 per

69 1567 106 1606 se
121 1567 281 1614 inutiles,
312 1566 464 1603 eaedem
479 1576 609 1603 tamen
625 1567 753 1603 omnis
769 1564 954 1602 sermonis
969 1564 1157 1600 elementa
1172 1562 1270 1601 sunt.

97 1638 100 1640 ’
124 1620 344 1661 luder-estu
360 1629 487 1658 autem
511 1621 774 1658 narrationum
799 1622 836 1658 &
855 1617 1201 1669 experimentorum
1226 1618 1363 1655 melius
1385 1618 1606 1655 hominibus
1630 1630 1686 1655 ea-

69 1678 155 1719 viffc
176 1690 246 1715 nos
262 1677 498 1724 arbitramur,
528 1688 642 1726 quam
658 1678 723 1724 qui
739 1675 859 1713 adhuc
879 1674 917 1712 in
932 1673 1081 1711 historia
1101 1675 1263 1711 naturali
1278 1671 1410 1711 versati
1430 1672 1523 1710 siint.
1583 1675 1686 1711 Nam

68 1734 201 1773 omnia
222 1732 294 1770 side
317 1733 476 1779 oculata,
515 1742 578 1770 aut
603 1731 731 1769 saltem
756 1730 943 1782 perspeeia
968 1731 1003 1767 &
1024 1729 1171 1767 summa
1193 1728 1355 1780 quadam
1382 1741 1469 1765 cum
1494 1727 1688 1766 severitate

69 1790 293 1838 recipimus:
331 1788 382 1824 ita
408 1797 451 1825 ut
476 1786 530 1824 nil
551 1787 731 1825 referatur
758 1786 908 1824 austum
930 1782 1095 1822 miraculi
1120 1784 1236 1831 causa,
1276 1782 1339 1820 sed
1364 1796 1457 1835 quae
1484 1795 1688 1830 narramus,

79 1844 247 1882 afabulis
264 1845 300 1881 ὅ(
318 1841 480 1881 vanitate
501 1843 591 1880 casta
612 1845 648 1880 δε
665 1844 887 1879 intemerata
906 1839 987 1877 fint.
1042 1837 1265 1892 Quinetiam
1288 1841 1326 1876 &
1350 1849 1496 1891 recepta
1517 1850 1688 1886 quaeque

71 1912 114 1938 ae
134 1899 263 1946 jastata
283 1898 476 1935 mendacia
500 1897 608 1947 (quae
629 1895 789 1934 mirabili
813 1896 982 1945 quodam
1003 1895 1175 1944 neglceiu
1195 1907 1260 1944 per
1284 1894 1427 1931 saecula
1446 1896 1566 1931 multa
1590 1895 1687 1930 obti-

70 1958 237 1993 n'uerunt
252 1956 289 1991 ὃς
311 1952 514 1990 inveterata
529 1953 627 2001 sunt)
651 1951 880 1989 nominatim
896 1950 1160 2003 proscribimus
1180 1953 1215 1986 &
1236 1959 1426 1995 notamus,
1456 1961 1504 1985 ne
1520 1947 1685 1985 scientiis

70 2011 231 2060 amplius
251 2008 404 2045 molesta
430 2007 510 2046 siut.
566 2008 685 2061 Qiod
713 2009 817 2045 enim
838 2007 1042 2057 prudenter
1055 2004 1318 2042 animadvertit
1337 2004 1514 2056 quidam3
1544 2003 1685 2040 fabulas

26 2074 29 2077 ·
70 2061 414 2115 &superstitiones
454 2067 491 2101 ὃ(
514 2076 643 2114 nugas,
672 2075 761 2112 quas
782 2061 987 2100 nutriculae
1012 2059 1134 2111 pueris
1155 2061 1346 2106 instillant,
1383 2070 1530 2097 mentes
1551 2070 1688 2096 eorum

71 2119 184 2158 ctiam
207 2119 304 2157 serio
326 2120 544 2171 depravare:
583 2121 633 2156 ita
656 2119 787 2156 eadem
815 2130 885 2155 nos
907 2115 1028 2154 movit
1057 2118 1166 2162 ratio,
1204 2125 1245 2153 ut
1271 2115 1409 2152 soliciti
1435 2125 1545 2162 atque
1574 2112 1686 2150 etiam

71 2173 167 2212 anxii
190 2173 313 2221 fimus,
343 2187 391 2211 ne
407 2175 452 2211 ab
473 2175 598 2221 initio,
628 2186 716 2211 cum
735 2172 850 2211 veluti
875 2172 1073 2209 infantiam
1089 2170 1348 2221 philosophiae
1372 2169 1437 2207 sub
1453 2170 1602 2207 historia
1625 2180 1687 2205 na-

71 2231 182 2268 turali
207 2230 405 2266 trastemus
421 2232 458 2266 &
482 2241 665 2275 curemus,
695 2230 758 2265 illa
776 2227 884 2265 alicui
899 2225 1052 2265 vanitati
1075 2225 1257 2263 ass'uescat.
1314 2226 1370 2261 At
1388 2227 1428 2261 in
1451 2223 1559 2261 omni
1580 2235 1685 2272 expe-

72 2286 243 2323 rimento
262 2296 369 2323 novo
394 2287 430 2322 ὃ(
450 2285 563 2334 paulo
587 2282 794 2329 subtiliore,
823 2285 909 2319 lieet
936 2282 991 2327 (ut
1006 2281 1118 2318 nobis
1141 2280 1302 2328 videtur)
1320 2290 1427 2317 certo
1445 2292 1486 2316 ae
1510 2278 1684 2330 probato,

72 2341 236 2377 modum
259 2350 389 2376 tamen
409 2340 670 2389 experimenti,
708 2351 787 2390 quo
811 2336 861 2375 usi
882 2337 1018 2382 summ,
1048 2344 1173 2387 aperte
1193 2334 1472 2383 subjungimus:
1512 2344 1564 2380 ut,
1594 2334 1687 2385 post·

73 2407 188 2445 quam
208 2395 433 2447 patefactum
454 2393 508 2442 fit,
545 2395 746 2443 quomodo
768 2391 908 2442 singula
927 2390 1035 2428 nobis
1055 2389 1299 2436 constiterint,
1330 2389 1482 2427 videant
1508 2389 1687 2426 homines

74 2450 166 2500 quid
189 2453 323 2488 erroris
338 2449 475 2487 subesse
500 2453 536 2487 ὃς
555 2450 754 2487 adhaerere
778 2444 912 2498 poffit3
943 2457 1052 2495 atque
1076 2446 1121 2482 ad
1136 2444 1376 2497 probationes
1399 2446 1516 2494 magis
1536 2443 1625 2480 fidas
1648 2447 1686 2481 δε

75 2503 192 2556 magis
221 2503 412 2557 exquisitas
444 2503 482 2552 (fi
511 2518 604 2554 quae
632 2503 716 2552 fint)
748 2501 1069 2555 expergiscantur:
1108 2499 1282 2551 Denique
1311 2500 1450 2548 ubique
1477 2498 1625 2536 monita
1654 2502 1691 2536 δε

75 2560 280 2612 scrupulOS,
309 2563 346 2598 &
361 2563 554 2598 cautiones
570 2558 806 2610 aspergimus,
828 2559 1013 2608 religione
1028 2557 1200 2608 quadam,
1231 2558 1267 2592 ὃ(
1283 2566 1461 2603 tanquam
1478 2553 1690 2591 exorcismo

76 2618 207 2654 omnia
220 2614 475 2668 phantasmata
490 2617 681 2661 ejicientes
695 2627 737 2652 ac
752 2614 986 2653 cohibentes.

129 2673 405 2717 POSTREMO,
443 2683 529 2708 cum
554 2671 665 2707 nobis
690 2671 926 2722 exploratum
950 2667 1004 2714 sit,
1043 2677 1279 2715 quantopere
1316 2667 1544 2715 experientia
1569 2667 1605 2702 ἃ
1634 2664 1687 2701 hi-

76 2725 186 2764 storia
209 2727 329 2764 aciem
345 2728 484 2763 mentis
504 2726 689 2763 humanae
708 2725 916 2775 disgregess
945 2726 981 2760 ὃ(
998 2734 1110 2771 quam
1121 2719 1276 2759 difficile
1296 2719 1337 2758 fit
1364 2720 1594 2773 (praesertim
1611 2722 1687 2756 ani-

75 2782 148 2819 mis
177 2781 236 2819 vel
266 2783 418 2829 teneris,
462 2782 522 2819 vel
551 2779 839 2832 praeoccupatis)
880 2792 899 2815 a
928 2777 1112 2829 principio
1150 2789 1236 2814 cum
1266 2786 1397 2813 natura
1426 2775 1690 2816 coniuesccrc5

78 2837 316 2886 adjungimus
346 2837 485 2888 saepius
517 2836 795 2874 observationes
823 2834 975 2880 nostras,
1015 2843 1195 2880 tanquam
1223 2834 1361 2882 primas
1389 2831 1566 2879 quasdam
1596 2842 1685 2867 con-

76 2889 260 2930 versiones
288 2893 325 2929 &
345 2893 623 2937 inclinationes,
660 2904 700 2928 ac
725 2892 839 2930 veluti
858 2889 1020 2939 aspectus
1046 2888 1214 2925 historiae
1243 2888 1287 2924 ad
1311 2886 1608 2939 philolophiam:
1647 2898 1687 2921 ut

78 2945 115 2984 δε
137 2947 305 2996 pignoris
325 2947 414 2984 loco
434 2947 654 2984 hominibus
673 2945 755 2993 finr,
786 2958 851 2982 eos
875 2943 911 2980 in
933 2941 1103 2980 historiae
1128 2943 1299 2982 fluCtibus
1318 2953 1499 2994 perpetuo
1523 2953 1603 2978 non
1625 2942 1683 2976 dc·-

77 3011 205 3039 tentos
229 3000 296 3041 iri;
325 3011 454 3051 utque,
483 3014 571 3039 cum
590 3002 635 3038 ad
656 3014 751 3051 opus
776 3000 985 3037 intellectus
1005 2999 1235 3045 deveniatur‚
1266 3000 1397 3034 omnia
1418 2995 1486 3033 sint
1508 2997 1624 3044 magis
1648 2995 1685 3029 in

78 3054 283 3107 procine‘tu.
340 3057 469 3108 Atque
498 3069 563 3109 per
594 3056 810 3104 huiusmodi
842 3056 1008 3103 (qualem
1038 3053 1293 3100 describimus)
1325 3053 1515 3090 historiam
1544 3060 1688 3087 natura«

134 3112 242 3151 VOL.
273 3111 300 3148 I.
852 3113 885 3145 (γὲ
1600 3105 1689 3146 lum,

1777 209 1843 268 17
