2040 3439
95 170 192 224 374

602 145 931 195 NOVUM
1001 144 1491 190 ORGANUM.
1698 141 1877 191 -Lib.11.'

273 246 326 288 Tad'
345 254 503 288 omnem
522 244 772 285 diversitatem
794 240 1072 282 consistentiam
1102 250 1143 278 ut
1164 240 1269 291 ligni,
1298 241 1400 288 ferri,
1426 240 1586 290 plumbi,
1613 239 1741 290 panni,
1757 243 1878 276 mein-

278 295 428 351 branac,
458 306 526 340 &o
557 305 597 339 in
616 301 763 349 quibus,
792 296 935 347 singula
964 307 1124 346 corpora
1143 295 1225 334 suae
1241 296 1379 334 habent
1398 292 1640 333 dimensionis
1656 293 1858 331 modulum
1868 311 1880 338 ;

281 355 320 398 ’δε
347 362 393 398 ab
422 370 470 396 eo
489 368 598 406 aegre
624 355 670 392 ad
691 352 847 404 spatium
867 351 1020 403 aliquod
1039 350 1207 388 notabile
1233 351 1480 403 abripiuntur.
1535 351 1680 387 Verum
1698 349 1786 396 quia
1800 359 1882 386 mo-

281 428 339 453 tus
361 414 422 452 iste
451 412 630 449 libertatis
653 410 831 447 omnium
863 407 912 444 cst
927 407 1090 443 maxime
1106 405 1249 453 obvim,
1279 410 1316 445 ὅ(
1332 406 1377 443 ad
1391 404 1535 442 infinita
1552 402 1886 453 {pestans,c0121h1-

276 475 365 508 {um
386 468 497 506 fuerit
522 478 611 503 eum
640 465 736 502 bene
756 466 794 501 &
812 460 1000 512 perspicue
1025 459 1259 511 distinguere.
1317 460 1484 513 Quidam
1514 459 1617 496 enim
1641 458 1746 495 valde
1770 456 1887 507 neglis-

281 531 415 567 aenter
435 520 678 558 confundunt
698 519 799 556 hunc
815 527 966 554 motum
982 527 1071 553 cum
1086 517 1246 565 gemino
1259 516 1330 553 illo
1343 525 1454 553 motu
1472 513 1674 563 antitypiae
1695 514 1730 549 ὃ(
1746 523 1860 550 nexus
1874 526 1886 554 ς

280 566 551 617 liberationem
580 573 715 612 scilicet
743 586 763 610 a
786 572 955 622 pressura,
984 583 1072 609 cum
1101 581 1212 609 motu
1240 569 1459 621 antitypiae;
1488 569 1787 615 atensura‚cum
1805 578 1887 605 mo-

278 644 322 671 tu
340 644 480 670 nexus:
510 643 550 668 ac
579 628 604 666 fi
632 630 720 667 ideo
743 628 919 665 cederent
941 636 1002 663 aut
1021 625 1055 663 se
1078 625 1278 663 dilatarent
1292 637 1454 677 corpora
1473 624 1689 674 compressa,
1705 633 1753 659 ne
1763 620 1887 670 seque—

279 699 382 726 retur
410 686 621 737 penetratio
647 681 926 721 dimensionum
944 698 957 723 3
988 680 1075 717 ideo
1102 678 1282 717 resilirent
1303 683 1340 717 ὅ(
1373 680 1637 717 contraherent
1668 677 1703 714 se
1730 688 1890 727 corpora

281 742 396 788 tensa,
426 754 474 779 ne
503 741 719 789 sequeretur
737 750 908 775 vacuum.
965 737 1087 785 Atqui
1118 734 1142 772 si
1159 737 1218 772 a‘er
1238 734 1462 787 compressus
1478 734 1513 771 se
1538 735 1651 772 vellet
1668 733 1831 782 recipcre
1849 729 1890 769 in

278 796 500 835 densitatem
521 807 647 844 aquae,
676 804 739 832 aut
761 794 909 842 lignum
937 792 981 828 in·
997 789 1216 829 densitatem
1237 789 1378 840 lapidis,
1408 791 1463 826 nil
1484 801 1578 839 opus
1603 789 1703 825 foret
1723 796 1890 844 penetra-

280 852 387 890 tione
401 849 679 888 dimensionum
695 866 705 893 ;
735 851 770 885 ὅ(
791 847 1043 885 nihilominus
1057 847 1316 895 longe-major
1339 844 1456 895 posset
1471 845 1540 881 effe
1565 839 1795 892 eomprcsslo
1809 839 1892 878 illo-

282 918 380 954 rum,
410 919 523 955 quam
545 905 606 942 illa
625 906 706 942 ullo
722 904 842 941 modo
869 903 1071 952 patiuntur.
1128 900 1274 938 Eodem
1290 900 1413 938 modo
1432 898 1458 937 fi
1479 911 1573 948 aqua
1593 898 1626 936 se
1645 899 1800 935 dilatare
1818 897 1894 936 ve}-

281 965 335 1000 let
361 965 400 999 in
427 963 617 998 raritatem
645 961 749 1006 aeris,
778 969 840 996 aut
874 954 963 1006 lapis
986 958 1027 993 in
1054 954 1243 993 raritatem
1263 957 1371 1005 ligni,
1400 967 1483 993 non
1511 966 1606 1006 opus
1628 953 1728 990 foret
1747 962 1892 994 vacu03

283 1021 321 1055 δε
342 1009 469 1055 tamen
492 1017 607 1064 longe
628 1015 748 1059 major
777 1012 894 1065 poss'et
914 1012 994 1048 fieri
1015 1009 1180 1048 extensio
1194 1023 1342 1056 eorum,
1371 1023 1485 1059 quam
1501 1011 1564 1046 illa
1579 1010 1660 1046 ullo
1674 1006 1796 1045 modo
1804 1007 1896 1056 pati-

283 1083 410 1110 untur.
466 1072 594 1119 Itaque
611 1082 691 1107 non
713 1066 898 1105 reducitur
919 1078 975 1104 res
991 1066 1035 1103 ad
1050 1067 1353 1116 penetrationem
1369 1062 1650 1102 dimensionum
1669 1065 1706 1100 ὅ(
1720 1072 1893 1108 vacuum,

284 1125 354 1164 nisi·
373 1128 413 1163 in
431 1124 694 1163 ultimitatibus
710 1122 1016 1160 condensationis
1032 1119 1071 1157 &
1100 1119 1350 1158 rarefaffionis
1365 1139 1379 1164 ,-
1409 1132 1496 1158 cum
1529 1131 1659 1157 tamen
1683 1116 1736 1156 isti
1764 1127 1894 1154 motus

283 1185 401 1227 longe
423 1183 515 1218 citra
543 1192 604 1217 eas
625 1177 742 1216 sistant
764 1181 801 1215 ὅ(
821 1176 1011 1214 versentur
1032 1190 1047 1217 ἃ
1071 1187 1194 1225 neque
1216 1176 1315 1212 aliud
1332 1174 1414 1222 sint,
1442 1187 1556 1224 quam
1571 1172 1748 1212 desideria
1761 1183 1896 1224 corpo-

283 1224 373 1274 runi
396 1233 695 1283 consti-vandise
725 1232 763 1270 in
792 1230 1035 1270 consistentiis
1052 1230 1135 1278 suis,
1166 1228 1261 1277 (five,
1290 1229 1316 1267 si
1337 1232 1484 1275 malint,
1515 1232 1556 1267 in
1570 1230 1705 1266 formis
1723 1227 1809 1275 suis)
1826 1238 1896 1265 nec

283 1293 331 1329 ab
351 1293 397 1329 iis
420 1290 618 1327 recedendi
634 1288 770 1334 subito,
799 1285 865 1325 nisi
890 1299 954 1337 per
969 1286 1108 1324 modos
1128 1285 1264 1333 suaveS,
1295 1298 1336 1323 ac
1355 1298 1419 1335 per
1434 1284 1659 1323 consensum
1679 1285 1896 1322 alter-entur.

284 1347 342 1384 At
370 1348 487 1395 longe
509 1346 627 1394 magis
647 1343 889 1382 necessarium
912 1340 973 1389 est,
1005 1340 1110 1391 (quia
1125 1342 1245 1378 multa
1260 1340 1385 1379 secum
1407 1338 1538 1389 trahit)
1555 1351 1596 1378 ut
1616 1341 1814 1378 intimetur
1826 1338 1898 1375 ho-

284 1402 456 1439 minibus
480 1410 629 1438 motum
658 1400 885 1444 violentum,
917 1397 1045 1445 (quem
1061 1408 1132 1434 nos
1161 1396 1451 1437 mechanicum3
1480 1397 1736 1442 Democritus,
1764 1393 1829 1443 qui
1857 1396 1900 1432 in

287 1456 458 1494 motibus
488 1454 559 1491 suis
589 1456 721 1504 primis
750 1452 986 1505 expediendis
1008 1453 1121 1489 etiam
1148 1451 1246 1488 infra
1260 1452 1471 1489 mediocres
1491 1450 1738 1500 philosophos
1757 1448 1900 1503 ponen-

286 1512 357 1549 dus
378 1509 438 1557 cst,
467 1521 618 1547 motum
645 1511 772 1561 plagae
791 1506 954 1557 vocavit)
985 1506 1038 1544 nil
1067 1507 1166 1544 aliud
1187 1506 1256 1544 effe
1277 1519 1392 1556 quam
1418 1517 1570 1543 motum
1594 1506 1786 1553 libertatis,
1809 1505 1902 1544 scili-

286 1577 347 1604 cet
373 1579 394 1603 a
415 1561 693 1615 compressione
716 1564 761 1601 ad
790 1561 1069 1601 relaxationem.
1125 1561 1275 1599 Etenim
1303 1561 1342 1598 in
1358 1563 1468 1598 omni
1488 1559 1558 1599 five
1585 1558 1738 1612 simplici
1752 1572 1901 1611 protru-

287 1620 403 1667 sione,
433 1619 503 1658 five
536 1621 664 1658 volatu
694 1631 757 1670 per
776 1621 914 1664 aerem,
945 1629 1023 1655 non
1044 1617 1085 1654 fit
1107 1615 1317 1654 summotio
1344 1628 1406 1653 aut
1428 1618 1519 1653 latio
1539 1615 1678 1662 localis,
1698 1626 1901 1666 antequam

288 1687 410 1728 partes
433 1676 601 1727 corporis
631 1675 994 1726 praeternaturaliter
1024 1673 1211 1723 patiantur
1227 1675 1263 1709 ὃ(
1279 1670 1575 1723 comprimantur
1599 1671 1644 1707 ab
1666 1672 1899 1721 impellente.

289 1733 392 1768 Tum
415 1743 509 1767 vero
536 1731 700 1779 partibus
721 1728 800 1766 aliis
830 1729 917 1765 alias
937 1740 1001 1777 per
1019 1723 1288 1764 successionem
1318 1727 1569 1771 trudentibus,
1597 1725 1716 1762 fertur
1750 1737 1900 1769 totum;

293 1798 366 1822 nec
392 1786 513 1822 solum
549 1783 841 1835 progrediendo,
872 1783 933 1819 sed
960 1781 1072 1818 etiam
1105 1781 1267 1818 rotando
1295 1779 1430 1825 simul;
1468 1791 1509 1818 ut
1538 1779 1650 1817 etiam
1678 1780 1753 1818 hoc
1780 1783 1904 1821 modo

291 1851 413 1891 partes
438 1840 472 1877 se
499 1839 668 1884 liberare,
698 1848 760 1875 aut
777 1839 893 1887 magis
905 1850 947 1874 ex
973 1848 1096 1885 aequo
1118 1837 1279 1874 tolerare
1293 1832 1435 1887 possint
1454 1851 1460 1873 :
1490 1835 1622 1884 Atque
1637 1835 1684 1872 de
1698 1835 1773 1874 hoc
1791 1847 1902 1876 motu

289 1896 475 1932 haftcnus.

344 1952 366 1987 S
381 1962 426 1987 ir
450 1960 576 1987 motus
597 1959 762 1999 quartus,
792 1959 919 1986 motus
938 1948 999 1985 cui
1021 1959 1166 1986 nomen
1186 1947 1343 1985 habetur
1366 1956 1493 1983 motus
1513 1947 1617 1996 hyles
1635 1961 1645 1985 ε
1671 1945 1748 1999 Qui
1776 1957 1905 1986 motus

290 2005 540 2055 antistrophus
563 2004 611 2042 est
635 2004 924 2053 quodammodo
947 2004 1084 2049 motui,
1113 2003 1160 2040 de
1188 2015 1267 2052 quo
1299 2003 1474 2048 diximus,
1503 2002 1693 2040 libertatis.
1747 2004 1903 2040 Etenim

290 2063 331 2097 in
354 2072 461 2098 motu
480 2062 659 2097 libertatis
675 2071 836 2108 corpora
855 2071 999 2096 novum
1019 2057 1247 2105 dimensum,
1278 2055 1348 2095 sive
1363 2068 1503 2094 novam
1519 2057 1720 2106 sphaeram,
1749 2055 1821 2096 sive
1836 2070 1907 2097 no-

291 2128 375 2152 vam
401 2114 664 2153 dilatationem
699 2125 761 2151 aut
784 2114 1097 2160 contractionem,
1129 2113 1231 2160 (haec
1255 2114 1359 2150 enim
1386 2114 1592 2149 verborum
1619 2115 1775 2150 varietas
1796 2113 1906 2151 ‘idem

292 2169 435 2217 innuit)
462 2171 676 2215 exhorrent,
707 2169 896 2218 respuunt,
926 2167 1088 2218 fugiunt,
1118 2170 1154 2205 &
1186 2165 1321 2205 resilire
1347 2179 1389 2205 ac
1426 2178 1590 2205 veterem
1631 2165 1906 2206 consistentiam

294 2237 511 2275 recuperare
539 2227 629 2261 totis
651 2224 789 2261 viribus
804 2224 1054 2261 contendunt.
1110 2223 1165 2260 At
1180 2233 1313 2260 contra
1335 2225 1375 2260 in
1395 2223 1469 2260 hoc
1489 2233 1601 2260 motu
1615 2223 1730 2271 hyles,
1745 2235 1908 2274 corpora

294 2293 430 2317 novam
464 2280 652 2330 sphaeram
674 2277 744 2316 sive
769 2278 985 2316 dimensum
1006 2288 1212 2331 appetunt3
1241 2289 1353 2327 atque
1382 2278 1425 2314 ad
1456 2278 1549 2315 illud
1576 2279 1737 2315 libenter
1758 2279 1795 2315 ὅ(
1822 2290 1908 2330 pro-

294 2346 412 2385 peres
423 2338 458 2373 δε
479 2336 707 2386 quandoque
725 2330 979 2372 valentissimo
1003 2335 1091 2371 nixu
1114 2332 1173 2383 (ut
1187 2335 1227 2370 in
1248 2335 1399 2383 pulvere
1420 2334 1542 2382 pyrio)
1560 2333 1728 2385 aspirant.
1772 2331 1908 2373 Inſtru-

294 2401 423 2428 menta
444 2401 568 2428 autem
590 2390 699 2434 hujus
719 2401 856 2436 motus,
886 2401 968 2426 non
988 2388 1065 2426 sola
1083 2398 1195 2435 certe,
1227 2388 1288 2425 sed
1316 2385 1584 2438 potentissima,
1615 2398 1676 2425 aut
1692 2387 1823 2425 saltem
1838 2388 1908 2426 fre-

297 2442 552 2492 quenrfflima,
596 2445 680 2482 sunt
720 2446 822 2481 calor
859 2446 895 2481 δε
923 2443 1049 2493 frigus.
1106 2445 1278 2495 Exempli
1303 2444 1439 2492 gratia:
1471 2443 1552 2479 Ae'r
1576 2441 1601 2479 si
1630 2455 1695 2494 per
1717 2442 1908 2481 tensuram

300 2500 417 2547 (velut
447 2513 511 2550 per
541 2500 778 2537 exactionem
810 2501 849 2536 in
881 2501 963 2536 ovis
997 2500 1138 2546 vitreis)
1169 2498 1357 2543 dilatetur,
1386 2509 1528 2546 magno
1556 2498 1700 2534 laborat
1727 2496 1908 2536 desiderio

299 2552 458 2602 seipsum
486 2555 712 2592 restituendi.
768 2555 824 2592 At
839 2554 998 2591 admoto
1021 2555 1157 2599 calore,
1187 2565 1208 2590 e
1232 2564 1364 2590 contra
1379 2554 1521 2602 appetit
1547 2551 1702 2597 dilatari,
1721 2554 1754 2589 ὅ(
1772 2565 1910 2592 concu-

297 2609 412 2656 piscet
434 2622 570 2647 novam
601 2609 802 2659 sphaeram,
832 2612 867 2647 δ(
891 2606 1017 2646 transit
1044 2610 1081 2645 ὅ(
1104 2609 1241 2658 migrat
1270 2609 1309 2644 in
1333 2609 1436 2645 illam
1464 2609 1636 2654 libenter,
1666 2618 1843 2658 tanquam
1868 2610 1910 2645 in

280 2675 441 2700 -novam
466 2664 630 2701 formam
657 2664 715 2714 (ut
731 2665 968 2714 loquuntur.)
1027 2665 1112 2701 Nec
1128 2662 1208 2712 post
1229 2663 1490 2700 dilatationem
1507 2663 1734 2700 nonnullam
1755 2662 1801 2698 de
1818 2663 1912 2700 redi-

300 2727 342 2753 tu
363 2728 476 2764 curat,
494 2718 557 2755 nisi
572 2731 637 2768 per
653 2719 956 2757 admonitionem
971 2719 1097 2768 frigidi
1113 2719 1158 2755 ad
1174 2730 1257 2755 cam
1272 2719 1451 2755 invitetur
1468 2731 1582 2766 squae
1598 2730 1679 2754 non
1695 2717 1833 2754 reditus
1848 2717 1910 2765 est,

300 2771 361 2808 sed
388 2772 650 2811 transmutatio
670 2774 834 2823 repetita.
891 2774 1039 2811 Eodem
1068 2774 1190 2810 modo
1207 2775 1242 2812 δ(
1263 2785 1366 2824 aqua,
1389 2771 1412 2809 fi
1432 2785 1497 2824 per
1510 2768 1830 2821 compressionem
1856 2785 1911 2809 ar-

300 2827 432 2872 ‹S’tetun
449 2829 680 2868 recalcitrat3
712 2832 748 2866 δε
771 2831 851 2868 vult
869 2829 948 2866 fieri
969 2829 1088 2878 qualis
1111 2828 1195 2874 fuit,
1224 2828 1361 2865 scilicet
1387 2829 1510 2864 latior.
1567 2828 1620 2863 At
1642 2825 1666 2862 fi
1687 2828 1912 2865 interveniat

301 2880 416 2930 frigus
432 2881 619 2918 intensum
646 2885 682 2919 ὃ(
705 2886 984 2931 continuatum,
1013 2893 1134 2920 mutat
1160 2883 1196 2920 se
1216 2883 1350 2933 sponte
1378 2883 1439 2919 sua
1459 2885 1496 2919 ὅ(
1516 2883 1674 2920 libenter
1692 2882 1730 2917 in
1745 2882 1912 2919 conden-

303 2935 483 2974 sationcm
504 2937 660 2986 glacieis
695 2949 804 2989 atque
823 2938 848 2976 si
868 2940 978 2990 plane
1003 2938 1252 2978 continuetur
1280 2936 1406 2988 frigus,
1435 2949 1504 2974 nec
1533 2949 1552 2972 a
1581 2936 1771 2986 teporibus
1799 2937 1912 2975 iuter-

1705 3001 1911 3041 rumpamr,
