2040 3439
82 212 228 261 Liui.
303 214 400 259 DE
452 208 944 262 AUGMENTIS
999 202 1610 260 SCIENTIARUM.

140 313 189 348 lu
201 323 224 347 τ
235 321 327 346 EMP
339 321 392 345 ER
405 320 419 345 1
430 319 474 344 ες
492 308 566 352 ista,
595 310 635 345 iri
656 309 798 346 luxurie
814 308 974 357 quadam
998 307 1182 344 orationis
1196 303 1259 342 sita
1282 306 1384 353 (licet
1399 305 1495 342 olim
1510 316 1576 355 per
1590 301 1687 343 vices

79 365 122 403 iii
142 367 265 415 pretio
290 363 410 400 habita
433 363 558 409 suerit)
576 364 672 399 circa
692 363 846 401 Luthcri
863 373 1034 412 tempora
1056 362 1160 398 miris
1175 361 1298 398 modis
1314 361 1482 404 invaluit.
1540 361 1582 402 In
1603 370 1688 403 cau-

82 421 116 459 sa
131 421 324 470 praecipue
349 419 433 465 suit,
462 418 566 466 quod
590 417 717 455 fervor
732 419 768 455 ὃ(
791 414 952 455 efficacia
971 418 1204 454 concionum
1225 426 1317 454 tunc
1331 416 1528 465 temporis,
1555 413 1602 452 ad
1620 426 1688 464 po·

83 478 214 528 pulum
235 473 527 510 demulcendum
548 475 584 510 ὅ(
609 473 849 510 alliciendum
871 473 1034 509 maxime
1058 471 1228 521 vigebat:
1265 471 1332 509 Illa
1356 480 1482 508 autem
1505 470 1689 522 populare

81 543 197 580 uerius
213 530 395 566 orationis
408 527 623 580 poscebant.
679 526 896 565 Accedebat
911 525 1042 568 odium
1066 528 1102 564 ὅ(
1117 536 1370 578 contemptus,
1400 526 1475 564 illis
1489 522 1572 575 ipsis
1591 533 1688 562 tem·

82 587 248 635 poribus,
276 595 381 621 ortus
401 595 488 632 erga
508 581 754 629 scholasticos,
784 585 850 631 qui
869 579 966 631 stylo
980 583 1017 622 ὅ(
1041 580 1227 618 scribendi
1241 593 1380 631 genere
1395 581 1595 624 utebantur
1615 579 1689 618 val-

81 642 129 678 de
149 640 308 684 diverso,
338 639 447 675 verba
470 639 626 674 licenter
641 638 850 676 admodum
872 637 1051 675 cudentes
1066 648 1165 673 nova
1188 639 1225 673 ὃ(
1240 635 1405 684 horrida,
1433 635 1480 673 de
1503 635 1690 679 orationis

83 707 219 733 ornatu
242 697 277 730 δ(
301 694 483 742 elegantia
498 705 628 741 parum
649 691 797 739 soliciti,
835 691 1051 729 dummodo
1073 692 1340 728 circuitionem
1361 690 1540 729 evitarent
1556 692 1593 728 ὅ(
1607 688 1687 733 sen-

85 752 143 788 sns
167 761 208 786 ac
233 759 435 799 conceptus
460 747 545 784 suos
564 758 669 784 acute
694 750 968 797 exprimerent:
997 756 1108 794 atque
1133 747 1222 784 hinc
1247 745 1386 784 fastum
1411 745 1472 792 est,
1510 755 1550 783 ut
1574 745 1689 796 paulo

84 803 219 857 postca,
259 805 378 843 maior
403 803 500 851 apud
525 804 712 854 plurimos
734 801 899 852 coeperit
923 801 1049 838 haberi
1074 801 1275 838 verborum
1297 808 1384 838 cura
1403 811 1517 848 quam
1538 810 1689 840 rerum3

82 859 266 913 plerisque
282 860 399 906 inagis
415 869 608 907 comptam
623 855 793 909 phrasim,
822 868 983 894 teretem
998 855 1212 904 periodum,
1241 854 1485 892 clausularum
1503 853 1688 903 rythmos,

83 925 283 968 troporum
301 914 480 952 stellula&
510 924 622 960 quani
644 913 791 961 pondus
806 924 943 957 rerum,
974 912 1168 948 rationum
1183 921 1330 955 nervos,
1361 908 1589 946 inventionis
1608 920 1692 946 acu-

85 982 187 1016 men,
217 981 277 1005 aut
300 968 424 1010 judieii
451 969 580 1004 limam
601 966 869 1004 affectantibus.
925 968 960 1003 T
964 977 1029 1002 um
1049 966 1205 1002 demum
1221 964 1351 1001 floruit
1376 963 1504 1002 Osorii
1527 961 1691 1001 Lusitani

83 1023 245 1076 episcopi
271 1025 511 1060 luxurians&
535 1022 651 1059 diluta
675 1024 811 1060 oratio.
867 1023 979 1059 Tunc
1003 1022 1188 1058 Sturmius
1209 1022 1249 1057 in
1272 1020 1462 1057 Cicerone
1482 1029 1632 1056 oratore
1652 1020 1691 1056 δε

84 1081 326 1128 Hermogene
348 1078 498 1116 rhetore
513 1076 703 1114 infinitam
723 1079 760 1114 δ(
774 1078 922 1113 anxiam
943 1087 1097 1127 operam
1118 1072 1357 1124 consumpsit.
1415 1076 1528 1111 Tunc
1552 1074 1692 1110 Carrus

83 1137 121 1178 ἀ
136 1131 343 1170 Asehamus
359 1133 453 1182 apud
469 1145 552 1179 nos,
581 1133 893 1184 praelcfftionibus
916 1134 953 1169 δὲ
969 1131 1110 1181 scriptis
1126 1129 1197 1167 suis
1220 1129 1450 1168 Ciceronem
1467 1131 1503 1167 &
1517 1128 1692 1166 Demost-

82 1190 221 1228 henem
241 1187 355 1236 nsque
381 1188 424 1224 ad
452 1189 602 1224 coelum
628 1187 840 1233 evehentes,
877 1187 1028 1231 juvenes
1050 1186 1094 1222 ad
1118 1187 1284 1237 politum
1308 1184 1383 1222 lioc
1405 1187 1441 1222 ὃ(
1462 1184 1602 1221 florens
1624 1183 1691 1220 do-

83 1245 224 1282 &trinae
249 1256 364 1293 genus
388 1244 606 1280 invitarunt.
661 1244 771 1279 Tunc
797 1241 968 1278 Erasmus
988 1241 1142 1292 arripuit
1167 1239 1291 1277 ansam
1317 1239 1584 1277 introducendi
1606 1239 1692 1276 ridi-

85 1301 210 1336 culam
233 1300 335 1335 illam
362 1298 468 1343 celio,
498 1296 652 1335 ‘Decem
674 1307 794 1334 annos
817 1293 1022 1348 consstmpst
1039 1296 1080 1332 in
1100 1292 1254 1347 legendo
1275 1293 1478 1332 Cicerone:
1507 1295 1567 1330 cui
1593 1293 1692 1330 echo

84 1353 290 1403 respondit,
329 1365 415 1395 one,
443 1351 550 1389 asine.
609 1351 920 1389 Scholasticorum
944 1363 1037 1389 vero
1056 1351 1227 1387 doctrina
1252 1349 1436 1399 despeciui
1459 1348 1609 1398 prorsus
1631 1348 1693 1387 ha-

87 1411 163 1446 beri
178 1410 315 1459 eoepit,
344 1418 520 1457 taziqiiaiii
545 1406 667 1458 aspera
683 1410 719 1444 δ(
743 1407 917 1444 barbara:
947 1407 1124 1453 Denique
1139 1415 1180 1442 ut
1200 1403 1314 1441 semel
1328 1403 1464 1450 dicam,
1494 1406 1691 1452 praecipua

86 1464 242 1502 illorum
265 1473 482 1510 temporum
498 1461 695 1499 inclinatio
719 1464 755 1499 3<
770 1461 944 1507 studium,
972 1462 1102 1513 potius
1116 1460 1161 1496 ad
1181 1461 1330 1509 copiam
1345 1469 1460 1507 quani
1483 1458 1527 1495 ad
1543 1459 1694 1508 pondus

90 1517 252 1557 deflexit.

139 1574 233 1610 Hic
246 1574 371 1620 itaque
386 1583 539 1608 cernere
557 1571 605 1608 est
621 1572 781 1621 primani
797 1571 992 1608 literarum
1007 1569 1285 1621 intemperiem,
1305 1579 1438 1617 quum,
1465 1577 1507 1606 ut
1520 1567 1698 1615 diximus,

88 1628 212 1666 verbis
233 1626 396 1664 studetur
415 1638 496 1663 non
522 1627 655 1664 rebus:
691 1628 796 1670 cujus
819 1623 884 1663 etsi
904 1638 924 1662 e
944 1625 1084 1664 citimis
1105 1633 1257 1662 tantum
1276 1623 1512 1672 temporibus
1530 1624 1697 1673 protule-

89 1684 163 1721 rim
185 1683 365 1731 exempla,
393 1691 521 1718 tamen
537 1681 742 1719 secundum
766 1682 884 1727 majus
899 1684 936 1719 ὅ(
961 1683 1099 1727 minus,
1129 1682 1165 1717 ὃ(
1181 1680 1276 1716 olim
1300 1679 1518 1729 placuerunt
1534 1679 1611 1723 ejus
1633 1690 1695 1728 ge-

88 1739 190 1779 neris
213 1738 387 1788 ineptiae,
415 1739 451 1774 &
472 1737 648 1789 deinceps
666 1737 876 1786 placebunt.
928 1735 1014 1789 Jam
1036 1747 1128 1773 vero
1150 1734 1230 1772 fieri
1244 1746 1326 1771 non
1349 1733 1479 1783 potest,
1508 1734 1602 1782 quiri
1621 1733 1697 1775 hoc

90 1792 224 1843 ipsum,
252 1793 417 1829 multum
431 1791 539 1829 faciat
554 1793 599 1828 ad
614 1793 806 1829 doctrinae
822 1791 1133 1828 existimationem
1149 1789 1396 1827 minuendam
1411 1791 1448 1826 δε
1465 1786 1697 1835 elevandam,

93 1847 207 1886 etiam
230 1847 328 1896 apud
346 1848 476 1895 vulgus
497 1846 726 1896 imperitum,
755 1859 842 1884 cuni
856 1847 1006 1884 videant
1030 1846 1232 1883 donorum
1256 1844 1399 1896 scripta,
1427 1854 1606 1891 tanquam
1626 1843 1699 1892 pri-

90 1915 198 1941 mam
218 1903 367 1939 literam
382 1900 609 1952 diplomatis,
638 1914 733 1950 quae
749 1903 918 1950 quamvis
940 1903 1048 1939 variis
1063 1901 1195 1937 calami
1210 1900 1380 1937 ductibus
1400 1901 1437 1936 ὅ(
1453 1897 1616 1936 flosculis
1636 1910 1695 1936 va-

92 1959 234 2008 riegata
251 1954 304 2001 sit,
336 1958 440 1994 litera
462 1968 589 1994 tamen
604 1957 653 1994 est
678 1956 795 1994 unica.
858 1957 915 1993 Ac
937 1956 1029 1994 mihi
1052 1955 1134 1992 sane
1156 1954 1301 1992 videtur
1319 1950 1550 2006 perappofita
1570 1952 1693 1996 hujus·

92 2025 136 2051 ee
159 2013 331 2051 vanitatis
352 2012 602 2058 adumbratio,
632 2015 669 2050 δε
694 2010 794 2061 quasi
813 2012 1013 2058 emblema,
1044 2011 1308 2059 Pygmaleonis
1327 2010 1391 2046 illa
1410 2008 1574 2049 insania3
1603 2008 1697 2056 quid

93 2069 199 2106 enim
211 2066 311 2104 aliud
329 2066 411 2104 sunt
425 2068 546 2114 vei-ba,
566 2079 680 2116 quam
695 2065 874 2116 imagines
889 2079 1026 2112 rerum,
1046 2076 1086 2104 ut
1102 2063 1171 2103 nisi
1186 2066 1377 2110 rationum
1388 2065 1519 2114 vigore
1533 2063 1697 2104 animata

93 2121 175 2168 sint,
203 2122 373 2159 adamare
389 2123 452 2159 illa
467 2123 568 2159 idem
584 2120 637 2169 iit,
666 2135 708 2160 ac
722 2122 875 2160 statuam
890 2122 1080 2172 deperire?

148 2179 186 2216 N
200 2188 323 2227 eque
347 2187 475 2213 tamen
500 2188 642 2214 temere
664 2178 923 2214 damnandum
946 2177 1005 2223 est,
1043 2174 1068 2215 fi
1093 2176 1176 2224 quis
1200 2173 1457 2227 philosophiae
1480 2171 1637 2212 obscura
1660 2174 1699 2210 &

95 2232 230 2285 aspera,
259 2233 463 2269 rethor-iim
480 2231 675 2280 splendore
691 2232 844 2268 illustret
871 2234 907 2268 ὃ(
923 2230 1104 2283 expoliat:
1133 2231 1253 2273 Hujus
1279 2228 1381 2266 enim
1396 2228 1450 2265 rei
1476 2238 1613 2276 magna
1636 2227 1699 2264 ad-

96 2288 181 2327 sunt
201 2288 371 2335 exempla
397 2288 436 2322 in
458 2288 727 2336 Xenophonte,
758 2285 958 2331 Cicerone,
990 2287 1138 2330 Seneca,
1168 2283 1382 2329 Plutarcho,
1411 2281 1565 2332 ipsoque
1584 2282 1702 2322 etiam

96 2345 252 2382 Platone
267 2357 274 2377 2
295 2353 363 2378 nec
379 2343 507 2378 minor
523 2343 570 2378 est
583 2343 733 2379 utilitas.
789 2343 970 2393 Quamvis
985 2341 1088 2377 enim
1104 2339 1328 2388 diligentem
1344 2336 1420 2374 veri
1433 2337 1701 2386 cognitionem

95 2409 207 2448 atque
230 2409 311 2433 acre
326 2395 485 2433 studium
510 2397 769 2448 philosophiae
791 2408 848 2433 res
862 2396 952 2433 haec
965 2393 1145 2432 nonnihil
1171 2392 1364 2443 impediat,
1390 2391 1575 2440 quoniam
1598 2403 1701 2444 prae-

95 2465 254 2506 propere
270 2464 438 2488 iiiciitcm
455 2451 640 2502 consopit,
669 2462 779 2500 atque
801 2452 991 2488 ulterioris
1006 2447 1270 2498 disquisitionis
1283 2445 1382 2484 fitim
1396 2448 1434 2489 ὀί
1447 2446 1624 2487 ardorem
1643 2458 1699 2484 re-

96 2507 270 2559 stingui13
299 2505 322 2543 ii
338 2508 420 2555 quis
435 2518 562 2544 tamen
578 2507 791 2544 doctrinam
807 2506 851 2544 ad
870 2504 953 2543 usus
967 2506 1094 2543 civiles
1107 2503 1279 2541 adhibeat
1296 2501 1588 2550 (sermocinandi
1602 2501 1702 2541 vide·

97 2564 198 2611 licet,
225 2561 458 2609 consulendi,
479 2561 668 2608 suadendi,
697 2559 984 2611 argumentandi
997 2562 1033 2597 δ(
1048 2557 1225 2597 similium
1238 2559 1262 2604 3)
1292 2557 1435 2604 omnia,
1455 2568 1550 2606 quae
1564 2557 1703 2610 cupiat,

98 2628 309 2673 praeparata
334 2620 370 2654 ἃ
391 2617 571 2656 adornata
594 2619 633 2654 iii
654 2616 869 2663 huiuiiiiodi
889 2615 1109 2654 authoribus
1129 2615 1298 2665 reperiet.
1353 2612 1614 2653 Veruntamen
1634 2611 1702 2652 hu-

98 2673 197 2720 jusce
217 2674 269 2710 rei
286 2671 441 2709 exccss'us
460 2673 556 2709 adeo
576 2673 662 2717 juste
684 2673 956 2718 contemnitur,
986 2680 1029 2708 ut
1051 2667 1373 2719 quemadmodum
1392 2667 1584 2714 Hercules,
1613 2679 1704 2710 curii

97 2729 241 2767 videret
256 2729 294 2764 in
311 2729 456 2776 templo
471 2727 623 2764 statuam
641 2727 830 2765 Adonidis
847 2727 1019 2773 (Veneris
1028 2724 1261 2771 deliciarum)
1278 2721 1583 2772 indignabundus
1595 2721 1704 2770 dixit,

103 2782 187 2824 Nil
197 2781 306 2834 sacri
329 2794 389 2821 ιτς
418 2784 468 2819 ita
494 2794 629 2820 omnes
649 2783 823 2819 Herculei
851 2783 1042 2818 literarum
1059 2780 1213 2831 pugiles,
1241 2778 1280 2822 'id
1303 2775 1366 2824 est,
1394 2774 1569 2816 laboriosi
1592 2786 1705 2827 atque

100 2839 310 2879 constantes
333 2838 569 2886 indagatores
582 2838 760 2884 veritatis,
787 2835 1003 2882 hujusmodi
1025 2835 1176 2878 delicias
1190 2836 1228 2872 &
1242 2831 1418 2881 lauticias,
1446 2843 1628 2882 tanquam
1647 2832 1704 2871 nil

101 2895 219 2932 divini
236 2892 422 2944 spirantes,
449 2891 557 2930 facile
573 2891 787 2941 spreverint.

155 2950 218 2987 ΡΑ
230 2959 321 2986 uro
347 2947 464 2985 sanius
481 2946 530 2984 est
551 2947 652 2984 aliud
666 2945 746 2996 styli
761 2957 890 2996 genus,
917 2956 1042 2993 neque
1057 2954 1184 2982 tamen
1205 2942 1326 2994 ipsum
1341 2943 1508 2986 omnino
1531 2940 1705 2981 vanitatis

95 3016 240 3056 expers,
270 3003 374 3052 quod
387 3004 517 3054 copiae
545 3003 600 3039 illi
617 3003 831 3040 &luxuriae
848 3001 1046 3046 orationis,
1075 3009 1248 3049 tempore
1274 2998 1354 3038 fere
1379 2997 1552 3037 succedit.
1609 2996 1708 3036 Illud

102 3070 229 3098 totum
245 3059 281 3096 iri
299 3070 346 3096 eo
359 3058 418 3106 est,
440 3068 481 3095 ut
497 3058 605 3096 verba
617 3055 685 3095 sint
701 3057 877 3104 aculeata,
897 3054 1106 3095 sententiae
1119 3053 1300 3101 concisae,
1320 3054 1446 3095 oratio
1459 3053 1623 3103 denique
1636 3062 1704 3103 po-

1631 3116 1706 3146 tius

1765 220 1831 269 39
