2040 3439
84 210 234 262 Liba,
302 195 426 259 ΒΕ
452 204 957 259 AUGMENTIs
1005 193 1610 260 scissNTmRuM.

84 309 178 348 dine
201 309 485 359 exemplorum:
514 309 608 358 quin
632 308 763 347 saltem
786 318 979 358 utcunque
1001 320 1167 347 avertere
1187 311 1224 348 &
1242 311 1403 348 alienare
1426 312 1574 350 animos
1589 316 1610 351 a
1631 327 1695 353 ne-

83 365 200 415 gotiis
214 366 251 401 &
264 363 426 411 afflone,
446 364 517 401 otii
532 375 574 401 ac
588 363 738 401 secessus
752 375 924 414 amorem
940 362 1176 402 instillantes:
1197 366 1285 402 dein
1302 365 1570 419 rebuspublicis
1585 370 1692 413 indu-

81 431 167 459 cere
188 419 405 469 disciplinae
428 419 712 465 relaxationem,
741 419 834 456 dum
858 418 1111 468 unusquisque
1124 422 1342 472 promptior
1366 420 1414 458 est
1437 420 1483 459 ad
1505 422 1691 476 disputan-

81 474 174 511 dum
188 485 304 522 quam
319 473 364 510 ad
380 473 733 523 obtemperandum.
790 473 911 513 Unde
928 475 1031 511 Cato
1055 474 1274 523 Censorius,
1303 487 1391 513 cum
1407 475 1537 526 primis
1553 477 1691 517 morra-
1711 471 1714 473 ’

77 529 175 567 lium
189 528 343 580 sapienS,
371 528 436 566 ubi
450 528 623 574 juventus
637 529 814 566 Romana
829 529 875 565 ad
892 529 1130 567 Carneadem
1144 530 1425 583 philosophum,
1456 534 1521 580 qui
1537 545 1687 573 venerat

78 585 246 622 Romam
269 584 424 633 legatus,
451 583 652 621 dulcedine
666 594 778 634 arque
801 583 985 628 majestate
1006 586 1245 633 eloquentiae
1260 587 1338 627 eius
1362 595 1478 638 capta,
1516 583 1686 638 undique

77 637 299 685 conflueret,
326 638 515 690 frequenti
531 636 659 676 senatu
678 638 814 677 author
828 638 912 685 fuit,
941 648 982 676 ut
997 639 1175 690 expeditis
1190 641 1365 690 negotiiS,
1393 643 1521 690 primo
1535 636 1689 694 quoque

77 702 252 746 tempore
272 692 511 730 dimitterent
530 692 745 740 hominem,
774 705 823 730 ne
846 694 986 731 civium
1002 695 1150 731 animos
1170 695 1339 732 inficeret
1355 698 1391 733 ὅ(
1414 695 1621 747 fascinaret,
1651 698 1688 739 ὃς

76 759 148 785 nec
162 749 404 800 opinantibus
419 759 574 785 morum
588 748 983 797 consuetudinumque
994 750 1198 799 patriarum
1216 751 1470 787 mutationem
1481 750 1687 793 induceret.

76 803 163 840 Hoc
186 803 300 840 etiam
324 804 512 853 permovit
537 804 758 854 Virgilium,
791 803 896 850 (dum
921 802 1036 841 studia
1061 802 1122 840 sua
1142 805 1281 853 patriae
1307 805 1567 845 existimationi
1593 807 1688 862 post·

75 857 241 907 haberet)
258 867 298 895 ut
310 866 405 895 artes
416 859 592 910 politicas
603 869 623 895 a
637 859 810 897 literariis
824 857 1054 908 segregarem
1082 859 1162 895 illas
1174 859 1362 897 Romanis
1378 861 1592 911 vendicans,
1622 862 1687 903 has

76 912 226 950 Graccis
240 912 472 962 relinquens,
501 913 542 951 in
556 911 718 952 versibus
731 913 807 951 illis
820 911 1044 951 decantatis:

293 1017 355 1061 Tu
368 1033 498 1076 regere
517 1021 675 1075 imperio
678 1019 854 1075 populos,
885 1020 1075 1070 Romane,
1104 1030 1290 1061 memento
1304 1038 1315 1061 .-

294 1073 389 1118 Hae
402 1074 480 1116 tibi
492 1083 608 1116 erunt
620 1083 730 1116 artes
912 1075 1009 1115 AEn.
1027 1080 1076 1117 vi.
1095 1077 1116 1116 8
1126 1090 1147 1128 5
1156 1090 1170 1115 1
1180 1108 1189 1116 .

70 1185 256 1233 Videmus
268 1186 393 1236 eriam,
409 1187 599 1238 Anytum,
616 1189 778 1228 Socratis
789 1187 1057 1234 accusatorem,
1072 1201 1143 1240 pro
1155 1189 1316 1226 crimine
1329 1190 1364 1226 ei
1376 1190 1559 1239 objecisse,
1577 1192 1694 1241 quod⁴

70 1243 108 1281 vi
130 1244 169 1281 &
190 1244 368 1282 varietate
391 1244 613 1282 sermonum
637 1255 679 1282 ac
703 1242 1002 1294 disputationum
1025 1243 1187 1291 suarum,
1228 1243 1498 1282 authoritatem
1523 1248 1561 1284 δε·
1583 1260 1682 1285 reve-

69 1295 230 1337 rentiam
251 1298 381 1348 legum
409 1296 804 1348 consuetudinumque
827 1298 1046 1348 patriarum,
1076 1299 1173 1350 apud
1206 1298 1459 1336 adolescentes
1482 1297 1683 1340 imminue-

67 1363 145 1395 ret;
175 1353 355 1403 quodque
380 1363 500 1391 artem
523 1354 765 1404 profiteretur
780 1352 1031 1404 perniciosam
1055 1355 1092 1390 ὅ(
1107 1355 1276 1402 periculo
1298 1355 1464 1406 plenam,
1501 1368 1574 1405 qua
1597 1359 1682 1408 quis

67 1407 273 1456 instruam,
294 1409 524 1446 deteriorem
539 1407 686 1446 causam
697 1409 899 1454 meliorem
913 1407 1065 1456 faceret,
1086 1410 1360 1458 veritatemque
1374 1409 1491 1461 ipsam
1503 1412 1696 1461 eloquens

66 1461 142 1501 tiae
156 1472 332 1514 apparatu
346 1463 534 1501 obrueret.

121 1520 307 1557 VERUM
330 1517 399 1556 hae
413 1518 712 1566 criminationes,
740 1526 980 1566 caeteraeque
1003 1516 1170 1563 ejusdcm
1186 1516 1338 1565 farinae,
1367 1519 1495 1570 potius
1508 1520 1681 1569 persona-

65 1583 145 1611 tam
158 1574 380 1623 gravitatem
399 1584 485 1626 prae
501 1573 537 1611 se
552 1573 691 1621 ferunt,
721 1584 836 1622 quam
851 1574 1016 1611 veritatis
1032 1573 1250 1610 candorem.
1307 1572 1480 1611 Testatur
1499 1577 1601 1611 enim
1623 1589 1680 1614 ex-

63 1625 256 1679 perientia,
284 1625 375 1670 sicut
390 1640 488 1667 unos
511 1638 622 1678 atque
637 1627 789 1666 eosdem
815 1627 1004 1675 homines,
1033 1626 1081 1665 fic
1103 1640 1178 1666 una
1193 1628 1400 1680 eademque
1425 1638 1611 1681 tempora,
1642 1635 1680 1669 δε

60 1694 192 1722 'rerum
212 1683 433 1721 bellicarum
452 1686 489 1722 ὅ(
505 1685 739 1734 optimarum
762 1681 898 1720 artium
913 1683 1035 1733 gloria
1055 1682 1228 1721 floruiffe.
1285 1681 1402 1723 Viros
1417 1685 1523 1732 quod
1545 1687 1681 1724 attinet

64 1739 241 1791 exemplo
263 1736 306 1781 fit
330 1739 462 1777 nobile
480 1751 546 1791 par
562 1741 851 1788 imperatorum,
880 1737 1097 1776 Alexander
1123 1739 1302 1788 Magnus,
1340 1737 1521 1792 &Julius
1546 1738 1682 1778 Caesar

62 1793 235 1840 dictator,
264 1794 360 1836 alter
373 1793 587 1832 Aristotelis
607 1796 648 1831 in
662 1793 899 1846 philosophia
915 1793 1129 1844 discipulus,
1159 1795 1251 1830 alter
1273 1795 1475 1831 Ciceronis
1490 1797 1531 1832 in
1551 1796 1676 1833 dicen-

63 1849 118 1886 do
140 1850 275 1892 rivalis.
331 1847 414 1887 Aut
437 1847 463 1886 fi
488 1851 570 1898 quis
592 1848 752 1898 requirat
771 1850 899 1901 potius
918 1850 1099 1896 literatos,
1135 1851 1200 1898 qui
1222 1850 1262 1885 in
1285 1850 1405 1886 claros
1431 1851 1679 1901 imperatores

64 1903 268 1951 evaserunt,
297 1915 411 1952 quam
431 1906 692 1954 imperatores,
721 1906 787 1953 qui
806 1902 998 1954 insigniter
1024 1903 1127 1941 dosii
1148 1904 1324 1945 fuerunt3
1352 1904 1495 1956 praesto
1520 1905 1568 1942 est
1587 1907 1678 1955 Epa-

63 1960 267 1998 minondas
287 1959 503 2007 Thebanus,
532 1969 596 1998 aut
618 1960 838 2010 Xenophon
863 1957 1124 1996 Atheniensis:
1155 1971 1320 2007 quorum
1342 1957 1406 1996 ille
1426 1961 1568 2008 primus
1591 1960 1678 2006 fuit,

62 2016 129 2065 qui
149 2014 263 2064 fregit
286 2016 499 2065 potentiam
523 2016 816 2065 Spartanorum3
853 2015 914 2052 hie
938 2024 1065 2051 autem
1088 2015 1244 2064 primus,
1281 2012 1345 2062 qui
1367 2014 1489 2052 stravit
1509 2016 1609 2052 viam
1632 2018 1677 2053 ad

61 2067 294 2113 eversionem
316 2069 558 2107 monarchiae
578 2069 784 2108 Persarum.
843 2070 938 2107 Istud
958 2081 1050 2107 vero
1069 2081 1265 2107 armorum
1287 2071 1556 2119 literarumque
1579 2069 1678 2119 quasi

61 2125 297 2175 conjugium,
327 2119 461 2162 clarius
476 2125 595 2163 adhuc
611 2127 652 2163 in
666 2125 914 2177 temporibus,
945 2136 1059 2173 quam
1079 2126 1119 2161 in
1135 2124 1302 2175 personis
1317 2122 1503 2171 elucescit,
1532 2136 1678 2173 quanto

61 2181 248 2218 nimirum
272 2179 460 2217 saeculum
484 2181 642 2218 homine
668 2181 861 2224 objectum
885 2181 1062 2229 grandius
1091 2178 1150 2217 cst.
1207 2179 1284 2231 Ipsa
1304 2181 1443 2230 quippe
1467 2179 1675 2229 eademque

61 2245 247 2285 tempora,
275 2234 375 2286 apud
401 2232 623 2285 AEgyptios‚
652 2234 835 2284 Assyrios,
873 2234 1010 2280 Persas,
1041 2234 1219 2280 Graecos,
1256 2233 1543 2282 Romanosque,
1581 2247 1676 2284 quae

60 2300 214 2341 propter
228 2290 403 2327 bellicam
418 2291 598 2327 virtutem
613 2291 777 2327 maxime
792 2289 1041 2335 celebrantur,
1062 2290 1176 2325 etiam
1192 2289 1361 2325 &literis
1376 2290 1583 2338 plurimum
1599 2289 1678 2341 fue-

61 2355 151 2383 runt
165 2345 386 2389 nobilitata;
407 2344 503 2382 adeo
517 2354 558 2382 ut
573 2341 776 2394 graviffimi
791 2344 964 2381 authores
979 2343 1282 2394 philosophique,
1304 2345 1340 2380 &
1355 2339 1546 2380 clarissimi
1562 2345 1674 2382 duces

61 2410 174 2451 atque
201 2402 459 2452 imperatores,
498 2400 637 2437 eodem
666 2399 812 2437 saeculo
835 2399 1008 2437 vixerint.
1066 2400 1152 2436 Nec
1177 2398 1261 2434 sane
1287 2398 1394 2435 aliter
1422 2397 1503 2435 fieri
1531 2399 1674 2449 potest:

61 2453 380 2508 Quandoquidem
401 2465 441 2492 ut
456 2455 495 2491 in
509 2454 667 2493 homine
682 2456 791 2504 vigor
805 2455 975 2504 corporis
989 2454 1183 2502 animique
1195 2451 1302 2490 simul
1318 2451 1396 2490 fere
1408 2452 1676 2503 maturescunt,

59 2508 128 2548 nifi
142 2510 246 2560 quod
269 2511 333 2548 ille
348 2509 448 2549 hunc
467 2510 581 2562 paulo
596 2519 825 2559 antevertat:
857 2507 903 2546 fic
922 2510 961 2545 in
977 2507 1244 2560 rebuspublicis
1267 2507 1439 2545 militaris
1453 2508 1575 2557 gloria
1597 2510 1676 2547 lite-

61 2575 213 2616 rataque
234 2565 408 2614 (quarum
425 2565 488 2602 illa
511 2567 664 2616 corpori
679 2564 894 2615 respondet,
922 2564 1012 2601 haee
1028 2565 1173 2611 animo)
1195 2573 1258 2600 aut
1274 2573 1409 2600 coaeva
1425 2561 1521 2610 sunt,
1551 2575 1614 2601 aur
1639 2558 1675 2602 se

61 2622 235 2673 proxime
255 2619 555 2669 consequuntur.

108 2674 212 2728 JAM
227 2688 330 2722 vero,
359 2675 616 2712 eruditionem
632 2674 796 2725 politicis
820 2674 1099 2724 impedimento
1115 2672 1183 2709 css'e
1207 2672 1333 2723 potius
1348 2678 1462 2720 quam
1483 2673 1673 2720 adjumen-

61 2738 117 2776 to,
144 2731 200 2769 nil
215 2732 340 2768 minus
357 2730 563 2781 probabile.
622 2731 795 2768 Fatemur
811 2742 958 2776 omncS,
988 2729 1231 2766 temerarium
1246 2727 1425 2776 quiddam
1441 2728 1510 2765 effe
1525 2728 1666 2781 empiri

63 2786 116 2821 cis
139 2785 293 2822 medicis
317 2797 454 2837 corpus
470 2787 507 2822 ὅς
527 2783 749 2823 valetudinis
772 2796 901 2823 curam
924 2785 1091 2823 traderc3
1122 2785 1186 2831 qni
1211 2782 1331 2819 solent
1354 2794 1469 2834 pauca
1492 2784 1673 2832 quaedam

62 2836 350 2886 medicamenta,
386 2852 481 2890 quae
505 2839 576 2877 illis
598 2840 774 2878 videntur
798 2839 1021 2892 panchresta,
1052 2839 1255 2883 venditare,
1287 2849 1452 2886 quorum
1468 2837 1604 2876 fiducia
1620 2841 1673 2876 ni-

63 2891 118 2938 bil
133 2906 215 2932 non
229 2895 366 2933 audent
381 2905 546 2936 tentare;
575 2906 662 2932 curn
677 2905 807 2932 tamen
822 2906 944 2942 neque
960 2892 1081 2930 causas
1097 2893 1336 2940 morborum,
1365 2896 1487 2942 neque
1503 2904 1670 2943 aegroto

64 2959 151 2985 rum
170 2948 328 2995 habitus,
364 2962 489 2999 neque
514 2949 810 2999 symptomatum
830 2950 1007 2999 pericula,
1046 2960 1168 2996 neque
1192 2952 1319 2986 reram
1346 2946 1498 2985 sanandi
1524 2949 1668 2985 metho-

63 3001 158 3042 dum
172 3005 343 3042 calleant.
398 3004 582 3044 Videmus
601 3006 751 3055 pariter,
781 3016 903 3041 errare
919 3016 996 3050 eos,
1032 3004 1098 3052 qui
1119 3004 1161 3039 ad
1180 3002 1299 3040 caulas
1316 3003 1353 3038 δε
1369 3002 1452 3039 lires
1468 3002 1545 3040 suas
1566 3014 1670 3051 expe-

63 3055 218 3096 diendas
240 3059 420 3100 adhibent
436 3059 630 3108 legulcios,
660 3061 699 3098 in
720 3059 877 3109 practica
893 3059 1031 3110 potius,
1061 3068 1173 3106 qnam
1192 3059 1229 3094 in
1255 3058 1359 3095 libris
1383 3059 1470 3099 iuris
1491 3056 1670 3102 versatos,

1532 3112 1673 3158 'quibus

1771 233 1830 280 31
