2040 3439
159 222 253 276 302

685 198 1016 252 NOVUM
1086 200 1565 248 ORGANUM.
1779 200 1936 250 Lib.1.

327 305 542 345 escendum.
596 304 735 351 Neque
755 302 861 338 euim
881 310 1074 348 negamus,
1102 299 1296 349 postquam
1323 300 1457 336 omnia
1483 301 1659 337 omnium
1677 301 1816 338 artium
1835 314 1939 355 expeu

330 363 495 399 rimenta
510 359 666 396 collecta
686 359 723 394 &
751 356 888 405 digesta
909 355 1063 400 fuerint,
1092 365 1203 403 atque
1217 355 1263 391 ad
1284 353 1392 392 unius
1412 353 1580 392 hominis
1604 356 1785 392 notitiam
1803 359 1839 393 ἃ
1852 358 1943 401 judi-

326 412 432 454 cium
459 411 696 469 pervenerint
717 424 728 452 3
757 412 850 460 quin
874 421 916 447 ex
943 408 1018 460 ipsa
1046 410 1282 447 traductione
1306 411 1655 461 experimentorum
1674 412 1784 448 unius
1803 414 1890 449 attis
1904 411 1944 450 in

332 470 430 516 alias,
460 469 579 506 multa
603 479 701 505 nova
724 466 885 504 inveniri
909 460 1050 513 possint
1073 465 1119 501 ad
1143 466 1347 502 humanam
1376 465 1493 501 vitam
1519 463 1708 502 &statum
1733 465 1849 513 utilia,
1877 478 1943 517 pet

331 526 434 562 istam
462 521 726 572 experientiam
750 532 863 570 quam
891 530 1068 557 vocamus
1092 521 1305 557 literatam:
1334 519 1396 556 sed
1422 530 1551 556 tamen
1584 521 1732 556 minora
1759 520 1943 573 det-aspe-

333 579 447 616 tanda
479 578 588 618 sunt3
619 577 762 623 majora
781 587 873 613 vero
887 586 908 611 a
927 586 1026 611 nova
1042 576 1124 612 luce
1139 573 1383 621 axiomatum,
1413 587 1456 611 ex
1474 575 1758 626 particularibus
1777 575 1849 613 illis
1865 588 1943 614 cet-

330 645 368 671 ta
387 635 445 670 via
470 636 507 671 ὃ(
530 629 656 682 regula
684 631 920 676 eductorum,
949 641 1044 677 quae
1083 629 1206 667 rursus
1234 641 1333 667 nova
1356 628 1591 678 particularia
1618 628 1785 667 indicent
1812 633 1848 668 ὅ(
1876 631 1938 669 de—

331 686 489 738 signent.
546 689 685 735 Neque
699 685 857 723 enimin
872 685 1066 736 plano'via
1093 683 1156 721 {ita
1172 684 1231 730 est,
1263 683 1322 720 sed
1342 684 1579 721 ascendendo
1603 686 1638 721 ὅ(
1654 683 1942 727 descendend03

337 743 574 781 ascendendo
595 743 722 791 primo
750 741 795 778 ad
819 742 1017 782 axiomata,
1047 739 1310 776 descendendo
1335 740 1380 776 ad
1406 751 1528 790 opera.

387 800 490 836 CIV.
520 800 695 848 NEQUE
723 806 853 833 tamen
884 793 1180 844 permittendum
1215 794 1275 841 cst,
1304 805 1345 831 ut
1374 794 1581 831 intellectus
1614 806 1635 830 a
1662 795 1941 846 particularibus

333 855 379 890 ad
400 853 584 891 axiomata
605 862 751 889 remota
772 854 808 888 ὅ(
823 848 921 899 quasi
944 845 1229 899 generaliffima,
1259 848 1396 899 (qualia
1419 848 1502 885 sunt
1532 848 1722 898 principia,
1751 862 1845 898 quae
1876 863 1942 888 vo-

333 920 432 953 cant,
462 910 598 946 artium
625 910 663 944 ἃ
684 908 824 953 terum)
856 903 955 943 saliat
985 907 1022 941 ὅ(
1049 906 1150 942 volet
1166 922 1180 947 ‚-
1213 907 1249 942 δε
1283 904 1327 940 ad
1351 916 1486 941 corum
1519 906 1723 941 immotam
1743 907 1942 944 veritatem

333 963 516 1001 axiomata
545 963 667 999 media
687 962 821 1011 probet
842 963 878 998 ὃ(
898 960 1086 1011 expediat:
1117 960 1221 1009 quod
1250 959 1371 996 adhuc
1392 959 1531 996 factum
1553 957 1614 1004 est,
1643 971 1769 1008 prono
1793 960 1942 1010 adhoc

333 1018 477 1070 impetu
496 1016 653 1055 naturali
676 1016 898 1061 intellectus,
928 1025 1038 1066 atque
1065 1013 1177 1052 etiam
1200 1015 1246 1052 ad
1273 1014 1347 1051 hoc
1368 1013 1487 1066 ipsum
1509 1025 1574 1063 pei·
1588 1014 1940 1063 demonstrationes,

332 1084 427 1122 quae
447 1073 542 1110 fiunt
570 1083 635 1123 pet
664 1070 935 1120 syllogismum,
965 1070 1038 1115 jam
1059 1070 1206 1121 pridem
1235 1069 1375 1106 edoeto
1400 1071 1436 1106 δε
1457 1068 1663 1106 affucfado.
1722 1070 1794 1107 Sed
1813 1070 1860 1109 de
1873 1069 1938 1108 sci-

330 1127 439 1165 entiis
466 1139 548 1165 tum
569 1128 724 1163 demum
747 1127 844 1162 bene
872 1124 1096 1175 sperandum
1129 1125 1189 1171 est,
1219 1124 1373 1173 quando
1402 1137 1468 1176 per
1498 1123 1631 1160 scalam
1654 1136 1781 1161 veram
1810 1127 1941 1176 &yper

329 1184 465 1232 gradus
493 1180 707 1228 cor-irinum,
738 1183 773 1218 ὅ(
794 1192 875 1217 non
896 1179 1121 1217 intermissos
1149 1190 1211 1217 aut
1240 1178 1397 1226 hiulcos,
1427 1179 1745 1229 apartieularibus
1767 1178 1938 1219 ascende-

329 1247 392 1275 tur
412 1238 456 1274 ad
471 1236 656 1275 axiomata
679 1237 841 1282 minora,
871 1237 905 1272 ὅ(
921 1233 1058 1271 deinde
1080 1234 1124 1271 ad
1142 1233 1276 1281 media,
1306 1233 1374 1271 alia
1392 1233 1470 1271 aliis
1490 1233 1690 1283 superiora,
1705 1234 1940 1284 &postremo

328 1292 486 1330 demum
509 1293 554 1329 ad
574 1287 861 1341 generalissima.
919 1291 1073 1326 Etenim
1096 1291 1281 1327 axiomata
1300 1289 1428 1326 infima
1451 1301 1532 1326 non
1548 1290 1713 1327 multum
1740 1289 1786 1326 ab
1800 1291 1940 1342 experi-

327 1349 429 1385 entia
453 1347 553 1385 nuda
580 1344 800 1395 discrepant.
860 1346 1041 1396 Suprema
1063 1357 1154 1382 vero
1182 1346 1245 1382 illa
1261 1347 1297 1382 ὃς
1312 1340 1596 1394 generalissima,
1612 1343 1724 1393 (quae
1734 1343 1936 1396 habentur)

327 1404 540 1439 notionalia
568 1401 652 1439 sunt
681 1403 715 1437 &
737 1400 907 1437 abstracta
932 1401 1043 1437 &nil
1070 1399 1209 1436 habent
1238 1398 1357 1437 solidi.
1412 1399 1468 1436 At
1489 1399 1613 1436 media
1645 1399 1732 1437 sunt
1753 1402 1938 1439 axiomata

329 1458 393 1494 illa
416 1470 500 1495 vera
521 1459 557 1494 ὅ(
584 1456 702 1494 solida
718 1457 861 1502 &viva,
891 1456 931 1491 in
947 1453 1079 1504 quibus
1107 1454 1292 1493 humanae
1310 1467 1366 1492 res
1382 1456 1417 1491 ὃ(
1441 1455 1616 1491 fortunae
1644 1453 1728 1492 sitae
1760 1454 1870 1497 sunt3
1899 1458 1938 1494 &

328 1511 435 1564 supra
463 1512 552 1549 haec
574 1523 726 1562 quoque
749 1511 902 1548 tandem
931 1510 1005 1560 ipsa
1033 1511 1097 1547 illa
1125 1505 1422 1559 generaliffimas
1451 1507 1536 1546 talia
1558 1509 1710 1557 scilicet,
1737 1522 1938 1559 quaenon

329 1567 502 1604 abstra&a
522 1565 603 1613 sint,
634 1566 695 1603 sed
721 1577 784 1615 per
810 1566 899 1602 haec
920 1565 1043 1602 media
1065 1577 1151 1602 vere
1174 1564 1393 1602 limitantur.

382 1624 464 1660 ITA
476 1634 570 1674 QUE
595 1620 798 1658 hominum
827 1621 1034 1657 iiitellesiui
1057 1632 1138 1656 non
1166 1621 1315 1671 plumae
1335 1619 1537 1665 addendae,
1567 1617 1627 1656 sed
1645 1619 1846 1669 plumbum
1866 1633 1936 1672 ,po-

327 1678 401 1715 tius
418 1680 453 1714 &
471 1677 637 1729 pondera
652 1690 661 1717 3
690 1682 731 1713 ut
746 1675 947 1713 cohibeant
964 1687 1123 1712 omnem
1139 1674 1271 1712 saltum
1285 1676 1511 1712 &volatum.
1567 1674 1697 1723 Atque
1717 1675 1794 1712 hod
1815 1675 1935 1713 adhuc

326 1732 467 1769 fa&um
490 1744 571 1769 non
605 1732 678 1772 est3
709 1743 826 1780 quum
854 1743 945 1767 vcro
979 1731 1116 1768 fastum
1146 1730 1271 1776 fuerit,
1302 1729 1435 1766 melius
1463 1729 1509 1766 de
1539 1727 1699 1766 scientiis
1719 1729 1862 1780 sperare
1895 1730 1936 1768 li-

327 1787 438 1824 cebir.

332 1846 335 1847 ’
383 1843 468 1880 CV.
499 1843 552 1878 IN
581 1841 844 1879 constituendo
868 1851 993 1877 autem
1021 1839 1217 1886 axiomate,
1248 1839 1371 1876 forma
1389 1837 1617 1876 induffionis
1637 1840 1718 1887 alia,
1740 1851 1853 1888 quam
1871 1840 1934 1878 ad·

327 1896 400 1933 huc
427 1899 464 1933 in
487 1897 553 1934 usu
583 1897 666 1943 fuit,
697 1897 941 1945 excogitanda
963 1893 1036 1935 est;
1066 1907 1181 1943 caque
1202 1907 1283 1932 non
1305 1895 1351 1932 ad
1380 1893 1560 1946 principia
1580 1896 1854 1946 tantum(quae
1867 1908 1932 1934 vo-

326 1953 426 1998 cant)
458 1952 649 2003 probanda
676 1954 711 1989 6<
740 1951 979 1996 invenienda,
1010 1949 1071 1987 scd
1105 1949 1217 1987 etiam
1254 1950 1299 1987 ad
1323 1951 1508 1986 axiomata
1537 1951 1698 1996 minora,
1727 1952 1763 1987 δε
1798 1949 1933 1998 media,

325 2006 490 2056 denique
520 2009 661 2043 onmia.
718 2005 889 2043 Indufflo
905 2005 1019 2052 enim,
1049 2017 1142 2055 quae
1170 2004 1338 2057 procedit
1362 2017 1426 2054 per
1447 2006 1774 2042 enumerationem
1797 2003 1934 2056 fimpli-

326 2072 423 2109 cem,
453 2073 508 2098 res
543 2061 691 2111 puerilis
721 2062 781 2108 est,
810 2063 846 2098 ὅ(
870 2063 1036 2110 precario
1064 2059 1269 2107 concludit,
1307 2062 1343 2097 ὅ(
1372 2061 1540 2108 periculo
1570 2061 1771 2111 exponitur
1799 2061 1845 2097 ab
1877 2061 1933 2098 in·
1967 2088 1973 2093 »

324 2116 454 2154 stantia
481 2117 783 2162 contradictoria,
827 2119 862 2153 ὅ(
891 2117 1115 2166 plerumque
1138 2115 1341 2153 secundum
1361 2116 1536 2166 pauciora
1559 2127 1672 2163 quam
1705 2127 1770 2167 par
1804 2115 1865 2163 est,
1894 2117 1932 2153 &

326 2178 382 2208 ex·
404 2171 460 2208 his
483 2172 756 2209 tantummodo
776 2184 869 2220 quae
893 2171 1033 2220 praesto
1056 2171 1153 2217 sunt,
1183 2172 1423 2222 pronunciat.
1481 2170 1537 2207 At
1559 2170 1740 2217 induffio,
1770 2182 1863 2219 quae
1884 2172 1933 2210 ad

329 2226 595 2264 inventionem
620 2229 657 2264 &
686 2225 1042 2264 demonstrationem
1085 2225 1322 2263 scientiarum
1361 2227 1398 2262 ὅ(
1434 2226 1570 2263 artium
1601 2227 1670 2262 erit
1703 2224 1814 2272 utilis,
1869 2238 1933 2265 na-

327 2290 453 2319 turam
481 2282 646 2331 separare
675 2283 797 2329 debet,
826 2293 890 2331 pei·
933 2281 1151 2326 rejectiones
1185 2283 1222 2318 ὅς
1255 2278 1482 2318 exclusiones
1515 2279 1681 2322 debitas;
1726 2293 1767 2317 ac
1795 2279 1931 2320 deinde

325 2337 405 2384 post
424 2338 612 2386 negativas
631 2347 691 2374 tot
720 2347 815 2386 quot
836 2332 1036 2382 sufficiunt,
1067 2335 1171 2387 super
1197 2332 1433 2373 affirmativas
1458 2335 1711 2376 concluderes
1740 2335 1844 2384 quod
1870 2337 1931 2375 ad·

325 2390 397 2429 huc
424 2392 563 2429 factum
593 2405 674 2429 non
704 2392 764 2438 est,
793 2404 864 2429 nec
885 2401 1073 2429 tentatum
1093 2402 1205 2435 certe,
1236 2389 1303 2428 nifi
1325 2391 1598 2427 tantummodo
1619 2403 1638 2427 a
1666 2391 1836 2438 Platone,
1864 2392 1930 2441 qui

325 2446 371 2481 ad
396 2447 629 2484 excutiendas
657 2446 897 2484 definitiones
930 2449 967 2484 ὅ(
996 2446 1106 2493 ideas,
1135 2446 1203 2484 hac
1232 2456 1331 2483 certe
1361 2446 1484 2482 forma
1505 2445 1734 2482 inductionis
1754 2447 1930 2494 aliquate-

324 2511 396 2537 nus
416 2504 543 2539 utitur.
600 2503 746 2540 Verum
761 2502 806 2539 ad
822 2502 930 2546 hujus
957 2501 1187 2538 inductionis
1208 2499 1277 2537 sive
1297 2500 1625 2537 demonstrationis
1644 2499 1925 2540 instructionem

327 2554 468 2592 bonam
499 2559 533 2593 &
568 2556 791 2606 legitimam,
832 2557 1108 2608 quamplurima
1137 2555 1344 2593 adhibenda
1376 2555 1472 2601 sunt,
1515 2567 1609 2603 quae
1641 2555 1760 2593 adhuc
1789 2557 1929 2594 nullius

326 2611 545 2647 mortalium
569 2614 844 2661 cogitationem
864 2611 1008 2648 subiere
1024 2624 1034 2652 3
1063 2611 1158 2647 adeo
1171 2621 1210 2647 ut
1227 2612 1266 2646 in
1286 2623 1327 2647 ea
1343 2611 1462 2655 major
1479 2607 1518 2647 sit
1535 2609 1789 2647 consumenda
1805 2623 1929 2660 opera,

326 2675 438 2711 quam
468 2666 586 2704 adhuc
613 2667 835 2716 consumpta
858 2666 905 2704 cst
928 2668 969 2703 in
997 2665 1230 2714 syllogismo,
1259 2676 1370 2713 atque
1402 2665 1510 2709 hujus
1527 2665 1756 2702 induetionis
1779 2664 1928 2713 auxilio,

325 2729 408 2755 non
434 2718 557 2757 solum
578 2722 622 2758 ad
648 2724 833 2759 axiomata
860 2721 1097 2767 invenienda,
1126 2732 1257 2759 verum
1281 2722 1393 2757 etiam
1418 2720 1463 2757 ad
1487 2721 1698 2757 notitiones
1724 2722 1928 2759 terminan-

324 2772 399 2818 das,
429 2775 612 2812 utendum
629 2776 687 2813 cst.
745 2777 876 2825 Atque
908 2778 948 2812 in
967 2777 1034 2813 hac
1060 2785 1158 2812 certe
1187 2776 1406 2813 indufflone
1433 2775 1510 2824 spes
1536 2774 1693 2812 maxima
1722 2773 1784 2812 fita
1812 2775 1871 2813 est.

325 2838 331 2842 ·
380 2828 482 2865 CVI.
512 2830 586 2866 AT
610 2832 650 2867 in
675 2832 922 2869 axiomatibus
942 2830 1209 2868 constituendis
1234 2843 1299 2880 per
1327 2830 1422 2867 hanc
1442 2830 1715 2875 indufflonem,
1745 2830 1925 2868 examina-

324 2883 384 2919 tio
408 2886 443 2920 &
459 2884 633 2932 probatio
661 2887 774 2922 etiam
789 2887 958 2923 facienda
976 2886 1036 2932 est,
1065 2896 1193 2922 utrum
1209 2886 1312 2934 quod
1336 2885 1572 2922 constituitur
1597 2886 1743 2922 axioma
1759 2895 1924 2937 aptatum

323 2934 366 2974 fit
389 2947 548 2984 tantum,
578 2941 614 2975 ὅ(
638 2940 684 2975 ad
707 2941 918 2977 mensuram
933 2941 1072 2977 facium
1095 2952 1228 2978 eorum
1244 2938 1533 2989 particularium,
1562 2951 1604 2975 ex
1620 2939 1754 2986 quibus
1769 2939 1920 2978 extrahi-

324 3001 409 3032 tur;
438 3004 484 3028 an
500 3005 590 3030 vero
606 2991 646 3029 fit
661 2997 820 3042 amplius
840 2998 876 3031 ὅ(
897 2995 1016 3032 iatius.
1072 2995 1188 3046 Quod
1204 2993 1229 3031 fi
1253 2993 1293 3034 sit
1311 2993 1467 3045 amplius
1491 3004 1551 3030 aut
1573 2995 1681 3030 latius
1705 2995 1920 3039 videndum,

322 3058 370 3083 an
393 3058 476 3085 eam
493 3047 595 3085 suam
617 3048 904 3098 amplitudinem
926 3051 962 3087 ὅ(
983 3050 1235 3097 latitudinem,
1264 3062 1328 3099 per
1352 3061 1541 3087 novorum
1558 3047 1837 3098 particularium
1861 3049 1922 3085 de-

490 3112 506 3141 1
1662 3102 1919 3145 limationem,
1954 3142 1967 3146 ,,
