2040 3439
182 216 253 282 56

382 216 483 264 DE
538 207 1042 260 AUGMENTIS
1093 205 1708 252 seiENTiARuM
1781 206 1927 254 Lim.

321 315 591 352 obstrufiliones
610 313 790 363 aperiens,
819 310 906 345 alias
927 307 1221 345 concoctionem
1247 307 1384 348 iuvans,
1414 307 1501 342 alias
1522 308 1728 358 appetitum
1754 307 1932 352 excitans,

325 383 406 408 non
423 381 508 405 raro
525 369 680 404 vulnera
701 367 778 410 ejus
809 366 843 400 δε
874 365 996 400 ulcera
1018 362 1159 402 sanans,
1189 363 1224 398 ὃ(
1241 359 1382 397 ἷίιῃὶίἰιῑ.
1440 362 1565 412 Quare
1586 363 1812 399 concludam
1842 377 1931 402 cum

323 426 398 463 hoc
418 424 523 472 quod
548 421 692 458 videtur
714 417 900 456 rationem
923 418 1057 454 habere
1082 418 1211 456 totius,
1242 417 1291 453 ita
1317 417 1497 452 nimirum
1520 417 1692 453 animum
1717 417 1931 458 dodrinam

327 479 526 529 disponere
553 479 589 513 &
605 476 763 514 flcstcre,
795 483 835 510 ut
857 484 1053 521 nunquam
1077 472 1249 521 protinus
1269 470 1474 518 acquiescat
1498 473 1534 508 <Sc
1554 481 1734 519 tunquam
1758 477 1931 523 congele-

329 535 445 571 turin
461 531 663 569 defectibus
681 529 763 569 suis,
794 529 885 576 quin
905 529 1035 564 incitet
1058 526 1092 563 se
1110 525 1264 578 semper,
1294 525 1600 574 progress'umque
1623 527 1745 575 spiret.
1799 529 1937 568 Nescit·

325 591 534 626 illiteratus,
564 585 654 633 quid
678 582 774 620 sitin
793 582 827 619 se
843 581 1076 628 descendere,
1107 592 1168 617 aut
1186 581 1309 617 secum
1331 583 1426 617 inire
1443 583 1618 621 rationes,
1652 592 1713 618 aur
1729 583 1936 630 quamsua-

325 646 379 681 vis
399 645 473 680 vita
499 639 552 681 sit,
591 651 684 688 quae
706 639 825 675 indies
852 637 962 674 sentit
987 637 1021 674 se
1042 637 1120 673 fieri
1137 637 1366 676 melior-cim
1403 633 1426 671 sl
1453 648 1524 683 qua
1547 636 1647 673 forte
1670 638 1807 675 virtute
1831 651 1954 690 prae-—

326 699 425 736 ditus
442 695 494 742 sit,
524 707 606 732 eam
622 693 827 731 venditabit
846 691 981 730 scilicet
1003 695 1039 730 <Se
1055 690 1191 739 ubique
1209 690 1443 742 speci-andam
1464 702 1639 740 exponet,
1670 704 1784 741 eaque
1808 704 1937 733 utetur

325 750 478 790 foi-fitan
494 749 713 795 commode,
742 760 854 798 quam
871 758 998 784 tamen
1016 748 1186 784 excolere
1202 749 1237 783 ὃς
1253 758 1386 794 augere
1403 747 1573 795 negligit.
1629 747 1784 794 Rursus,
1813 746 1839 785 fi
1854 762 1950 798 quq

325 807 417 845 vitio
438 807 596 851 laborat,
632 814 749 841 artem
776 814 887 851 atque
912 803 1129 840 industriam
1152 802 1243 838 illud
1260 802 1406 838 celandi
1427 812 1537 849 atque
1563 801 1789 844 occultandi,
1827 805 1941 842 mini—

327 875 390 899 me
411 872 534 899 autem
556 859 782 909 corrigendi,
819 858 1035 898 adhibebit3
1061 868 1240 905 tanquam
1260 858 1379 893 malus
1403 857 1550 902 messor,
1580 858 1853 909 quiperpetuo
1872 860 1936 897 de-

327 919 450 963 metit,
479 916 613 954 falcem
629 925 754 951 autem
776 926 970 962 nunquam
995 914 1161 953 exacuits
1191 913 1358 948 literatus
1373 923 1517 958 contra,
1547 923 1629 948 non
1645 921 1794 950 tantum
1815 916 1938 952 utitur

327 975 459 1010 animo
482 970 709 1018 virtutesque
734 979 897 1015 exercet,
931 969 990 1005 scd
1017 969 1204 1005 continuo
1229 967 1404 1004 emendat
1429 966 1463 1003 se
1484 969 1520 1004 ὃ(
1546 969 1586 1003 in
1612 968 1748 1004 virtute
1773 969 1938 1018 proficit.

326 1029 413 1066 Imo
429 1037 469 1064 ut
485 1028 524 1062 in
547 1025 691 1062 summa
706 1025 841 1070 dicam,
870 1035 940 1073 pro
956 1033 1062 1060 certo
1082 1022 1142 1069 est,
1171 1023 1366 1060 veritatem
1383 1023 1419 1058 ὅ(
1441 1022 1651 1059 bonitatem
1667 1021 1842 1073 distingui
1857 1035 1949 1062 tan--

327 1094 423 1129 tum,
462 1079 550 1118 sicut
574 1079 735 1129 {igilium
761 1082 795 1116 ἃ
821 1075 1129 1130 impreffionems
1166 1089 1253 1114 nam
1289 1080 1425 1114 veritas
1462 1078 1672 1114 bonitatem
1709 1075 1827 1127 signat
1842 1093 1869 1115 ε,
1888 1082 1938 1118 Et

326 1147 471 1183 contra,
501 1137 683 1173 vitiorum
699 1146 739 1171 ac
754 1135 1084 1186 perturbationum
1100 1133 1298 1183 procellae,
1327 1145 1370 1170 ex
1385 1134 1522 1170 erroris
1539 1135 1574 1169 ὅ(
1589 1130 1754 1170 falsitatis
1770 1134 1938 1173 nubibus

327 1201 544 1242 erumpunt.

382 1247 418 1283 A
437 1248 575 1284 virtute
589 1243 818 1282 transeamus
838 1243 881 1279 ad
898 1241 1108 1294 potentiam
1128 1245 1163 1279 ὃ(
1178 1241 1393 1294 imperium,
1423 1244 1460 1279 &
1474 1241 1723 1293 dispiciamus,
1751 1240 1777 1279 fi
1793 1242 1938 1293 uspiam

327 1303 541 1339 inveniatur
561 1310 664 1336 tanta
685 1299 856 1348 potentia
879 1301 915 1335 ὅ(
939 1309 1111 1347 regnum,
1149 1307 1288 1346 quanta
1311 1297 1475 1334 eruditio
1495 1295 1662 1333 hominis
1682 1308 1856 1335 naturam
1880 1301 1938 1337 in·

325 1357 430 1394 vestit
446 1359 482 1393 ὃ(
497 1364 668 1392 coronat.
725 1354 922 1399 Videmus,
943 1353 1166 1402 dignitatem
1183 1352 1393 1404 imperandi
1410 1351 1510 1402 sequi
1525 1351 1752 1400 dignitatem
1767 1353 1856 1400 ejus,
1876 1353 1940 1392 cui

326 1414 548 1461 imperatur.
602 1410 809 1460 Imperium
841 1410 880 1445 in
911 1409 1051 1445 belluas
1080 1410 1115 1445 ὅ(
1144 1419 1292 1458 pecora,
1333 1408 1441 1456 quale
1470 1407 1723 1444 bubulcorum
1754 1418 1817 1445 aut
1858 1411 1940 1463 opi-

324 1469 490 1512 lionum,
527 1477 583 1502 res
605 1466 709 1502 vilis:
746 1464 949 1512 imperium
974 1465 1013 1500 in
1033 1474 1181 1514 pueros,
1211 1464 1320 1511 quale
1340 1461 1694 1511 ludimagistrorum‚
1723 1464 1850 1500 minus
1868 1465 1937 1501 ho-

326 1521 549 1559 norificum:
588 1520 790 1568 imperium
811 1519 851 1554 in
876 1519 1072 1568 mancipia,
1109 1516 1233 1568 potius
1256 1518 1431 1555 dedecori
1452 1517 1512 1563 est,
1541 1528 1655 1565 quam
1678 1517 1839 1554 honori:
1868 1531 1932 1557 ne-
1952 1532 1955 1534 ·

325 1589 399 1626 que
415 1578 540 1615 multo
554 1572 787 1625 praestantius
804 1573 852 1610 cst
866 1574 1069 1622 imperium
1085 1583 1350 1621 tyrannorum,
1380 1574 1419 1609 in
1434 1573 1593 1622 poulum
1610 1570 1794 1620 servilem,
1823 1584 1953 1624 atque‘

325 1633 462 1669 animis
484 1634 520 1668 ὅς
543 1628 724 1680 generosa
750 1628 881 1665 indole
909 1638 1075 1665 exutum.
1133 1628 1252 1667 Unde
1279 1628 1353 1665 hoc
1376 1627 1517 1676 semper
1543 1629 1711 1664 manavit
1736 1628 1937 1677 judicium,

325 1688 493 1725 honores
518 1687 559 1722 in
585 1685 712 1721 liberis
736 1683 979 1730 monarchiis,
1016 1693 1079 1720 aut
1102 1682 1370 1735 rebuspublicis
1395 1682 1581 1720 suaviores
1609 1681 1691 1730 css'e,
1728 1695 1843 1732 quam
1869 1684 1944 1723 sul>=

325 1743 517 1790 tyrannis3
547 1740 635 1789 quia
655 1740 858 1788 imperium
879 1738 1135 1775 honorificum
1153 1741 1272 1788 magis
1289 1738 1394 1790 supra
1413 1739 1583 1775 volentes
1604 1737 1664 1784 est,
1693 1750 1808 1786 quam
1828 1738 1938 1792 supra

324 1795 467 1834 invitos
483 1799 518 1834 ὃ(
534 1795 694 1832 εοεξῒοε.
750 1794 916 1842 Ideoque
930 1792 1122 1842 Virgilius,
1143 1805 1231 1831 cum
1247 1806 1289 1831 ex
1305 1794 1447 1830 intimo
1460 1791 1619 1830 artificio
1633 1793 1734 1830 inter
1749 1793 1941 1833 humanos

326 1851 494 1889 honores
513 1853 629 1899 longe
650 1850 763 1887 vellet
787 1848 955 1898 optimos
975 1860 1209 1901 expromere,
1239 1861 1334 1899 quos
1356 1846 1529 1899 Augusto
1554 1847 1704 1886 Caesari
1727 1844 1939 1900 aflignaret‚

327 1907 369 1944 in
388 1906 478 1944 haec
493 1905 569 1959 ipsa
589 1904 699 1942 verba
713 1905 883 1954 loquitur
898 1918 906 1941 2

701 2018 710 2027 ‚
798 1980 843 2019 V
840 1977 1011 2032 iffforque
1025 1976 1204 2017 volentes

622 2033 707 2074 Per
716 2034 878 2088 populos
892 2032 964 2072 dat
969 2032 1085 2087 jura,
1114 2034 1298 2088 viamque
1311 2031 1478 2086 affec‘i‘at
1494 2033 1665 2088 Olympo.

326 2130 395 2168 Ast
419 2128 623 2180 imperium
650 2129 837 2176 scientiae,
873 2131 991 2179 longe
1018 2126 1146 2167 celsius
1166 2127 1215 2165 est
1242 2140 1355 2177 quam
1386 2130 1590 2179 imperium
1620 2131 1660 2167 in
1686 2131 1940 2180 voluntatem,

325 2187 414 2224 licet
437 2187 594 2222 liberam
611 2187 646 2222 &
674 2197 754 2222 non
770 2185 961 2221 astrifflim.
1017 2185 1083 2221 llla
1103 2185 1207 2221 enim
1223 2186 1375 2230 rationi,
1405 2184 1492 2222 fidei
1509 2186 1545 2221 δε
1569 2185 1777 2224 ἰιπεΙΙεᾶυἰ
1792 2185 1857 2238 ipfi
1872 2188 1954 2225 do«

326 2243 507 2287 minatur,
544 2241 608 2289 qui
630 2239 679 2277 est
704 2236 878 2277 altissima
907 2251 989 2289 pars
1009 2240 1127 2276 animi
1153 2241 1190 2276 ὅ(
1209 2240 1445 2277 voluntatem
1474 2238 1591 2289 ipfiim
1617 2242 1725 2289 regit.
1781 2242 1939 2280 Etenim

328 2297 432 2333 nulla
448 2295 707 2348 proculdubio
726 2305 876 2332 terrena
904 2293 953 2331 est
971 2294 1141 2345 potest-213,
1178 2306 1272 2343 quae
1293 2295 1333 2332 in
1362 2294 1550 2346 spiritibus
1570 2295 1776 2333 hominum
1805 2298 1842 2334 ὅ(
1860 2300 1939 2336 ani·

325 2351 470 2397 mabus,
500 2362 709 2399 eorumque
733 2350 1028 2400 cogitationibus
1044 2351 1080 2386 &
1095 2348 1303 2399 phantasiis,
1331 2350 1471 2388 ass'ensu
1491 2362 1644 2399 quoque
1668 2353 1705 2388 ὅ(
1720 2351 1804 2398 fide,
1833 2351 1938 2390 thro-

330 2417 424 2442 num
455 2409 490 2443 &
514 2403 613 2454 quasi
641 2406 856 2442 cathedram
876 2404 978 2443 suam
1003 2403 1110 2453 erigit
1130 2407 1167 2442 δε
1195 2406 1370 2451 collocat,
1408 2415 1552 2455 praeter
1575 2406 1787 2443 doClrinam
1809 2409 1845 2444 ὃ(
1873 2407 1953 2446 sci-·

328 2462 482 2498 cutiam.
525 2461 585 2498 Ac
600 2461 743 2498 idcirco
757 2461 926 2499 videmus
938 2460 1190 2497 detestabilem
1205 2459 1322 2507 illam,
1344 2463 1380 2498 ὅ(
1395 2460 1621 2498 immensam
1633 2461 1941 2512 deledlationem,

327 2526 401 2562 qua
427 2514 703 2562 haerefiarchne,
733 2513 809 2553 falfi
834 2515 1037 2565 prophetae
1062 2517 1100 2552 ὅ(
1123 2513 1342 2565 impostores
1367 2518 1496 2565 magni
1520 2515 1800 2564 perfunduntur
1824 2519 1861 2555 &
1886 2531 1942 2556 ra-

327 2570 497 2618 piuntur,
533 2572 727 2619 postquam
757 2570 947 2617 senserint,
986 2572 1026 2607 iu
1054 2570 1128 2607 fide
1154 2573 1192 2608 &
1218 2570 1458 2607 conscientiis
1485 2571 1690 2608 hominum
1718 2572 1877 2622 coepiss'e
1903 2574 1949 2613 se*

327 2636 501 2673 regnare:
516 2634 657 2662 tantam
669 2637 782 2674 certe,
796 2636 837 2663 ut
847 2627 911 2675 qui
923 2638 1007 2664 eam
1018 2625 1129 2662 semel
1140 2625 1394 2674 degustaverit,
1408 2624 1520 2663 nullis
1529 2625 1605 2663 fere
1615 2626 1952 2676 persecutionibus

329 2689 392 2716 aut
416 2682 617 2717 tormentis
637 2682 733 2730 adigi
757 2677 883 2731 poilit,
912 2692 953 2719 ut
976 2680 1051 2718 hoc
1070 2692 1190 2729 regno
1206 2679 1242 2717 se
1260 2680 1418 2718 abdicet.
1475 2682 1579 2719 Sicut
1598 2692 1723 2719 autem
1749 2683 1823 2720 hoc
1843 2684 1950 2723 illud-

329 2732 390 2780 cst‚
433 2734 537 2783 quod
567 2736 606 2771 iu
635 2735 861 2787 Apocalypsi
889 2737 1039 2783 dicitur,
1083 2733 1250 2786 Ab-Jffus
1265 2732 1355 2784 stve
1375 2733 1573 2788 profunda
1603 2734 1798 2775 Satanae:
1840 2739 1895 2777 Ita
1914 2753 1946 2778 e·

328 2790 535 2836 contrario,
564 2790 673 2835 justus
688 2793 724 2828 &
747 2792 938 2841 legitimus
960 2794 1001 2830 in
1021 2792 1168 2829 animos
1184 2790 1389 2828 hominum
1412 2791 1642 2839 dominatus,
1671 2794 1836 2830 veritatis
1861 2795 1942 2847 ipsa.

330 2843 516 2881 evidentia
542 2856 583 2880 ae
611 2847 947 2885 commendatione
974 2841 1185 2885 dulciffima
1212 2843 1402 2894 stabilituS,
1439 2847 1525 2884 sane
1549 2858 1664 2898 quam
1692 2850 1863 2897 proxime
1892 2852 1940 2888 ad

330 2898 518 2951 potestatis
537 2899 685 2936 divinae
705 2898 987 2940 similitudinem
1007 2901 1160 2939 accedit.
1336 2920 1339 2922 ·
1653 2916 1657 2920 ·

385 2955 524 3005 QUOD
538 2954 583 2990 ad
599 2953 767 2991 fortunas
782 2958 819 2994 &
834 2956 1000 2995 honores
1016 2957 1162 3009 speetat,
1183 2955 1442 2994 munificentia
1458 2957 1649 2994 doctrinae
1665 2969 1745 2994 non
1762 2956 1808 2995 fic
1824 2971 1940 3009 regna

332 3009 478 3058 integra
493 3011 529 3045 &
544 3007 764 3058 respublicas
779 3011 983 3063 locupletat
999 3015 1035 3050 ὃ(
1050 3013 1154 3059 ditat,
1185 3022 1226 3049 ut
1242 3024 1323 3048 non
1344 3012 1549 3049 hominum
1564 3014 1679 3049 etiam
1700 3015 1946 3062 privatorum·

333 3063 504 3103 fortunas
520 3065 556 3103 &
571 3075 661 3115 opes
677 3065 878 3118 amplificet
897 3070 935 3106 ὅ(
951 3067 1092 3108 evehat.
1149 3068 1268 3108 Vetus
1283 3066 1385 3107 enim
1406 3067 1617 3108 observatio
1633 3066 1693 3117 est,
1722 3070 1940 3107 Homerum

1771 3124 1941 3175 pluribus

1912 3250 1934 3291 3
