2040 3439
202 239 264 270 10

751 206 1393 258 PRAEFATIO.

337 315 454 356 fando
468 316 572 364 quod
593 325 672 351 non
687 314 798 361 capit,
827 311 872 348 ad
888 321 1033 349 errores
1048 308 1173 358 potius
1192 305 1431 345 stabiliendos
1447 307 1484 344 ὅ(
1499 305 1599 356 quali
1613 307 1796 357 figendos,
1826 321 1947 362 quant,

348 373 393 410 ad
410 373 508 409 viam
525 370 671 408 veritati
687 366 923 417 aperiendam
939 365 1064 402 valuit.
1768 415 1772 417 -
1798 361 1802 363 ⁴
1837 362 1842 364 ’
1922 358 1948 407 ”ζ

393 428 537 478 QUAR
547 437 569 462 E
585 435 625 461 ut
638 434 731 470 quae
746 421 842 456 dieta
855 419 941 457 sunt
957 418 1263 468 comple‘c‘taniur,
1292 429 1373 454 non
1388 417 1537 455 videtur
1549 414 1768 455 hominibus
1784 418 1846 457 aut
1861 416 1951 466 aficss.

339 493 388 520 na
417 481 518 526 fides,
559 488 621 515 aut
646 475 825 513 industria
853 475 1033 524 proprias
1053 472 1148 510 circa
1176 473 1349 510 scientias
1376 471 1554 510 haetenus
1579 472 1739 510 feliciter
1768 467 1952 531 illuxiss'esff'

340 535 555 586 praesertim
577 543 695 581 quum
719 531 811 567 &in
834 527 1216 566 demonstrationibus
1236 530 1272 564 δε
1293 529 1333 564 in
1348 528 1614 578 experimentis
1637 528 1757 565 adhuc
1771 524 1950 585 cognitis,

340 602 473 643 parum
495 587 536 626 fit
561 584 736 637 praesidii.
793 581 1020 621 AEdifieium
1043 592 1172 620 autem
1198 582 1307 627 hujus
1329 580 1503 628 universi,
1528 581 1704 619 fflustura
1730 582 1802 630 sua,
1838 582 1950 629 'intel-

339 645 449 683 lectui
472 643 641 680 humano
661 638 947 688 contemplanti,
977 635 1083 675 instar
1104 636 1309 686 labyrinthi
1329 635 1398 678 est3
1427 638 1492 674 ubi
1513 647 1571 674 tot
1595 637 1771 687 ambigua
1790 637 1956 698 viarunsts

341 708 418 736 tam
439 699 587 735 fallaces
607 707 732 733 rerum
749 697 785 732 ὅ(
809 692 1001 744 fignorum
1017 691 1292 738 finiilitudineS,
1321 702 1400 728 tam
1424 692 1601 742 obliquae
1622 694 1658 729 ὃ(
1680 690 1951 746 implexaesnae

340 765 508 791 tutatum
533 752 646 805 spirae
668 753 705 789 &
728 750 834 795 nodi,
868 749 1118 797 undequaque
1141 747 1175 784 se
1198 747 1419 784 ostendunt:
1449 748 1522 784 Iter
1545 758 1684 794 autem,
1713 747 1779 786 sub
1802 747 1958 802 incerto⁴

339 808 462 846 sensus
486 811 643 853 lumine,
673 805 867 843 interdurn
887 803 1092 854 affulgente
1115 804 1309 840 interdum
1333 801 1367 839 sc
1383 803 1586 850 condente,
1616 815 1680 851 per
1701 801 1958 861 aperient-'iao

341 867 378 901 δ(
400 876 526 901 rerum
550 859 826 913 particularium
854 858 981 907 sylvas,
1010 868 1194 910 perpetuo
1214 856 1426 895 faciendum
1451 857 1510 895 cst.
1567 859 1673 910 Qin
1696 860 1814 897 etiam
1837 854 1958 900 duces-

340 921 486 956 itineris
511 918 566 965 (ut
589 917 730 955 dicium
756 915 817 963 est)
843 916 908 963 qui
931 914 965 951 se
988 913 1169 960 offerunt,
1198 916 1235 952 δε
1259 911 1325 964 ipsi
1343 912 1608 962 implicantur3
1646 923 1757 962 atque
1777 911 1952 960 errorum

343 977 381 1012 &
401 976 608 1012 errantium
629 982 833 1010 numerum
850 981 997 1019 augent.
1054 970 1099 1006 ln
1114 970 1223 1006 rebus
1242 980 1321 1006 tam
1335 968 1437 1005 duris
1458 969 1506 1005 de
1527 967 1670 1013 judicio
1688 968 1894 1007 hominum
1906 982 1955 1020 ex

341 1031 379 1066 vi
400 1031 562 1081 propria,
592 1038 654 1065 aut
678 1028 791 1063 etiam
815 1025 861 1062 de
881 1025 1060 1062 felicitate
1082 1024 1252 1070 fortuita,
1281 1022 1552 1073 desperandum
1578 1021 1653 1059 est:
1685 1022 1831 1073 Neque
1848 1018 1954 1078 enim

342 1086 588 1134 ingeniorum
617 1092 906 1131 quantacunque
932 1081 1163 1125 excellentia,
1202 1090 1326 1128 neque
1345 1078 1560 1127 experiendi
1585 1079 1663 1115 alea
1684 1077 1824 1128 {aepius
1851 1092 1954 1131 repe,-

344 1141 426 1186 t'tta,
462 1138 523 1176 ista
543 1142 692 1176 vincere
712 1147 836 1184 queat.
892 1134 1055 1184 Vestigia
1079 1134 1146 1171 filo
1167 1135 1328 1183 regenda
1350 1133 1454 1170 sunt:
1492 1133 1691 1182 omnisque
1716 1136 1774 1171 via
1795 1133 1910 1187 usque
1934 1147 1955 1176 a

341 1196 476 1255 primis
500 1193 580 1245 ipsis
600 1192 772 1230 scurnum
793 1191 1110 1239 perceptionibus,
1141 1200 1241 1226 certa
1257 1191 1403 1226 ratione
1427 1190 1646 1226 munienda.
1702 1187 1840 1238 Neque
1855 1183 1960 1239 ,haee

342 1260 393 1286 ita
409 1249 620 1297 accipienda
637 1247 732 1291 sunt,
764 1257 806 1282 ae
819 1243 844 1281 fi
860 1243 1134 1281 nihilomnino
1148 1254 1207 1281 tot
1225 1243 1387 1289 saeculis,
1416 1246 1529 1280 tantis
1550 1243 1738 1281 laboribus
1753 1245 1876 1282 aetum
1887 1242 1957 1284 lit:

343 1305 483 1351 Neque
505 1305 609 1340 enim
633 1311 877 1347 eorumquae
900 1300 1054 1335 inventa
1075 1297 1171 1344 sunt,
1202 1311 1273 1335 nos
1297 1299 1480 1348 poenitet.
1535 1298 1667 1347 Atque
1687 1297 1832 1348 antiqui
1854 1311 1956 1339 certe

344 1360 382 1395 in
404 1357 459 1403 iis,
490 1370 584 1407 quae
599 1359 639 1394 in
655 1356 813 1404 ingenio
829 1356 866 1391 ὃ(
880 1354 1130 1391 meditatione
1146 1353 1317 1390 abstracta
1335 1351 1453 1405 posita
1468 1352 1565 1400 sunt,
1595 1355 1786 1391 mirabiles
1803 1353 1839 1392 sc
1853 1357 1958 1394 viros

342 1412 564 1463 praestitere.
622 1413 783 1456 Verum,
820 1408 1146 1458 quemadmodum
1175 1408 1326 1446 sacculis
1354 1409 1555 1457 prioribus,
1600 1421 1688 1446 euni
1713 1402 1891 1462 homines
1914 1412 1958 1449 in

343 1469 558 1518 navigando
585 1478 650 1519 per
675 1464 861 1503 stellarum
890 1475 1040 1501 tantum
1069 1463 1349 1500 observationes
1379 1463 1528 1500 cursum
1557 1463 1798 1513 dirigebant,
1820 1467 1958 1504 veteris

342 1523 428 1560 sane
453 1522 686 1560 continentis
709 1532 792 1557 oras
814 1520 938 1569 legere
965 1528 1185 1570 potuerunt,
1223 1528 1286 1556 aut
1313 1520 1429 1555 maria
1447 1517 1569 1567 aliqua
1592 1521 1744 1556 minora
1773 1521 1811 1557 ὃ(
1837 1512 1958 1558 medi-

341 1589 511 1616 terranea
533 1578 723 1622 trajicere3
751 1574 966 1625 priusquam
989 1584 1116 1610 autem
1141 1585 1302 1611 oceanus
1325 1575 1570 1622 trajiceretur,
1600 1577 1637 1612 ὅ(
1660 1576 1753 1612 novi
1777 1575 1880 1613 orbis
1899 1588 1955 1614 re-

342 1635 476 1683 giones
496 1633 774 1682 detegerentur,
802 1629 944 1667 neceffe
963 1628 1048 1676 fuit,
1078 1629 1186 1666 usum
1200 1641 1286 1668 acus
1306 1631 1488 1677 nauticae,
1518 1640 1559 1667 ut
1579 1630 1713 1667 ducem
1738 1631 1819 1668 viae
1837 1629 1961 1680 magis

342 1688 462 1726 fidum
483 1691 520 1725 «Sc
543 1698 702 1733 certum,
732 1684 953 1722 innotuisse:
982 1683 1094 1722 simili
1118 1684 1266 1733 prorsus
1289 1687 1450 1731 ratione,
1480 1697 1575 1734 quae
1598 1684 1789 1733 hucusque
1811 1686 1853 1723 in
1874 1685 1958 1727 arti-

344 1745 412 1780 bus
428 1746 464 1781 &
480 1743 642 1780 scientiis
662 1744 815 1779 inventa
830 1739 928 1786 sunt,
955 1752 998 1777 ca
1019 1738 1234 1784 hujusmodi
1250 1739 1347 1786 sunt,
1377 1751 1418 1777 ut
1434 1740 1512 1787 usu,
1541 1741 1802 1787 meditatione,
1833 1740 1958 1779 obser-

342 1799 480 1845 vando,
516 1796 831 1848 argumentando,
871 1794 1022 1847 reperiri
1050 1797 1264 1844 potuerint3
1305 1806 1438 1846 utpote
1467 1807 1561 1845 quae
1592 1794 1752 1833 sensibus
1777 1794 1957 1849 propiora

343 1852 416 1891 sint
439 1857 475 1891 ὃς
502 1851 770 1891 communibus
785 1851 1008 1888 notionibus
1028 1849 1106 1888 fere
1129 1850 1359 1896 subjaceant:
1396 1853 1618 1899 Antequam
1639 1863 1731 1889 vero
1757 1851 1804 1889 ad
1831 1863 1958 1889 remo-

344 1910 443 1946 tiora
467 1911 505 1946 ὃ(
527 1906 734 1946 occultiora
747 1917 898 1943 naturae
920 1907 1030 1943 liceat
1053 1907 1251 1955 appellere,
1280 1906 1481 1944 necessario
1503 1905 1715 1955 requiritur,
1745 1916 1786 1944 ut
1812 1905 1958 1948 melior

346 1962 384 2001 &
397 1963 600 2013 perfectior
613 1963 752 2000 mentis
773 1964 810 1999 ὅ(
823 1960 1033 1998 intellectus
1048 1961 1204 1999 humani
1221 1961 1303 1999 usus
1320 1964 1357 1999 δε
1375 1962 1595 2014 adoperatio
1611 1961 1886 1999 introducatur.

400 2021 498 2056 Nos
532 2029 631 2056 certe
659 2028 816 2055 aeterno
851 2015 1014 2055 veritatis
1047 2028 1178 2053 amore
1206 2017 1355 2063 devicti,
1397 2018 1538 2055 viarum
1575 2018 1729 2054 incertis
1763 2018 1801 2054 ὃ(
1833 2016 1961 2056 arduis

345 2072 385 2111 δε
413 2072 674 2111 solitudinibus
701 2085 772 2109 nos
798 2070 1076 2112 commisimus3
1115 2075 1153 2110 ὃ(
1179 2071 1312 2110 divino
1340 2073 1479 2110 auxilio
1505 2072 1590 2109 freti
1616 2074 1653 2109 ὅ(
1680 2073 1813 2119 innixi,
1851 2084 1959 2115 nien-

343 2126 425 2165 tem
458 2129 631 2166 *nostram
664 2130 701 2165 &
734 2137 868 2165 contra
914 2128 1144 2176 opinionum
1184 2129 1382 2164 violentias
1413 2130 1450 2165 ὃ(
1484 2125 1583 2176 quasi
1621 2126 1811 2164 instructas
1849 2128 1959 2178 acies,

345 2186 384 2221 ὅ(
416 2194 548 2221 contra
582 2185 750 2233 proprias
786 2185 823 2220 ὅ(
860 2184 1026 2219 internas
1062 2180 1322 2220 haesitationes
1350 2185 1387 2220 δε
1419 2182 1624 2233 scrupulos,
1669 2183 1706 2220 &
1742 2192 1876 2220 contra
1904 2195 1959 2220 re-

345 2250 430 2276 rum
460 2240 636 2288 caligines
664 2241 701 2275 ὅ(
730 2238 860 2284 nubes,
901 2240 938 2275 δε
965 2237 1216 2286 undequaque
1244 2239 1415 2275 volantes
1443 2236 1658 2287 phantasias,
1698 2236 1962 2279 sustinuimus}

345 2292 387 2331 ‘ut
416 2294 571 2331 tandem
599 2295 717 2343 magis
744 2292 816 2330 fida
846 2295 882 2329 ὅ(
909 2292 1032 2329 secuta
1061 2293 1212 2339 indicia,
1254 2293 1465 2331 viventibus
1494 2295 1544 2340 &⁵
1560 2293 1712 2343 posteris
1739 2292 1959 2345 comParare

344 2349 544 2403 poss'cmus.
592 2350 678 2397 Qua
690 2350 730 2384 in
746 2360 785 2384 rc
800 2345 825 2384 fi
836 2348 926 2399 quid
943 2347 1229 2399 profecerimus,
1248 2359 1328 2385 non
1342 2350 1412 2386 alia
1427 2349 1512 2386 sane
1526 2350 1622 2386 ratio
1637 2348 1749 2385 nobis
1760 2349 1860 2385 viam
1875 2360 1958 2398 ape-

346 2406 433 2451 ruit,
449 2417 561 2452 quam
573 2406 706 2441 vera&
718 2403 888 2452 legitima
900 2403 1045 2452 spiritus
1058 2402 1214 2440 humani
1229 2402 1454 2442 humiliatio.
1494 2405 1642 2440 Omnes
1657 2403 1761 2440 enim
1773 2413 1860 2440 ante
1871 2415 1962 2451 noS,

346 2457 411 2506 qui
437 2460 481 2495 ad
507 2470 600 2496 artes
627 2458 870 2497 inveniendas
894 2458 929 2496 se
953 2459 1231 2510 applicuerunt,
1270 2460 1449 2501 conjectis
1478 2458 1660 2510 paulisper
1685 2460 1725 2495 in
1753 2469 1811 2495 res
1833 2459 1871 2496 ὃ(
1899 2471 1959 2496 ex·

349 2515 469 2563 exnpla
501 2516 537 2551 ὃ(
567 2515 835 2563 experientiam
863 2515 996 2560 oculis,
1034 2512 1169 2559 statim,
1210 2512 1309 2562 quasi
1329 2515 1502 2551 inventio
1530 2515 1586 2550 nil
1606 2513 1707 2550 aliud
1727 2511 1814 2550 esset
1842 2525 1959 2563 quam

348 2569 531 2616 quaedam
555 2567 792 2618 excogitatio,
820 2567 969 2618 spiritus
991 2570 1176 2618 propriOS,
1205 2579 1246 2606 ut
1263 2566 1327 2605 sibi
1348 2570 1498 2606 oracula
1518 2568 1748 2615 exhiberent,
1777 2567 1961 2618 quodam·

347 2623 470 2660 modo
492 2621 724 2662 invocarunt.
785 2626 871 2662 Nos
894 2636 985 2660 vero
1009 2625 1106 2660 inter
1130 2635 1186 2660 res
1209 2623 1300 2660 caste
1321 2626 1358 2660 δε
1380 2634 1563 2675 perpetuo
1579 2623 1777 2670 versantes,
1810 2624 1957 2666 intelle-

322 2694 325 2695 ⁷
349 2678 455 2714 &tum
478 2679 628 2727 longius
644 2690 663 2714 a
686 2680 794 2717 rebus
816 2691 895 2716 non
920 2677 1173 2724 abstrahimus,
1202 2690 1316 2726 quam
1334 2689 1373 2715 ut
1397 2691 1522 2716 reruni
1538 2680 1721 2728 imagines
1737 2681 1774 2716 ὅ(
1790 2677 1883 2717 radii
1901 2679 1958 2725 (ut

349 2733 391 2769 in
407 2732 510 2769 sensu
527 2732 580 2780 tit)
599 2735 699 2770 coire
714 2731 876 2784 possint;
899 2734 998 2771 unde
1012 2733 1066 2779 fit,
1087 2744 1128 2770 ut
1145 2733 1287 2782 ingenii
1303 2734 1441 2770 viribus
1457 2736 1494 2771 ὅ(
1508 2735 1748 2771 excellentiae
1763 2746 1845 2771 non
1860 2735 1958 2772 mul—

347 2798 431 2824 tum
444 2788 693 2835 relinquatur:
711 2791 839 2838 Atque
852 2801 964 2838 quam
981 2791 1022 2826 in
1031 2787 1264 2825 inveniendo
1278 2789 1498 2826 adhibemus
1511 2788 1778 2836 humilitatem,
1795 2790 1957 2827 candem

348 2844 386 2887 δε
412 2843 452 2879 in
477 2842 654 2879 docendo
680 2843 822 2892 sequuti
844 2844 978 2882 sumus,
1035 2845 1173 2892 Neque
1197 2845 1300 2880 enini
1325 2854 1386 2881 aut
1408 2845 1717 2881 confutationum
1742 2843 1958 2897 triumphis,

349 2907 413 2934 aut
428 2898 659 2945 antiquitatis
674 2899 995 2946 advocationibus,
1022 2909 1085 2936 aut
1101 2899 1338 2936 authoritatis
1355 2898 1595 2951 usurpatione
1611 2898 1783 2947 quadam,
1813 2910 1876 2938 aut
1891 2902 1958 2937 eti-

348 2963 412 2996 am
436 2951 668 2989 obscuritatis
691 2955 788 3000 velo,
823 2957 989 3002 aliquam
1012 2954 1069 2992 his
1083 2953 1217 2992 nostris
1241 2952 1404 2991 inventis
1424 2953 1649 2998 majestatem
1671 2956 1869 3006 imponere
1893 2965 1958 2993 aut

348 3007 552 3051 conciliare
571 3019 774 3050 conamur3
813 3011 934 3057 qualia
955 3011 1117 3061 reperire
1140 3021 1222 3046 non
1245 3005 1399 3047 difficile
1422 3009 1509 3046 ess‘ct
1529 3011 1576 3055 ei,
1613 3010 1679 3057 qui
1703 3008 1850 3046 nomini
1875 3007 1957 3057 suo,

349 3074 432 3101 non
455 3063 590 3101 animis
606 3063 766 3101 aliorum
791 3064 925 3101 lumen
945 3064 1138 3103 affundere
1157 3075 1370 3103 conaretur.
1424 3066 1520 3104 Non
1547 3064 1731 3114 (inquam)
1754 3065 1868 3103 ullam
1893 3077 1957 3102 aut

1879 3132 1961 3158 vim
