<?xml version="1.0" encoding="UTF-8"?>
<!DOCTYPE html PUBLIC "-//W3C//DTD XHTML 1.0 Transitional//EN"
    "http://www.w3.org/TR/xhtml1/DTD/xhtml1-transitional.dtd">
<html xmlns="http://www.w3.org/1999/xhtml" xml:lang="en" lang="en">
 <head>
  <title>
</title>
<meta http-equiv="Content-Type" content="text/html;charset=utf-8" />
  <meta name='ocr-system' content='tesseract 3.04.00' />
  <meta name='ocr-capabilities' content='ocr_page ocr_carea ocr_par ocr_line ocrx_word'/>
</head>
<body>
  <div class='ocr_page' id='page_1' title='image "./worksoffrancisb01baco_0226.png"; bbox 0 0 2040 3439; ppageno 0'>
   <div class='ocr_carea' id='block_1_1' title="bbox 175 173 268 209">
    <p class='ocr_par' dir='ltr' id='par_1_1' title="bbox 175 173 268 209">
     <span class='ocr_line' id='line_1_1' title="bbox 175 173 268 209; baseline -0.043 0"><span class='ocrx_word' id='word_1_1' title='bbox 175 173 268 209; x_wconf 68' lang='lat'>112</span> 
     </span>
    </p>
   </div>
   <div class='ocr_carea' id='block_1_2' title="bbox 377 143 1923 203">
    <p class='ocr_par' dir='ltr' id='par_1_2' title="bbox 377 143 1923 203">
     <span class='ocr_line' id='line_1_2' title="bbox 377 143 1923 203; baseline -0.006 -2"><span class='ocrx_word' id='word_1_2' title='bbox 377 154 477 200; x_wconf 90' lang='lat' dir='ltr'>DE</span> <span class='ocrx_word' id='word_1_3' title='bbox 530 144 1027 200; x_wconf 76' lang='lat' dir='ltr'>AUGMENTIS</span> <span class='ocrx_word' id='word_1_4' title='bbox 1064 143 1679 192; x_wconf 81' lang='lat' dir='ltr'><strong>SCIENTIARUM.</strong></span> <span class='ocrx_word' id='word_1_5' title='bbox 1731 143 1923 203; x_wconf 58' lang='lat' dir='ltr'>Libui,</span> 
     </span>
    </p>
   </div>
   <div class='ocr_carea' id='block_1_3' title="bbox 798 260 1439 316">
    <p class='ocr_par' dir='ltr' id='par_1_3' title="bbox 798 260 1439 316">
     <span class='ocr_line' id='line_1_3' title="bbox 798 260 1439 316; baseline -0.006 -12"><span class='ocrx_word' id='word_1_6' title='bbox 798 260 1101 303; x_wconf 72' lang='lat' dir='ltr'>—Premendo</span> <span class='ocrx_word' id='word_1_7' title='bbox 1117 263 1235 302; x_wconf 79' lang='lat' dir='ltr'>littus</span> <span class='ocrx_word' id='word_1_8' title='bbox 1251 262 1439 316; x_wconf 72' lang='lat' dir='ltr'>iniquum.</span> 
     </span>
    </p>
   </div>
   <div class='ocr_carea' id='block_1_4' title="bbox 313 335 1941 453">
    <p class='ocr_par' dir='ltr' id='par_1_4' title="bbox 313 335 1941 453">
     <span class='ocr_line' id='line_1_4' title="bbox 313 335 1941 395; baseline -0.003 -10"><span class='ocrx_word' id='word_1_9' title='bbox 313 347 409 385; x_wconf 85' lang='lat' dir='ltr'>Meo</span> <span class='ocrx_word' id='word_1_10' title='bbox 430 345 454 384; x_wconf 85' lang='lat' dir='ltr'>si</span> <span class='ocrx_word' id='word_1_11' title='bbox 469 347 624 395; x_wconf 83' lang='lat' dir='ltr'>quidem</span> <span class='ocrx_word' id='word_1_12' title='bbox 646 345 801 391; x_wconf 71' lang='lat' dir='ltr'>iudicio,</span> <span class='ocrx_word' id='word_1_13' title='bbox 837 343 897 379; x_wconf 81' lang='lat' dir='ltr'>vix</span> <span class='ocrx_word' id='word_1_14' title='bbox 918 335 1031 393; x_wconf 80' lang='lat' dir='ltr'>possit</span> <span class='ocrx_word' id='word_1_15' title='bbox 1053 339 1194 391; x_wconf 88' lang='lat' dir='ltr'>aliquid</span> <span class='ocrx_word' id='word_1_16' title='bbox 1210 341 1248 377; x_wconf 89' lang='lat' dir='ltr'>in</span> <span class='ocrx_word' id='word_1_17' title='bbox 1271 351 1402 377; x_wconf 86' lang='lat' dir='ltr'>natura</span> <span class='ocrx_word' id='word_1_18' title='bbox 1426 340 1600 378; x_wconf 79' lang='lat' dir='ltr'>radicitus</span> <span class='ocrx_word' id='word_1_19' title='bbox 1620 338 1714 376; x_wconf 87' lang='lat' dir='ltr'>verti</span> <span class='ocrx_word' id='word_1_20' title='bbox 1734 350 1797 378; x_wconf 90' lang='lat' dir='ltr'>aut</span> <span class='ocrx_word' id='word_1_21' title='bbox 1817 342 1941 380; x_wconf 47' lang='lat' dir='ltr'>inno-2</span> 
     </span>
     <span class='ocr_line' id='line_1_5' title="bbox 315 395 1934 453; baseline -0.002 -15"><span class='ocrx_word' id='word_1_22' title='bbox 315 405 403 448; x_wconf 87' lang='lat' dir='ltr'>vari,</span> <span class='ocrx_word' id='word_1_23' title='bbox 439 403 498 439; x_wconf 85' lang='lat' dir='ltr'>vel</span> <span class='ocrx_word' id='word_1_24' title='bbox 523 414 589 453; x_wconf 92' lang='lat' dir='ltr'>per</span> <span class='ocrx_word' id='word_1_25' title='bbox 612 399 715 437; x_wconf 87' lang='lat' dir='ltr'>casus</span> <span class='ocrx_word' id='word_1_26' title='bbox 735 399 884 445; x_wconf 86' lang='lat' dir='ltr'>aliquos</span> <span class='ocrx_word' id='word_1_27' title='bbox 906 395 1100 441; x_wconf 86' lang='lat' dir='ltr'>fortuitos,</span> <span class='ocrx_word' id='word_1_28' title='bbox 1138 396 1195 433; x_wconf 80' lang='lat' dir='ltr'>vel</span> <span class='ocrx_word' id='word_1_29' title='bbox 1219 407 1285 444; x_wconf 87' lang='lat' dir='ltr'>per</span> <span class='ocrx_word' id='word_1_30' title='bbox 1308 405 1544 432; x_wconf 83' lang='lat' dir='ltr'>tentamenta</span> <span class='ocrx_word' id='word_1_31' title='bbox 1567 397 1934 445; x_wconf 79' lang='lat' dir='ltr'>experimentorum,</span> 
     </span>
    </p>
   </div>
   <div class='ocr_carea' id='block_1_5' title="bbox 301 448 1932 501">
    <p class='ocr_par' dir='ltr' id='par_1_5' title="bbox 301 448 1932 501">
     <span class='ocr_line' id='line_1_6' title="bbox 301 448 1932 501; baseline -0.004 -7"><span class='ocrx_word' id='word_1_32' title='bbox 301 456 374 494; x_wconf 72' lang='lat' dir='ltr'>&#39;vel</span> <span class='ocrx_word' id='word_1_33' title='bbox 398 469 441 494; x_wconf 88' lang='lat' dir='ltr'>ex</span> <span class='ocrx_word' id='word_1_34' title='bbox 463 457 544 493; x_wconf 88' lang='lat' dir='ltr'>luce</span> <span class='ocrx_word' id='word_1_35' title='bbox 564 453 756 492; x_wconf 78' lang='lat' dir='ltr'>causarum</span> <span class='ocrx_word' id='word_1_36' title='bbox 781 448 1026 501; x_wconf 74' lang='lat' dir='ltr'>physicarum,</span> <span class='ocrx_word' id='word_1_37' title='bbox 1061 449 1121 486; x_wconf 85' lang='lat' dir='ltr'>sed</span> <span class='ocrx_word' id='word_1_38' title='bbox 1144 449 1394 487; x_wconf 85' lang='lat' dir='ltr'>solummodo</span> <span class='ocrx_word' id='word_1_39' title='bbox 1417 461 1481 499; x_wconf 86' lang='lat' dir='ltr'>per</span> <span class='ocrx_word' id='word_1_40' title='bbox 1505 449 1767 487; x_wconf 71' lang='lat' dir='ltr'>inventionem</span> <span class='ocrx_word' id='word_1_41' title='bbox 1793 449 1932 489; x_wconf 74' lang='lat' dir='ltr'>forma-</span> 
     </span>
    </p>
   </div>
   <div class='ocr_carea' id='block_1_6' title="bbox 313 502 1947 3085">
    <p class='ocr_par' dir='ltr' id='par_1_6' title="bbox 313 502 1945 3039">
     <span class='ocr_line' id='line_1_7' title="bbox 314 502 1936 559; baseline -0.003 -11"><span class='ocrx_word' id='word_1_42' title='bbox 314 522 413 550; x_wconf 88' lang='lat' dir='ltr'>rum.</span> <span class='ocrx_word' id='word_1_43' title='bbox 471 510 508 547; x_wconf 86' lang='lat' dir='ltr'>Si</span> <span class='ocrx_word' id='word_1_44' title='bbox 534 511 648 559; x_wconf 89' lang='lat' dir='ltr'>igitur</span> <span class='ocrx_word' id='word_1_45' title='bbox 672 504 866 544; x_wconf 78' lang='lat' dir='ltr'>desiderari</span> <span class='ocrx_word' id='word_1_46' title='bbox 895 516 978 541; x_wconf 89' lang='lat' dir='ltr'>cam</span> <span class='ocrx_word' id='word_1_47' title='bbox 1005 515 1151 556; x_wconf 84' lang='lat' dir='ltr'>partem</span> <span class='ocrx_word' id='word_1_48' title='bbox 1175 502 1457 556; x_wconf 77' lang='lat' dir='ltr'>metaphysicae,</span> <span class='ocrx_word' id='word_1_49' title='bbox 1495 516 1589 553; x_wconf 85' lang='lat' dir='ltr'>quae</span> <span class='ocrx_word' id='word_1_50' title='bbox 1615 505 1661 541; x_wconf 90' lang='lat' dir='ltr'>de</span> <span class='ocrx_word' id='word_1_51' title='bbox 1682 505 1817 542; x_wconf 82' lang='lat' dir='ltr'>formis</span> <span class='ocrx_word' id='word_1_52' title='bbox 1843 509 1936 556; x_wconf 75' lang='lat' dir='ltr'>agit,</span> 
     </span>
     <span class='ocr_line' id='line_1_8' title="bbox 313 558 1935 616; baseline -0.002 -14"><span class='ocrx_word' id='word_1_53' title='bbox 313 566 526 616; x_wconf 66' lang='lat' dir='ltr'>posuimuss</span> <span class='ocrx_word' id='word_1_54' title='bbox 557 563 738 612; x_wconf 83' lang='lat' dir='ltr'>sequitur,</span> <span class='ocrx_word' id='word_1_55' title='bbox 765 572 806 598; x_wconf 90' lang='lat' dir='ltr'>ut</span> <span class='ocrx_word' id='word_1_56' title='bbox 829 560 1007 598; x_wconf 80' lang='lat' dir='ltr'>naturalis</span> <span class='ocrx_word' id='word_1_57' title='bbox 1030 561 1144 597; x_wconf 83' lang='lat' dir='ltr'>etiam</span> <span class='ocrx_word' id='word_1_58' title='bbox 1167 561 1300 608; x_wconf 79' lang='lat' dir='ltr'>magia,</span> <span class='ocrx_word' id='word_1_59' title='bbox 1339 571 1433 607; x_wconf 87' lang='lat' dir='ltr'>quae</span> <span class='ocrx_word' id='word_1_60' title='bbox 1456 560 1500 596; x_wconf 89' lang='lat' dir='ltr'>ad</span> <span class='ocrx_word' id='word_1_61' title='bbox 1525 571 1606 596; x_wconf 86' lang='lat' dir='ltr'>earn</span> <span class='ocrx_word' id='word_1_62' title='bbox 1633 558 1682 596; x_wconf 85' lang='lat' dir='ltr'>est</span> <span class='ocrx_word' id='word_1_63' title='bbox 1703 561 1867 607; x_wconf 79' lang='lat' dir='ltr'>relativa,</span> <span class='ocrx_word' id='word_1_64' title='bbox 1894 559 1935 598; x_wconf 74' lang='lat' dir='ltr'>fi-</span> 
     </span>
     <span class='ocr_line' id='line_1_9' title="bbox 314 613 1935 664; baseline -0.002 -7"><span class='ocrx_word' id='word_1_65' title='bbox 314 619 454 657; x_wconf 78' lang='lat' dir='ltr'>mili&#39;ter</span> <span class='ocrx_word' id='word_1_66' title='bbox 478 617 713 655; x_wconf 79' lang='lat' dir='ltr'>defideretur.</span> <span class='ocrx_word' id='word_1_67' title='bbox 770 617 914 653; x_wconf 87' lang='lat' dir='ltr'>Verum</span> <span class='ocrx_word' id='word_1_68' title='bbox 940 615 1013 652; x_wconf 80' lang='lat' dir='ltr'>hoc</span> <span class='ocrx_word' id='word_1_69' title='bbox 1038 616 1127 651; x_wconf 89' lang='lat' dir='ltr'>loco</span> <span class='ocrx_word' id='word_1_70' title='bbox 1151 613 1415 664; x_wconf 81' lang='lat' dir='ltr'>postulandum</span> <span class='ocrx_word' id='word_1_71' title='bbox 1439 615 1601 662; x_wconf 72' lang='lat' dir='ltr'>videtur,</span> <span class='ocrx_word' id='word_1_72' title='bbox 1638 626 1679 652; x_wconf 90' lang='lat' dir='ltr'>ut</span> <span class='ocrx_word' id='word_1_73' title='bbox 1703 615 1935 653; x_wconf 81' lang='lat' dir='ltr'>vocabulum</span> 
     </span>
     <span class='ocr_line' id='line_1_10' title="bbox 314 670 1929 723; baseline -0.002 -11"><span class='ocrx_word' id='word_1_74' title='bbox 314 675 408 712; x_wconf 87' lang='lat' dir='ltr'>istud</span> <span class='ocrx_word' id='word_1_75' title='bbox 429 676 587 723; x_wconf 84' lang='lat' dir='ltr'>magiae,</span> <span class='ocrx_word' id='word_1_76' title='bbox 615 675 654 710; x_wconf 94' lang='lat' dir='ltr'>in</span> <span class='ocrx_word' id='word_1_77' title='bbox 679 670 906 710; x_wconf 81' lang='lat' dir='ltr'>deteriorem</span> <span class='ocrx_word' id='word_1_78' title='bbox 928 680 1074 719; x_wconf 83' lang='lat' dir='ltr'>partem</span> <span class='ocrx_word' id='word_1_79' title='bbox 1099 671 1177 715; x_wconf 84' lang='lat' dir='ltr'>jam·</span> <span class='ocrx_word' id='word_1_80' title='bbox 1197 670 1344 721; x_wconf 80' lang='lat' dir='ltr'>pridem</span> <span class='ocrx_word' id='word_1_81' title='bbox 1365 680 1573 721; x_wconf 88' lang='lat' dir='ltr'>acceptum,</span> <span class='ocrx_word' id='word_1_82' title='bbox 1613 671 1772 717; x_wconf 76' lang='lat' dir='ltr'>antiquo</span> <span class='ocrx_word' id='word_1_83' title='bbox 1797 672 1834 707; x_wconf 73' lang='grc' dir='ltr'>δε</span> <span class='ocrx_word' id='word_1_84' title='bbox 1857 671 1929 708; x_wconf 77' lang='lat' dir='ltr'>ho-</span> 
     </span>
     <span class='ocr_line' id='line_1_11' title="bbox 315 722 1938 776; baseline -0.002 -10"><span class='ocrx_word' id='word_1_85' title='bbox 315 728 478 767; x_wconf 84' lang='lat' dir='ltr'>norifico</span> <span class='ocrx_word' id='word_1_86' title='bbox 502 728 621 765; x_wconf 86' lang='lat' dir='ltr'>sensui</span> <span class='ocrx_word' id='word_1_87' title='bbox 650 727 869 765; x_wconf 89' lang='lat' dir='ltr'>restituatur.</span> <span class='ocrx_word' id='word_1_88' title='bbox 926 726 1080 762; x_wconf 81' lang='lat' dir='ltr'>Etenim</span> <span class='ocrx_word' id='word_1_89' title='bbox 1110 726 1233 774; x_wconf 81' lang='lat' dir='ltr'>magia</span> <span class='ocrx_word' id='word_1_90' title='bbox 1261 724 1357 774; x_wconf 84' lang='lat' dir='ltr'>apud</span> <span class='ocrx_word' id='word_1_91' title='bbox 1388 724 1512 762; x_wconf 82' lang='lat' dir='ltr'>Persas</span> <span class='ocrx_word' id='word_1_92' title='bbox 1542 737 1613 774; x_wconf 89' lang='lat' dir='ltr'>pro</span> <span class='ocrx_word' id='word_1_93' title='bbox 1643 725 1819 776; x_wconf 80' lang='lat' dir='ltr'>sapientia</span> <span class='ocrx_word' id='word_1_94' title='bbox 1848 722 1938 763; x_wconf 56' lang='lat' dir='ltr'>sub!</span> 
     </span>
     <span class='ocr_line' id='line_1_12' title="bbox 315 778 1937 832; baseline -0.002 -10"><span class='ocrx_word' id='word_1_95' title='bbox 315 786 412 831; x_wconf 85' lang='lat' dir='ltr'>limi,</span> <span class='ocrx_word' id='word_1_96' title='bbox 448 786 484 822; x_wconf 72' lang='grc' dir='ltr'>ὅ(</span> <span class='ocrx_word' id='word_1_97' title='bbox 506 783 657 821; x_wconf 81' lang='lat' dir='ltr'>scientia</span> <span class='ocrx_word' id='word_1_98' title='bbox 679 780 932 820; x_wconf 79' lang='lat' dir='ltr'>consensuum</span> <span class='ocrx_word' id='word_1_99' title='bbox 954 791 1080 817; x_wconf 87' lang='lat' dir='ltr'>rerum</span> <span class='ocrx_word' id='word_1_100' title='bbox 1105 778 1383 825; x_wconf 79' lang='lat' dir='ltr'>universalium,</span> <span class='ocrx_word' id='word_1_101' title='bbox 1421 779 1694 832; x_wconf 45' lang='lat' dir='ltr'>accizpiebaturz</span> <span class='ocrx_word' id='word_1_102' title='bbox 1728 790 1839 829; x_wconf 86' lang='lat' dir='ltr'>atquc</span> <span class='ocrx_word' id='word_1_103' title='bbox 1863 782 1937 818; x_wconf 62' lang='lat' dir='ltr'>eti·v</span> 
     </span>
     <span class='ocr_line' id='line_1_13' title="bbox 317 834 1936 889; baseline -0.002 -12"><span class='ocrx_word' id='word_1_104' title='bbox 317 851 378 877; x_wconf 86' lang='lat' dir='ltr'>am</span> <span class='ocrx_word' id='word_1_105' title='bbox 394 851 467 876; x_wconf 89' lang='lat' dir='ltr'>tres</span> <span class='ocrx_word' id='word_1_106' title='bbox 482 840 541 876; x_wconf 79' lang='lat' dir='ltr'>illi&#39;</span> <span class='ocrx_word' id='word_1_107' title='bbox 552 849 668 889; x_wconf 86' lang='lat' dir='ltr'>reges,</span> <span class='ocrx_word' id='word_1_108' title='bbox 688 839 753 887; x_wconf 90' lang='lat' dir='ltr'>qui</span> <span class='ocrx_word' id='word_1_109' title='bbox 769 837 815 874; x_wconf 86' lang='lat' dir='ltr'>ab</span> <span class='ocrx_word' id='word_1_110' title='bbox 827 836 974 873; x_wconf 82' lang='lat' dir='ltr'>oriente</span> <span class='ocrx_word' id='word_1_111' title='bbox 989 835 1034 872; x_wconf 88' lang='lat' dir='ltr'>ad</span> <span class='ocrx_word' id='word_1_112' title='bbox 1049 834 1243 888; x_wconf 82' lang='lat' dir='ltr'>Christum</span> <span class='ocrx_word' id='word_1_113' title='bbox 1258 834 1492 872; x_wconf 86' lang='lat' dir='ltr'>adorandum</span> <span class='ocrx_word' id='word_1_114' title='bbox 1509 845 1708 880; x_wconf 80' lang='lat' dir='ltr'>venerunt,</span> <span class='ocrx_word' id='word_1_115' title='bbox 1729 839 1936 885; x_wconf 72' lang='lat' dir='ltr'>magorum</span> 
     </span>
     <span class='ocr_line' id='line_1_14' title="bbox 316 888 1934 939; baseline -0.002 -7"><span class='ocrx_word' id='word_1_116' title='bbox 316 895 479 932; x_wconf 88' lang='lat' dir='ltr'>nomine</span> <span class='ocrx_word' id='word_1_117' title='bbox 502 895 744 932; x_wconf 80' lang='lat' dir='ltr'>vocabantur.</span> <span class='ocrx_word' id='word_1_118' title='bbox 802 893 886 929; x_wconf 82' lang='lat' dir='ltr'>Nos</span> <span class='ocrx_word' id='word_1_119' title='bbox 907 902 998 928; x_wconf 92' lang='lat' dir='ltr'>vero</span> <span class='ocrx_word' id='word_1_120' title='bbox 1014 902 1096 927; x_wconf 87' lang='lat' dir='ltr'>eam</span> <span class='ocrx_word' id='word_1_121' title='bbox 1120 891 1189 926; x_wconf 88' lang='lat' dir='ltr'>illo</span> <span class='ocrx_word' id='word_1_122' title='bbox 1204 891 1244 926; x_wconf 90' lang='lat' dir='ltr'>in</span> <span class='ocrx_word' id='word_1_123' title='bbox 1270 888 1375 927; x_wconf 87' lang='lat' dir='ltr'>sensu</span> <span class='ocrx_word' id='word_1_124' title='bbox 1396 891 1657 939; x_wconf 72' lang='lat' dir='ltr'>intelligimus,</span> <span class='ocrx_word' id='word_1_125' title='bbox 1686 898 1728 927; x_wconf 91' lang='lat' dir='ltr'>ut</span> <span class='ocrx_word' id='word_1_126' title='bbox 1753 888 1794 928; x_wconf 80' lang='lat' dir='ltr'>sit</span> <span class='ocrx_word' id='word_1_127' title='bbox 1819 889 1934 929; x_wconf 74' lang='lat' dir='ltr'>scien-</span> 
     </span>
     <span class='ocr_line' id='line_1_15' title="bbox 315 943 1937 999; baseline -0.002 -12"><span class='ocrx_word' id='word_1_128' title='bbox 315 950 379 997; x_wconf 84' lang='lat' dir='ltr'>tia,</span> <span class='ocrx_word' id='word_1_129' title='bbox 408 960 508 998; x_wconf 77' lang='lat' dir='ltr'>qnae</span> <span class='ocrx_word' id='word_1_130' title='bbox 518 949 781 999; x_wconf 85' lang='lat' dir='ltr'>cognitionem</span> <span class='ocrx_word' id='word_1_131' title='bbox 797 947 1006 984; x_wconf 82' lang='lat' dir='ltr'>formarum</span> <span class='ocrx_word' id='word_1_132' title='bbox 1022 945 1232 982; x_wconf 79' lang='lat' dir='ltr'>abditarum</span> <span class='ocrx_word' id='word_1_133' title='bbox 1249 945 1293 982; x_wconf 90' lang='lat' dir='ltr'>ad</span> <span class='ocrx_word' id='word_1_134' title='bbox 1310 957 1421 994; x_wconf 91' lang='lat' dir='ltr'>opera</span> <span class='ocrx_word' id='word_1_135' title='bbox 1438 944 1656 982; x_wconf 83' lang='lat' dir='ltr'>admiranda</span> <span class='ocrx_word' id='word_1_136' title='bbox 1671 944 1854 987; x_wconf 54' lang='lat' dir='ltr'>deducam</span> <span class='ocrx_word' id='word_1_137' title='bbox 1882 943 1937 983; x_wconf 48' lang='lat' dir='ltr'>at*</span> 
     </span>
     <span class='ocr_line' id='line_1_16' title="bbox 318 997 1938 1054; baseline -0.002 -12"><span class='ocrx_word' id='word_1_138' title='bbox 318 1017 392 1054; x_wconf 87' lang='lat' dir='ltr'>que</span> <span class='ocrx_word' id='word_1_139' title='bbox 421 1005 525 1053; x_wconf 86' lang='lat' dir='ltr'>quod</span> <span class='ocrx_word' id='word_1_140' title='bbox 553 1006 627 1041; x_wconf 83' lang='lat' dir='ltr'>dici</span> <span class='ocrx_word' id='word_1_141' title='bbox 654 1004 760 1049; x_wconf 82' lang='lat' dir='ltr'>solet,</span> <span class='ocrx_word' id='word_1_142' title='bbox 801 1002 916 1038; x_wconf 68' lang='lat' dir='ltr'>affiva</span> <span class='ocrx_word' id='word_1_143' title='bbox 946 1012 1033 1038; x_wconf 87' lang='lat' dir='ltr'>curn</span> <span class='ocrx_word' id='word_1_144' title='bbox 1067 997 1213 1050; x_wconf 81' lang='lat' dir='ltr'>paliivis</span> <span class='ocrx_word' id='word_1_145' title='bbox 1242 1000 1528 1050; x_wconf 76' lang='lat' dir='ltr'>coniungendo,</span> <span class='ocrx_word' id='word_1_146' title='bbox 1569 1000 1755 1049; x_wconf 82' lang='lat' dir='ltr'>magnalia</span> <span class='ocrx_word' id='word_1_147' title='bbox 1783 998 1938 1039; x_wconf 63' lang='lat' dir='ltr'>naturae</span> 
     </span>
     <span class='ocr_line' id='line_1_17' title="bbox 316 1054 1935 1107; baseline -0.002 -10"><span class='ocrx_word' id='word_1_148' title='bbox 316 1059 538 1098; x_wconf 79' lang='lat' dir='ltr'>manifestet.</span> <span class='ocrx_word' id='word_1_149' title='bbox 596 1062 699 1097; x_wconf 88' lang='lat' dir='ltr'>Nam</span> <span class='ocrx_word' id='word_1_150' title='bbox 724 1067 909 1106; x_wconf 82' lang='lat' dir='ltr'>quantum</span> <span class='ocrx_word' id='word_1_151' title='bbox 931 1056 974 1091; x_wconf 85' lang='lat' dir='ltr'>ad</span> <span class='ocrx_word' id='word_1_152' title='bbox 991 1057 1199 1092; x_wconf 74' lang='lat' dir='ltr'>naturalem</span> <span class='ocrx_word' id='word_1_153' title='bbox 1222 1058 1396 1104; x_wconf 69' lang='lat' dir='ltr'>nmgiam,</span> <span class='ocrx_word' id='word_1_154' title='bbox 1429 1058 1537 1103; x_wconf 80' lang='lat' dir='ltr'>(quac</span> <span class='ocrx_word' id='word_1_155' title='bbox 1562 1057 1601 1092; x_wconf 91' lang='lat' dir='ltr'>in</span> <span class='ocrx_word' id='word_1_156' title='bbox 1624 1056 1728 1092; x_wconf 88' lang='lat' dir='ltr'>libris</span> <span class='ocrx_word' id='word_1_157' title='bbox 1752 1054 1935 1107; x_wconf 87' lang='lat' dir='ltr'>plurimo-</span> 
     </span>
     <span class='ocr_line' id='line_1_18' title="bbox 317 1109 1935 1161; baseline -0.002 -9"><span class='ocrx_word' id='word_1_158' title='bbox 317 1127 403 1153; x_wconf 87' lang='lat' dir='ltr'>rum</span> <span class='ocrx_word' id='word_1_159' title='bbox 430 1113 593 1161; x_wconf 77' lang='lat' dir='ltr'>volitat,)</span> <span class='ocrx_word' id='word_1_160' title='bbox 633 1114 799 1151; x_wconf 87' lang='lat' dir='ltr'>credulas</span> <span class='ocrx_word' id='word_1_161' title='bbox 828 1110 1004 1159; x_wconf 78' lang='lat' dir='ltr'>qiasdam</span> <span class='ocrx_word' id='word_1_162' title='bbox 1035 1113 1071 1148; x_wconf 70' lang='grc' dir='ltr'>δε</span> <span class='ocrx_word' id='word_1_163' title='bbox 1101 1110 1363 1159; x_wconf 80' lang='lat' dir='ltr'>superstitiosas</span> <span class='ocrx_word' id='word_1_164' title='bbox 1391 1109 1614 1147; x_wconf 79' lang='lat' dir='ltr'>traditiones</span> <span class='ocrx_word' id='word_1_165' title='bbox 1640 1113 1676 1148; x_wconf 76' lang='grc' dir='ltr'>ὅ(</span> <span class='ocrx_word' id='word_1_166' title='bbox 1705 1110 1935 1149; x_wconf 82' lang='lat' dir='ltr'>observatio-</span> 
     </span>
     <span class='ocr_line' id='line_1_19' title="bbox 317 1164 1936 1222; baseline -0.004 -12"><span class='ocrx_word' id='word_1_167' title='bbox 317 1183 397 1218; x_wconf 86' lang='lat' dir='ltr'>nes,</span> <span class='ocrx_word' id='word_1_168' title='bbox 426 1169 473 1206; x_wconf 90' lang='lat' dir='ltr'>de</span> <span class='ocrx_word' id='word_1_169' title='bbox 498 1170 714 1222; x_wconf 86' lang='lat' dir='ltr'>sympathiis</span> <span class='ocrx_word' id='word_1_170' title='bbox 735 1171 771 1205; x_wconf 69' lang='grc' dir='ltr'>ὃς</span> <span class='ocrx_word' id='word_1_171' title='bbox 795 1166 1010 1214; x_wconf 79' lang='lat' dir='ltr'>antipathiis</span> <span class='ocrx_word' id='word_1_172' title='bbox 1036 1178 1174 1211; x_wconf 84' lang='lat' dir='ltr'>rerum,</span> <span class='ocrx_word' id='word_1_173' title='bbox 1204 1176 1315 1217; x_wconf 79' lang='lat' dir='ltr'>atque</span> <span class='ocrx_word' id='word_1_174' title='bbox 1336 1166 1383 1203; x_wconf 87' lang='lat' dir='ltr'>de</span> <span class='ocrx_word' id='word_1_175' title='bbox 1407 1167 1566 1203; x_wconf 88' lang='lat' dir='ltr'>occultis</span> <span class='ocrx_word' id='word_1_176' title='bbox 1587 1168 1623 1203; x_wconf 82' lang='lat'>&amp;</span> <span class='ocrx_word' id='word_1_177' title='bbox 1649 1164 1826 1215; x_wconf 78' lang='lat' dir='ltr'>specificis</span> <span class='ocrx_word' id='word_1_178' title='bbox 1846 1178 1936 1216; x_wconf 86' lang='lat' dir='ltr'>pro-</span> 
     </span>
     <span class='ocr_line' id='line_1_20' title="bbox 317 1220 1938 1276; baseline -0.001 -14"><span class='ocrx_word' id='word_1_179' title='bbox 317 1226 535 1276; x_wconf 85' lang='lat' dir='ltr'>prietatibus</span> <span class='ocrx_word' id='word_1_180' title='bbox 559 1224 889 1274; x_wconf 59' lang='lat' dir='ltr'>complectentem,</span> <span class='ocrx_word' id='word_1_181' title='bbox 919 1232 1006 1258; x_wconf 92' lang='lat' dir='ltr'>cum</span> <span class='ocrx_word' id='word_1_182' title='bbox 1033 1220 1179 1257; x_wconf 81' lang='lat' dir='ltr'>frivolis</span> <span class='ocrx_word' id='word_1_183' title='bbox 1203 1230 1243 1257; x_wconf 89' lang='lat' dir='ltr'>ut</span> <span class='ocrx_word' id='word_1_184' title='bbox 1269 1221 1475 1270; x_wconf 84' lang='lat' dir='ltr'>plurimum</span> <span class='ocrx_word' id='word_1_185' title='bbox 1501 1222 1778 1270; x_wconf 80' lang='lat' dir='ltr'>experimentis,</span> <span class='ocrx_word' id='word_1_186' title='bbox 1808 1223 1938 1274; x_wconf 71' lang='lat' dir='ltr'>potius</span> 
     </span>
     <span class='ocr_line' id='line_1_21' title="bbox 319 1274 1937 1328; baseline -0.002 -10"><span class='ocrx_word' id='word_1_187' title='bbox 319 1280 537 1318; x_wconf 89' lang='lat' dir='ltr'>occultandi</span> <span class='ocrx_word' id='word_1_188' title='bbox 558 1279 718 1316; x_wconf 84' lang='lat' dir='ltr'>artificio</span> <span class='ocrx_word' id='word_1_189' title='bbox 743 1280 780 1315; x_wconf 73' lang='grc' dir='ltr'>δε</span> <span class='ocrx_word' id='word_1_190' title='bbox 808 1278 908 1314; x_wconf 82' lang='lat' dir='ltr'>larva</span> <span class='ocrx_word' id='word_1_191' title='bbox 934 1287 1047 1324; x_wconf 85' lang='lat' dir='ltr'>quam</span> <span class='ocrx_word' id='word_1_192' title='bbox 1071 1287 1111 1311; x_wconf 86' lang='lat' dir='ltr'>re</span> <span class='ocrx_word' id='word_1_193' title='bbox 1138 1274 1212 1326; x_wconf 76' lang='lat' dir='ltr'>ipsa</span> <span class='ocrx_word' id='word_1_194' title='bbox 1240 1275 1490 1312; x_wconf 78' lang='lat' dir='ltr'>admirandis:</span> <span class='ocrx_word' id='word_1_195' title='bbox 1530 1288 1610 1313; x_wconf 90' lang='lat' dir='ltr'>non</span> <span class='ocrx_word' id='word_1_196' title='bbox 1638 1277 1813 1313; x_wconf 86' lang='lat' dir='ltr'>erraverit</span> <span class='ocrx_word' id='word_1_197' title='bbox 1833 1274 1937 1328; x_wconf 63' lang='lat' dir='ltr'>Line,</span> 
     </span>
     <span class='ocr_line' id='line_1_22' title="bbox 320 1329 1941 1385; baseline -0.002 -12"><span class='ocrx_word' id='word_1_198' title='bbox 320 1334 386 1385; x_wconf 85' lang='lat' dir='ltr'>qui</span> <span class='ocrx_word' id='word_1_199' title='bbox 408 1346 490 1372; x_wconf 85' lang='lat' dir='ltr'>eam</span> <span class='ocrx_word' id='word_1_200' title='bbox 514 1330 646 1372; x_wconf 81' lang='lat' dir='ltr'>dixerit</span> <span class='ocrx_word' id='word_1_201' title='bbox 668 1345 689 1371; x_wconf 92' lang='lat' dir='ltr'>a</span> <span class='ocrx_word' id='word_1_202' title='bbox 712 1331 872 1378; x_wconf 86' lang='lat' dir='ltr'>scientia,</span> <span class='ocrx_word' id='word_1_203' title='bbox 910 1342 1024 1380; x_wconf 90' lang='lat' dir='ltr'>quam</span> <span class='ocrx_word' id='word_1_204' title='bbox 1050 1332 1277 1379; x_wconf 79' lang='lat' dir='ltr'>quaerimus,</span> <span class='ocrx_word' id='word_1_205' title='bbox 1306 1341 1453 1367; x_wconf 85' lang='lat' dir='ltr'>tantum</span> <span class='ocrx_word' id='word_1_206' title='bbox 1483 1329 1624 1378; x_wconf 84' lang='lat' dir='ltr'>distare,</span> <span class='ocrx_word' id='word_1_207' title='bbox 1661 1330 1790 1379; x_wconf 76' lang='lat' dir='ltr'>quoad</span> <span class='ocrx_word' id='word_1_208' title='bbox 1807 1332 1941 1370; x_wconf 76' lang='lat' dir='ltr'>verita-</span> 
     </span>
     <span class='ocr_line' id='line_1_23' title="bbox 317 1385 1938 1438; baseline -0.002 -10"><span class='ocrx_word' id='word_1_209' title='bbox 317 1402 398 1428; x_wconf 89' lang='lat' dir='ltr'>tem</span> <span class='ocrx_word' id='word_1_210' title='bbox 420 1401 585 1437; x_wconf 88' lang='lat' dir='ltr'>naturae,</span> <span class='ocrx_word' id='word_1_211' title='bbox 613 1399 797 1438; x_wconf 85' lang='lat' dir='ltr'>quantum</span> <span class='ocrx_word' id='word_1_212' title='bbox 818 1385 903 1424; x_wconf 84' lang='lat' dir='ltr'>libri</span> <span class='ocrx_word' id='word_1_213' title='bbox 929 1398 1054 1423; x_wconf 86' lang='lat' dir='ltr'>rerum</span> <span class='ocrx_word' id='word_1_214' title='bbox 1077 1386 1259 1436; x_wconf 77' lang='lat' dir='ltr'>gestarum</span> <span class='ocrx_word' id='word_1_215' title='bbox 1278 1386 1437 1423; x_wconf 76' lang='lat' dir='ltr'>Arthuri</span> <span class='ocrx_word' id='word_1_216' title='bbox 1466 1398 1508 1423; x_wconf 86' lang='lat' dir='ltr'>cx</span> <span class='ocrx_word' id='word_1_217' title='bbox 1534 1385 1736 1432; x_wconf 73' lang='lat' dir='ltr'>Britannia,</span> <span class='ocrx_word' id='word_1_218' title='bbox 1774 1397 1837 1438; x_wconf 85' lang='lat' dir='ltr'>aut</span> <span class='ocrx_word' id='word_1_219' title='bbox 1860 1387 1938 1426; x_wconf 85' lang='lat' dir='ltr'>Hu-</span> 
     </span>
     <span class='ocr_line' id='line_1_24' title="bbox 320 1440 1937 1496; baseline -0.002 -13"><span class='ocrx_word' id='word_1_220' title='bbox 320 1447 432 1496; x_wconf 87' lang='lat' dir='ltr'>gonis</span> <span class='ocrx_word' id='word_1_221' title='bbox 455 1442 742 1495; x_wconf 65' lang='lat' dir='ltr'>BurdegalenKiS,</span> <span class='ocrx_word' id='word_1_222' title='bbox 774 1445 810 1481; x_wconf 76' lang='grc' dir='ltr'>ὅ(</span> <span class='ocrx_word' id='word_1_223' title='bbox 834 1440 1049 1488; x_wconf 82' lang='lat' dir='ltr'>hujusmodi</span> <span class='ocrx_word' id='word_1_224' title='bbox 1065 1441 1226 1479; x_wconf 89' lang='lat' dir='ltr'>heroum</span> <span class='ocrx_word' id='word_1_225' title='bbox 1247 1441 1518 1487; x_wconf 79' lang='lat' dir='ltr'>umbratilium,</span> <span class='ocrx_word' id='word_1_226' title='bbox 1549 1440 1732 1479; x_wconf 82' lang='lat' dir='ltr'>differunt</span> <span class='ocrx_word' id='word_1_227' title='bbox 1756 1453 1776 1478; x_wconf 82' lang='lat' dir='ltr'>a</span> <span class='ocrx_word' id='word_1_228' title='bbox 1802 1441 1937 1480; x_wconf 76' lang='lat' dir='ltr'>Ca&#39;e&#39;sa-</span> 
     </span>
     <span class='ocr_line' id='line_1_25' title="bbox 319 1496 1934 1549; baseline -0.002 -10"><span class='ocrx_word' id='word_1_229' title='bbox 319 1503 372 1539; x_wconf 84' lang='lat' dir='ltr'>ris</span> <span class='ocrx_word' id='word_1_230' title='bbox 389 1501 686 1548; x_wconf 81' lang='lat' dir='ltr'>commentariis,</span> <span class='ocrx_word' id='word_1_231' title='bbox 715 1498 842 1548; x_wconf 83' lang='lat' dir='ltr'>quoad</span> <span class='ocrx_word' id='word_1_232' title='bbox 860 1498 1054 1535; x_wconf 86' lang='lat' dir='ltr'>veritatem</span> <span class='ocrx_word' id='word_1_233' title='bbox 1076 1496 1301 1534; x_wconf 84' lang='lat' dir='ltr'>historicam.</span> <span class='ocrx_word' id='word_1_234' title='bbox 1358 1497 1601 1534; x_wconf 85' lang='lat' dir='ltr'>Manifestum</span> <span class='ocrx_word' id='word_1_235' title='bbox 1620 1498 1724 1534; x_wconf 89' lang='lat' dir='ltr'>enim</span> <span class='ocrx_word' id='word_1_236' title='bbox 1745 1496 1805 1544; x_wconf 90' lang='lat' dir='ltr'>cst,</span> <span class='ocrx_word' id='word_1_237' title='bbox 1838 1497 1934 1549; x_wconf 21' lang='lat' dir='ltr'>Cae.-</span> 
     </span>
     <span class='ocr_line' id='line_1_26' title="bbox 321 1549 1938 1606; baseline -0.002 -12"><span class='ocrx_word' id='word_1_238' title='bbox 321 1555 442 1594; x_wconf 88' lang='lat' dir='ltr'>sarem</span> <span class='ocrx_word' id='word_1_239' title='bbox 463 1553 604 1600; x_wconf 66' lang='lat' dir='ltr'>majora</span> <span class='ocrx_word' id='word_1_240' title='bbox 626 1567 752 1593; x_wconf 86' lang='lat' dir='ltr'>revera</span> <span class='ocrx_word' id='word_1_241' title='bbox 772 1551 1003 1605; x_wconf 68' lang='lat' dir='ltr'>perpetrass&#39;e,</span> <span class='ocrx_word' id='word_1_242' title='bbox 1032 1565 1144 1601; x_wconf 80' lang='lat' dir='ltr'>quani</span> <span class='ocrx_word' id='word_1_243' title='bbox 1169 1553 1222 1588; x_wconf 89' lang='lat' dir='ltr'>illi</span> <span class='ocrx_word' id='word_1_244' title='bbox 1249 1552 1295 1590; x_wconf 89' lang='lat' dir='ltr'>de</span> <span class='ocrx_word' id='word_1_245' title='bbox 1318 1551 1496 1590; x_wconf 83' lang='lat' dir='ltr'>heroibus</span> <span class='ocrx_word' id='word_1_246' title='bbox 1524 1550 1593 1589; x_wconf 86' lang='lat' dir='ltr'>suis</span> <span class='ocrx_word' id='word_1_247' title='bbox 1617 1551 1836 1601; x_wconf 82' lang='lat' dir='ltr'>confingere</span> <span class='ocrx_word' id='word_1_248' title='bbox 1859 1549 1938 1606; x_wconf 57' lang='lat' dir='ltr'>aul}</span> 
     </span>
     <span class='ocr_line' id='line_1_27' title="bbox 322 1605 1938 1659; baseline -0.001 -11"><span class='ocrx_word' id='word_1_249' title='bbox 322 1611 437 1652; x_wconf 79' lang='lat' dir='ltr'>sunt3</span> <span class='ocrx_word' id='word_1_250' title='bbox 467 1610 527 1647; x_wconf 82' lang='lat' dir='ltr'>sed</span> <span class='ocrx_word' id='word_1_251' title='bbox 560 1610 682 1648; x_wconf 88' lang='lat' dir='ltr'>modis</span> <span class='ocrx_word' id='word_1_252' title='bbox 702 1610 863 1647; x_wconf 82' lang='lat' dir='ltr'>faciendi</span> <span class='ocrx_word' id='word_1_253' title='bbox 889 1609 1048 1645; x_wconf 87' lang='lat' dir='ltr'>minime</span> <span class='ocrx_word' id='word_1_254' title='bbox 1070 1605 1254 1644; x_wconf 82' lang='lat' dir='ltr'>fabulosis,</span> <span class='ocrx_word' id='word_1_255' title='bbox 1311 1606 1537 1651; x_wconf 77' lang='lat' dir='ltr'>Huiusmodi</span> <span class='ocrx_word' id='word_1_256' title='bbox 1553 1607 1741 1644; x_wconf 63' lang='lat' dir='ltr'>doftrinas</span> <span class='ocrx_word' id='word_1_257' title='bbox 1757 1607 1854 1646; x_wconf 90' lang='lat' dir='ltr'>bene</span> <span class='ocrx_word' id='word_1_258' title='bbox 1876 1607 1938 1659; x_wconf 61' lang='lat' dir='ltr'>ad7</span> 
     </span>
     <span class='ocr_line' id='line_1_28' title="bbox 324 1662 1939 1715; baseline -0.001 -12"><span class='ocrx_word' id='word_1_259' title='bbox 324 1667 512 1704; x_wconf 79' lang='lat' dir='ltr'>umbravit</span> <span class='ocrx_word' id='word_1_260' title='bbox 526 1666 651 1704; x_wconf 86' lang='lat' dir='ltr'>fabula</span> <span class='ocrx_word' id='word_1_261' title='bbox 665 1666 711 1703; x_wconf 86' lang='lat' dir='ltr'>dc</span> <span class='ocrx_word' id='word_1_262' title='bbox 726 1666 875 1704; x_wconf 81' lang='lat' dir='ltr'>Ixione;</span> <span class='ocrx_word' id='word_1_263' title='bbox 905 1664 970 1711; x_wconf 83' lang='lat' dir='ltr'>qui</span> <span class='ocrx_word' id='word_1_264' title='bbox 991 1675 1079 1700; x_wconf 87' lang='lat' dir='ltr'>cum</span> <span class='ocrx_word' id='word_1_265' title='bbox 1088 1662 1269 1715; x_wconf 75' lang='lat' dir='ltr'>junoniS,</span> <span class='ocrx_word' id='word_1_266' title='bbox 1298 1664 1488 1712; x_wconf 81' lang='lat' dir='ltr'>potentiae</span> <span class='ocrx_word' id='word_1_267' title='bbox 1504 1662 1606 1708; x_wconf 85' lang='lat' dir='ltr'>deae,</span> <span class='ocrx_word' id='word_1_268' title='bbox 1639 1662 1886 1700; x_wconf 79' lang='lat' dir='ltr'>concubitum</span> <span class='ocrx_word' id='word_1_269' title='bbox 1904 1675 1939 1715; x_wconf 47' lang='grc' dir='ltr'>τιή</span> 
     </span>
     <span class='ocr_line' id='line_1_29' title="bbox 324 1716 1940 1771; baseline -0.004 -11"><span class='ocrx_word' id='word_1_270' title='bbox 324 1721 433 1760; x_wconf 88' lang='lat' dir='ltr'>nimo</span> <span class='ocrx_word' id='word_1_271' title='bbox 456 1720 521 1759; x_wconf 79' lang='lat' dir='ltr'>sibi</span> <span class='ocrx_word' id='word_1_272' title='bbox 543 1720 760 1771; x_wconf 79' lang='lat' dir='ltr'>designaret,</span> <span class='ocrx_word' id='word_1_273' title='bbox 798 1731 886 1756; x_wconf 76' lang='lat' dir='ltr'>eum</span> <span class='ocrx_word' id='word_1_274' title='bbox 910 1717 1064 1756; x_wconf 83' lang='lat' dir='ltr'>evanida</span> <span class='ocrx_word' id='word_1_275' title='bbox 1091 1718 1192 1755; x_wconf 89' lang='lat' dir='ltr'>nube</span> <span class='ocrx_word' id='word_1_276' title='bbox 1223 1730 1302 1754; x_wconf 90' lang='lat' dir='ltr'>rem</span> <span class='ocrx_word' id='word_1_277' title='bbox 1331 1716 1481 1758; x_wconf 87' lang='lat' dir='ltr'>habuit;</span> <span class='ocrx_word' id='word_1_278' title='bbox 1511 1730 1553 1755; x_wconf 82' lang='lat' dir='ltr'>cx</span> <span class='ocrx_word' id='word_1_279' title='bbox 1577 1729 1650 1765; x_wconf 86' lang='lat' dir='ltr'>qua</span> <span class='ocrx_word' id='word_1_280' title='bbox 1675 1723 1879 1755; x_wconf 77' lang='lat' dir='ltr'>centauros</span> <span class='ocrx_word' id='word_1_281' title='bbox 1901 1721 1940 1758; x_wconf 75' lang='grc' dir='ltr'>δε</span> 
     </span>
     <span class='ocr_line' id='line_1_30' title="bbox 323 1772 1939 1827; baseline -0.002 -13"><span class='ocrx_word' id='word_1_282' title='bbox 323 1777 530 1814; x_wconf 82' lang='lat' dir='ltr'>chimaeras</span> <span class='ocrx_word' id='word_1_283' title='bbox 552 1774 765 1827; x_wconf 79' lang='lat' dir='ltr'>progenuit.</span> <span class='ocrx_word' id='word_1_284' title='bbox 821 1775 882 1812; x_wconf 88' lang='lat' dir='ltr'>Sic</span> <span class='ocrx_word' id='word_1_285' title='bbox 896 1774 961 1822; x_wconf 86' lang='lat' dir='ltr'>qui</span> <span class='ocrx_word' id='word_1_286' title='bbox 982 1772 1110 1810; x_wconf 85' lang='lat' dir='ltr'>insana</span> <span class='ocrx_word' id='word_1_287' title='bbox 1126 1774 1163 1810; x_wconf 71' lang='grc' dir='ltr'>ὅ(</span> <span class='ocrx_word' id='word_1_288' title='bbox 1189 1774 1393 1824; x_wconf 85' lang='lat' dir='ltr'>impotenti</span> <span class='ocrx_word' id='word_1_289' title='bbox 1413 1773 1617 1822; x_wconf 83' lang='lat' dir='ltr'>cupiditate</span> <span class='ocrx_word' id='word_1_290' title='bbox 1632 1772 1806 1811; x_wconf 84' lang='lat' dir='ltr'>seruntur</span> <span class='ocrx_word' id='word_1_291' title='bbox 1822 1772 1867 1812; x_wconf 88' lang='lat' dir='ltr'>ad</span> <span class='ocrx_word' id='word_1_292' title='bbox 1882 1786 1939 1822; x_wconf 86' lang='lat' dir='ltr'>ea,</span> 
     </span>
     <span class='ocr_line' id='line_1_31' title="bbox 323 1824 1940 1882; baseline -0.001 -13"><span class='ocrx_word' id='word_1_293' title='bbox 323 1844 420 1882; x_wconf 90' lang='lat' dir='ltr'>quae</span> <span class='ocrx_word' id='word_1_294' title='bbox 445 1844 510 1882; x_wconf 89' lang='lat' dir='ltr'>per</span> <span class='ocrx_word' id='word_1_295' title='bbox 535 1831 815 1882; x_wconf 80' lang='lat' dir='ltr'>imaginationis</span> <span class='ocrx_word' id='word_1_296' title='bbox 829 1838 980 1867; x_wconf 84' lang='lat' dir='ltr'>tantum</span> <span class='ocrx_word' id='word_1_297' title='bbox 1003 1829 1130 1866; x_wconf 84' lang='lat' dir='ltr'>fumos</span> <span class='ocrx_word' id='word_1_298' title='bbox 1153 1830 1190 1865; x_wconf 77' lang='grc' dir='ltr'>ὅ(</span> <span class='ocrx_word' id='word_1_299' title='bbox 1209 1828 1363 1866; x_wconf 85' lang='lat' dir='ltr'>nebulas</span> <span class='ocrx_word' id='word_1_300' title='bbox 1381 1839 1534 1866; x_wconf 88' lang='lat' dir='ltr'>cernere</span> <span class='ocrx_word' id='word_1_301' title='bbox 1556 1827 1590 1865; x_wconf 93' lang='lat' dir='ltr'>se</span> <span class='ocrx_word' id='word_1_302' title='bbox 1611 1838 1756 1878; x_wconf 84' lang='lat' dir='ltr'>putant,</span> <span class='ocrx_word' id='word_1_303' title='bbox 1783 1828 1873 1866; x_wconf 87' lang='lat' dir='ltr'>loco</span> <span class='ocrx_word' id='word_1_304' title='bbox 1899 1824 1940 1867; x_wconf 58' lang='lat' dir='ltr'>ol</span> 
     </span>
     <span class='ocr_line' id='line_1_32' title="bbox 323 1874 1939 1940; baseline -0.001 -16"><span class='ocrx_word' id='word_1_305' title='bbox 323 1896 471 1940; x_wconf 84' lang='lat' dir='ltr'>perum,</span> <span class='ocrx_word' id='word_1_306' title='bbox 500 1888 554 1924; x_wconf 92' lang='lat' dir='ltr'>nil</span> <span class='ocrx_word' id='word_1_307' title='bbox 579 1886 677 1924; x_wconf 86' lang='lat' dir='ltr'>aliud</span> <span class='ocrx_word' id='word_1_308' title='bbox 707 1897 820 1935; x_wconf 84' lang='lat' dir='ltr'>quam</span> <span class='ocrx_word' id='word_1_309' title='bbox 850 1884 927 1934; x_wconf 89' lang='lat' dir='ltr'>spes</span> <span class='ocrx_word' id='word_1_310' title='bbox 948 1885 1088 1930; x_wconf 81' lang='lat' dir='ltr'>inanes,</span> <span class='ocrx_word' id='word_1_311' title='bbox 1118 1885 1154 1920; x_wconf 66' lang='grc' dir='ltr'>ὃς</span> <span class='ocrx_word' id='word_1_312' title='bbox 1169 1883 1357 1920; x_wconf 86' lang='lat' dir='ltr'>deformia</span> <span class='ocrx_word' id='word_1_313' title='bbox 1372 1883 1557 1931; x_wconf 81' lang='lat' dir='ltr'>quaedam</span> <span class='ocrx_word' id='word_1_314' title='bbox 1573 1895 1614 1920; x_wconf 88' lang='lat' dir='ltr'>ac</span> <span class='ocrx_word' id='word_1_315' title='bbox 1630 1882 1836 1922; x_wconf 84' lang='lat' dir='ltr'>monstrosa</span> <span class='ocrx_word' id='word_1_316' title='bbox 1862 1874 1939 1938; x_wconf 46' lang='lat' dir='ltr'>&#39;spel</span> 
     </span>
     <span class='ocr_line' id='line_1_33' title="bbox 324 1936 1937 1991; baseline -0.002 -11"><span class='ocrx_word' id='word_1_317' title='bbox 324 1943 413 1989; x_wconf 60' lang='lat' dir='ltr'>(tra,</span> <span class='ocrx_word' id='word_1_318' title='bbox 443 1941 654 1991; x_wconf 83' lang='lat' dir='ltr'>suscipient.</span> <span class='ocrx_word' id='word_1_319' title='bbox 707 1941 827 1984; x_wconf 90' lang='lat' dir='ltr'>Huius</span> <span class='ocrx_word' id='word_1_320' title='bbox 852 1950 979 1977; x_wconf 89' lang='lat' dir='ltr'>autem</span> <span class='ocrx_word' id='word_1_321' title='bbox 1003 1939 1147 1988; x_wconf 79' lang='lat' dir='ltr'>magiae</span> <span class='ocrx_word' id='word_1_322' title='bbox 1169 1940 1358 1986; x_wconf 85' lang='lat' dir='ltr'>naturalis,</span> <span class='ocrx_word' id='word_1_323' title='bbox 1389 1939 1477 1977; x_wconf 84' lang='lat' dir='ltr'>levis</span> <span class='ocrx_word' id='word_1_324' title='bbox 1501 1941 1537 1976; x_wconf 74' lang='grc' dir='ltr'>ὅ(</span> <span class='ocrx_word' id='word_1_325' title='bbox 1567 1938 1776 1988; x_wconf 80' lang='lat' dir='ltr'>degeneris,</span> <span class='ocrx_word' id='word_1_326' title='bbox 1806 1936 1937 1990; x_wconf 67' lang='lat' dir='ltr'>opera-⁴</span> 
     </span>
     <span class='ocr_line' id='line_1_34' title="bbox 324 1993 1938 2049; baseline -0.001 -14"><span class='ocrx_word' id='word_1_327' title='bbox 324 1999 383 2036; x_wconf 87' lang='lat' dir='ltr'>tio</span> <span class='ocrx_word' id='word_1_328' title='bbox 408 1997 514 2049; x_wconf 89' lang='lat' dir='ltr'>super</span> <span class='ocrx_word' id='word_1_329' title='bbox 538 1998 729 2043; x_wconf 90' lang='lat' dir='ltr'>homines,</span> <span class='ocrx_word' id='word_1_330' title='bbox 758 1993 885 2032; x_wconf 77' lang='lat' dir='ltr'>similis</span> <span class='ocrx_word' id='word_1_331' title='bbox 907 1994 956 2031; x_wconf 90' lang='lat' dir='ltr'>est</span> <span class='ocrx_word' id='word_1_332' title='bbox 989 1993 1206 2046; x_wconf 88' lang='lat' dir='ltr'>soporiferis</span> <span class='ocrx_word' id='word_1_333' title='bbox 1238 1993 1463 2042; x_wconf 87' lang='lat' dir='ltr'>quibusdam</span> <span class='ocrx_word' id='word_1_334' title='bbox 1495 1994 1810 2036; x_wconf 47' lang='lat' dir='ltr'>medicamenti&amp;</span> <span class='ocrx_word' id='word_1_335' title='bbox 1840 2006 1938 2047; x_wconf 77' lang='lat' dir='ltr'>quae</span> 
     </span>
     <span class='ocr_line' id='line_1_35' title="bbox 325 2046 1941 2101; baseline -0.002 -10"><span class='ocrx_word' id='word_1_336' title='bbox 325 2053 505 2091; x_wconf 90' lang='lat' dir='ltr'>somnum</span> <span class='ocrx_word' id='word_1_337' title='bbox 521 2051 738 2093; x_wconf 83' lang='lat' dir='ltr'>conciliant,</span> <span class='ocrx_word' id='word_1_338' title='bbox 768 2062 879 2100; x_wconf 86' lang='lat' dir='ltr'>atquc</span> <span class='ocrx_word' id='word_1_339' title='bbox 899 2049 1046 2099; x_wconf 88' lang='lat' dir='ltr'>insuper</span> <span class='ocrx_word' id='word_1_340' title='bbox 1068 2051 1166 2086; x_wconf 88' lang='lat' dir='ltr'>inter</span> <span class='ocrx_word' id='word_1_341' title='bbox 1181 2049 1452 2086; x_wconf 86' lang='lat' dir='ltr'>dormiendum</span> <span class='ocrx_word' id='word_1_342' title='bbox 1470 2049 1562 2085; x_wconf 87' lang='lat' dir='ltr'>laeta</span> <span class='ocrx_word' id='word_1_343' title='bbox 1581 2051 1617 2085; x_wconf 77' lang='grc' dir='ltr'>ὅ(</span> <span class='ocrx_word' id='word_1_344' title='bbox 1636 2049 1822 2101; x_wconf 85' lang='lat' dir='ltr'>placentia</span> <span class='ocrx_word' id='word_1_345' title='bbox 1841 2046 1941 2088; x_wconf 87' lang='lat' dir='ltr'>sorn-</span> 
     </span>
     <span class='ocr_line' id='line_1_36' title="bbox 325 2102 1939 2154; baseline -0.002 -9"><span class='ocrx_word' id='word_1_346' title='bbox 325 2110 388 2146; x_wconf 87' lang='lat' dir='ltr'>nia</span> <span class='ocrx_word' id='word_1_347' title='bbox 403 2107 626 2144; x_wconf 89' lang='lat' dir='ltr'>immittunt.</span> <span class='ocrx_word' id='word_1_348' title='bbox 683 2108 816 2144; x_wconf 88' lang='lat' dir='ltr'>Primo</span> <span class='ocrx_word' id='word_1_349' title='bbox 837 2102 940 2142; x_wconf 85' lang='lat' dir='ltr'>enim</span> <span class='ocrx_word' id='word_1_350' title='bbox 956 2104 1190 2142; x_wconf 66' lang='lat' dir='ltr'>intellectum</span> <span class='ocrx_word' id='word_1_351' title='bbox 1208 2105 1468 2142; x_wconf 88' lang='lat' dir='ltr'>humanumin</span> <span class='ocrx_word' id='word_1_352' title='bbox 1484 2103 1658 2154; x_wconf 86' lang='lat' dir='ltr'>soporem</span> <span class='ocrx_word' id='word_1_353' title='bbox 1676 2104 1853 2149; x_wconf 78' lang='lat' dir='ltr'>conjicit5</span> <span class='ocrx_word' id='word_1_354' title='bbox 1880 2104 1939 2144; x_wconf 75' lang='lat' dir='ltr'>ca&#39;-</span> 
     </span>
     <span class='ocr_line' id='line_1_37' title="bbox 326 2159 1940 2215; baseline -0.001 -14"><span class='ocrx_word' id='word_1_355' title='bbox 326 2163 457 2201; x_wconf 87' lang='lat' dir='ltr'>nendo</span> <span class='ocrx_word' id='word_1_356' title='bbox 486 2164 733 2215; x_wconf 86' lang='lat' dir='ltr'>proprietates</span> <span class='ocrx_word' id='word_1_357' title='bbox 762 2160 946 2213; x_wconf 84' lang='lat' dir='ltr'>specificas</span> <span class='ocrx_word' id='word_1_358' title='bbox 974 2162 1011 2197; x_wconf 70' lang='grc' dir='ltr'>ὃ(</span> <span class='ocrx_word' id='word_1_359' title='bbox 1033 2159 1186 2197; x_wconf 84' lang='lat' dir='ltr'>virtutes</span> <span class='ocrx_word' id='word_1_360' title='bbox 1214 2160 1392 2206; x_wconf 87' lang='lat' dir='ltr'>occultas,</span> <span class='ocrx_word' id='word_1_361' title='bbox 1424 2161 1459 2196; x_wconf 79' lang='grc' dir='ltr'>ὅ(</span> <span class='ocrx_word' id='word_1_362' title='bbox 1481 2169 1661 2207; x_wconf 79' lang='lat' dir='ltr'>tanquam</span> <span class='ocrx_word' id='word_1_363' title='bbox 1690 2161 1849 2198; x_wconf 88' lang='lat' dir='ltr'>coelitus</span> <span class='ocrx_word' id='word_1_364' title='bbox 1876 2160 1940 2213; x_wconf 55' lang='lat' dir='ltr'>d&#39;c&#39;ss</span> 
     </span>
     <span class='ocr_line' id='line_1_38' title="bbox 327 2213 1940 2270; baseline -0.001 -15"><span class='ocrx_word' id='word_1_365' title='bbox 327 2218 459 2265; x_wconf 70' lang='lat' dir='ltr'>mistas²</span> <span class='ocrx_word' id='word_1_366' title='bbox 489 2221 525 2256; x_wconf 64' lang='grc' dir='ltr'>δε</span> <span class='ocrx_word' id='word_1_367' title='bbox 548 2230 613 2270; x_wconf 81' lang='lat' dir='ltr'>per</span> <span class='ocrx_word' id='word_1_368' title='bbox 639 2216 887 2255; x_wconf 86' lang='lat' dir='ltr'>traditionum</span> <span class='ocrx_word' id='word_1_369' title='bbox 912 2214 1077 2253; x_wconf 86' lang='lat' dir='ltr'>susurros</span> <span class='ocrx_word' id='word_1_370' title='bbox 1104 2214 1351 2252; x_wconf 88' lang='lat' dir='ltr'>solummodo</span> <span class='ocrx_word' id='word_1_371' title='bbox 1379 2213 1663 2264; x_wconf 77' lang='lat' dir='ltr'>perdiscendas3</span> <span class='ocrx_word' id='word_1_372' title='bbox 1692 2215 1793 2252; x_wconf 87' lang='lat' dir='ltr'>unde</span> <span class='ocrx_word' id='word_1_373' title='bbox 1815 2214 1940 2269; x_wconf 78' lang='lat' dir='ltr'>horni-</span> 
     </span>
     <span class='ocr_line' id='line_1_39' title="bbox 329 2268 1941 2319; baseline -0.002 -7"><span class='ocrx_word' id='word_1_374' title='bbox 329 2286 394 2311; x_wconf 90' lang='lat' dir='ltr'>nes</span> <span class='ocrx_word' id='word_1_375' title='bbox 428 2273 473 2310; x_wconf 87' lang='lat' dir='ltr'>ad</span> <span class='ocrx_word' id='word_1_376' title='bbox 500 2285 602 2311; x_wconf 83' lang='lat' dir='ltr'>veras</span> <span class='ocrx_word' id='word_1_377' title='bbox 628 2272 749 2310; x_wconf 79' lang='lat' dir='ltr'>causas</span> <span class='ocrx_word' id='word_1_378' title='bbox 769 2270 949 2309; x_wconf 87' lang='lat' dir='ltr'>eruendas</span> <span class='ocrx_word' id='word_1_379' title='bbox 979 2273 1015 2307; x_wconf 75' lang='grc' dir='ltr'>ὅ(</span> <span class='ocrx_word' id='word_1_380' title='bbox 1044 2270 1269 2319; x_wconf 86' lang='lat' dir='ltr'>indagandas</span> <span class='ocrx_word' id='word_1_381' title='bbox 1284 2282 1367 2306; x_wconf 93' lang='lat' dir='ltr'>non</span> <span class='ocrx_word' id='word_1_382' title='bbox 1389 2268 1547 2319; x_wconf 81' lang='lat' dir='ltr'>amplius</span> <span class='ocrx_word' id='word_1_383' title='bbox 1568 2271 1776 2307; x_wconf 83' lang='lat' dir='ltr'>excitantur</span> <span class='ocrx_word' id='word_1_384' title='bbox 1804 2272 1841 2309; x_wconf 73' lang='grc' dir='ltr'>ὃ(</span> <span class='ocrx_word' id='word_1_385' title='bbox 1866 2273 1941 2309; x_wconf 88' lang='lat' dir='ltr'>evi-</span> 
     </span>
     <span class='ocr_line' id='line_1_40' title="bbox 328 2323 1941 2378; baseline -0.001 -12"><span class='ocrx_word' id='word_1_386' title='bbox 328 2328 445 2378; x_wconf 86' lang='lat' dir='ltr'>gilant</span> <span class='ocrx_word' id='word_1_387' title='bbox 460 2343 470 2370; x_wconf 80' lang='lat'>3</span> <span class='ocrx_word' id='word_1_388' title='bbox 502 2328 563 2366; x_wconf 84' lang='lat' dir='ltr'>sed</span> <span class='ocrx_word' id='word_1_389' title='bbox 583 2331 623 2366; x_wconf 90' lang='lat' dir='ltr'>in</span> <span class='ocrx_word' id='word_1_390' title='bbox 645 2326 859 2373; x_wconf 82' lang='lat' dir='ltr'>huiusmodi</span> <span class='ocrx_word' id='word_1_391' title='bbox 877 2323 1005 2363; x_wconf 85' lang='lat' dir='ltr'>otiosis</span> <span class='ocrx_word' id='word_1_392' title='bbox 1021 2327 1057 2363; x_wconf 87' lang='lat'>&amp;</span> <span class='ocrx_word' id='word_1_393' title='bbox 1073 2326 1232 2362; x_wconf 85' lang='lat' dir='ltr'>credulis</span> <span class='ocrx_word' id='word_1_394' title='bbox 1248 2325 1495 2377; x_wconf 86' lang='lat' dir='ltr'>opinionibus</span> <span class='ocrx_word' id='word_1_395' title='bbox 1511 2324 1748 2374; x_wconf 68' lang='lat' dir='ltr'>acquiescunt</span> <span class='ocrx_word' id='word_1_396' title='bbox 1767 2339 1774 2361; x_wconf 89' lang='lat'><strong>:</strong></span> <span class='ocrx_word' id='word_1_397' title='bbox 1803 2323 1941 2364; x_wconf 85' lang='lat' dir='ltr'>deinde</span> 
     </span>
     <span class='ocr_line' id='line_1_41' title="bbox 328 2381 1939 2431; baseline -0.001 -10"><span class='ocrx_word' id='word_1_398' title='bbox 328 2397 418 2421; x_wconf 74' lang='lat' dir='ltr'>vcro</span> <span class='ocrx_word' id='word_1_399' title='bbox 438 2387 635 2421; x_wconf 86' lang='lat' dir='ltr'>innumera</span> <span class='ocrx_word' id='word_1_400' title='bbox 655 2393 873 2421; x_wconf 84' lang='lat' dir='ltr'>commenta</span> <span class='ocrx_word' id='word_1_401' title='bbox 893 2391 1007 2431; x_wconf 82' lang='lat' dir='ltr'>grata,</span> <span class='ocrx_word' id='word_1_402' title='bbox 1035 2383 1072 2418; x_wconf 77' lang='grc' dir='ltr'>ὅ(</span> <span class='ocrx_word' id='word_1_403' title='bbox 1093 2381 1216 2429; x_wconf 85' lang='lat' dir='ltr'>qualia</span> <span class='ocrx_word' id='word_1_404' title='bbox 1241 2382 1323 2429; x_wconf 88' lang='lat' dir='ltr'>quis</span> <span class='ocrx_word' id='word_1_405' title='bbox 1347 2389 1493 2429; x_wconf 84' lang='lat' dir='ltr'>optaret</span> <span class='ocrx_word' id='word_1_406' title='bbox 1518 2382 1679 2416; x_wconf 82' lang='lat' dir='ltr'>maxime</span> <span class='ocrx_word' id='word_1_407' title='bbox 1704 2381 1814 2418; x_wconf 88' lang='lat' dir='ltr'>instar</span> <span class='ocrx_word' id='word_1_408' title='bbox 1842 2381 1939 2419; x_wconf 56' lang='lat' dir='ltr'>som-¹</span> 
     </span>
     <span class='ocr_line' id='line_1_42' title="bbox 329 2433 1941 2488; baseline -0.001 -12"><span class='ocrx_word' id='word_1_409' title='bbox 329 2441 482 2476; x_wconf 83' lang='lat' dir='ltr'>niorum</span> <span class='ocrx_word' id='word_1_410' title='bbox 504 2437 674 2476; x_wconf 84' lang='lat' dir='ltr'>insinuat.</span> <span class='ocrx_word' id='word_1_411' title='bbox 730 2438 861 2486; x_wconf 79' lang='lat' dir='ltr'>Atque</span> <span class='ocrx_word' id='word_1_412' title='bbox 878 2448 1013 2488; x_wconf 88' lang='lat' dir='ltr'>operae</span> <span class='ocrx_word' id='word_1_413' title='bbox 1029 2438 1193 2487; x_wconf 88' lang='lat' dir='ltr'>pretium</span> <span class='ocrx_word' id='word_1_414' title='bbox 1213 2436 1260 2472; x_wconf 91' lang='lat' dir='ltr'>est</span> <span class='ocrx_word' id='word_1_415' title='bbox 1277 2446 1422 2481; x_wconf 84' lang='lat' dir='ltr'>notare,</span> <span class='ocrx_word' id='word_1_416' title='bbox 1440 2436 1478 2471; x_wconf 90' lang='lat' dir='ltr'>in</span> <span class='ocrx_word' id='word_1_417' title='bbox 1496 2436 1567 2471; x_wconf 88' lang='lat' dir='ltr'>illis</span> <span class='ocrx_word' id='word_1_418' title='bbox 1584 2433 1757 2482; x_wconf 86' lang='lat' dir='ltr'>scientiis,</span> <span class='ocrx_word' id='word_1_419' title='bbox 1774 2448 1867 2484; x_wconf 86' lang='lat' dir='ltr'>quae</span> <span class='ocrx_word' id='word_1_420' title='bbox 1884 2438 1941 2475; x_wconf 88' lang='lat' dir='ltr'>ni·</span> 
     </span>
     <span class='ocr_line' id='line_1_43' title="bbox 332 2489 1944 2543; baseline 0.001 -14"><span class='ocrx_word' id='word_1_421' title='bbox 332 2496 451 2530; x_wconf 87' lang='lat' dir='ltr'>mium</span> <span class='ocrx_word' id='word_1_422' title='bbox 481 2494 634 2531; x_wconf 86' lang='lat' dir='ltr'>trahunt</span> <span class='ocrx_word' id='word_1_423' title='bbox 663 2507 706 2531; x_wconf 88' lang='lat' dir='ltr'>ex</span> <span class='ocrx_word' id='word_1_424' title='bbox 731 2490 917 2543; x_wconf 75' lang='lat' dir='ltr'>phantasia</span> <span class='ocrx_word' id='word_1_425' title='bbox 948 2493 984 2528; x_wconf 88' lang='lat'>&amp;</span> <span class='ocrx_word' id='word_1_426' title='bbox 1012 2491 1098 2536; x_wconf 87' lang='lat' dir='ltr'>fide,</span> <span class='ocrx_word' id='word_1_427' title='bbox 1139 2492 1277 2539; x_wconf 78' lang='lat' dir='ltr'>(quales</span> <span class='ocrx_word' id='word_1_428' title='bbox 1306 2491 1390 2527; x_wconf 90' lang='lat' dir='ltr'>sunt</span> <span class='ocrx_word' id='word_1_429' title='bbox 1425 2489 1544 2539; x_wconf 79' lang='lat' dir='ltr'>magia</span> <span class='ocrx_word' id='word_1_430' title='bbox 1573 2490 1634 2526; x_wconf 79' lang='lat' dir='ltr'>ilia</span> <span class='ocrx_word' id='word_1_431' title='bbox 1663 2491 1766 2537; x_wconf 80' lang='lat' dir='ltr'>levis,</span> <span class='ocrx_word' id='word_1_432' title='bbox 1797 2492 1843 2528; x_wconf 90' lang='lat' dir='ltr'>dc</span> <span class='ocrx_word' id='word_1_433' title='bbox 1867 2504 1944 2541; x_wconf 85' lang='lat' dir='ltr'>qua</span> 
     </span>
     <span class='ocr_line' id='line_1_44' title="bbox 332 2542 1940 2598; baseline -0.001 -13"><span class='ocrx_word' id='word_1_434' title='bbox 332 2560 434 2585; x_wconf 83' lang='lat' dir='ltr'>nunc</span> <span class='ocrx_word' id='word_1_435' title='bbox 455 2549 660 2596; x_wconf 79' lang='lat' dir='ltr'>loquimur,</span> <span class='ocrx_word' id='word_1_436' title='bbox 677 2549 873 2598; x_wconf 83' lang='lat' dir='ltr'>alehymia,</span> <span class='ocrx_word' id='word_1_437' title='bbox 897 2546 1105 2595; x_wconf 79' lang='lat' dir='ltr'>astrologia,</span> <span class='ocrx_word' id='word_1_438' title='bbox 1136 2548 1171 2582; x_wconf 62' lang='grc' dir='ltr'>ἃ</span> <span class='ocrx_word' id='word_1_439' title='bbox 1193 2547 1284 2582; x_wconf 84' lang='lat' dir='ltr'>aliae</span> <span class='ocrx_word' id='word_1_440' title='bbox 1313 2542 1551 2590; x_wconf 57' lang='lat' dir='ltr'>consimiles)</span> <span class='ocrx_word' id='word_1_441' title='bbox 1582 2545 1706 2582; x_wconf 86' lang='lat' dir='ltr'>media</span> <span class='ocrx_word' id='word_1_442' title='bbox 1722 2544 1783 2583; x_wconf 88' lang='lat' dir='ltr'>sua</span> <span class='ocrx_word' id='word_1_443' title='bbox 1805 2548 1840 2583; x_wconf 71' lang='grc' dir='ltr'>δε</span> <span class='ocrx_word' id='word_1_444' title='bbox 1861 2548 1940 2584; x_wconf 85' lang='lat' dir='ltr'>the-</span> 
     </span>
     <span class='ocr_line' id='line_1_45' title="bbox 332 2598 1942 2652; baseline 0.001 -14"><span class='ocrx_word' id='word_1_445' title='bbox 332 2605 454 2639; x_wconf 81' lang='lat' dir='ltr'>oriam</span> <span class='ocrx_word' id='word_1_446' title='bbox 482 2604 600 2640; x_wconf 87' lang='lat' dir='ltr'>solere</span> <span class='ocrx_word' id='word_1_447' title='bbox 625 2603 694 2641; x_wconf 70' lang='lat' dir='ltr'>ess&#39;e</span> <span class='ocrx_word' id='word_1_448' title='bbox 718 2604 837 2652; x_wconf 80' lang='lat' dir='ltr'>magis</span> <span class='ocrx_word' id='word_1_449' title='bbox 862 2600 1078 2646; x_wconf 78' lang='lat' dir='ltr'>monstrosa,</span> <span class='ocrx_word' id='word_1_450' title='bbox 1108 2612 1220 2649; x_wconf 73' lang='lat' dir='ltr'>quam</span> <span class='ocrx_word' id='word_1_451' title='bbox 1251 2600 1334 2636; x_wconf 69' lang='lat' dir='ltr'>finis</span> <span class='ocrx_word' id='word_1_452' title='bbox 1366 2598 1440 2648; x_wconf 85' lang='lat' dir='ltr'>ipse</span> <span class='ocrx_word' id='word_1_453' title='bbox 1468 2600 1516 2636; x_wconf 88' lang='lat' dir='ltr'>est</span> <span class='ocrx_word' id='word_1_454' title='bbox 1550 2602 1586 2637; x_wconf 78' lang='grc' dir='ltr'>δ(</span> <span class='ocrx_word' id='word_1_455' title='bbox 1614 2601 1722 2646; x_wconf 68' lang='lat' dir='ltr'>affio,</span> <span class='ocrx_word' id='word_1_456' title='bbox 1753 2613 1832 2650; x_wconf 86' lang='lat' dir='ltr'>quo</span> <span class='ocrx_word' id='word_1_457' title='bbox 1861 2613 1942 2640; x_wconf 82' lang='lat' dir='ltr'>ten-</span> 
     </span>
     <span class='ocr_line' id='line_1_46' title="bbox 332 2655 1944 2708; baseline 0.001 -15"><span class='ocrx_word' id='word_1_458' title='bbox 332 2658 439 2695; x_wconf 87' lang='lat' dir='ltr'>dunt.</span> <span class='ocrx_word' id='word_1_459' title='bbox 498 2658 627 2695; x_wconf 63' lang='lat' dir='ltr'>Vei-lio</span> <span class='ocrx_word' id='word_1_460' title='bbox 648 2660 791 2708; x_wconf 88' lang='lat' dir='ltr'>argenti</span> <span class='ocrx_word' id='word_1_461' title='bbox 813 2669 873 2694; x_wconf 79' lang='lat' dir='ltr'>aut</span> <span class='ocrx_word' id='word_1_462' title='bbox 887 2657 1031 2705; x_wconf 76' lang='lat' dir='ltr'>argenti</span> <span class='ocrx_word' id='word_1_463' title='bbox 1054 2657 1139 2701; x_wconf 69' lang='lat' dir='ltr'>vivi,</span> <span class='ocrx_word' id='word_1_464' title='bbox 1169 2666 1230 2692; x_wconf 84' lang='lat' dir='ltr'>aut</span> <span class='ocrx_word' id='word_1_465' title='bbox 1243 2657 1397 2699; x_wconf 69' lang='lat' dir='ltr'>alicujus</span> <span class='ocrx_word' id='word_1_466' title='bbox 1412 2655 1562 2691; x_wconf 83' lang='lat' dir='ltr'>alterius</span> <span class='ocrx_word' id='word_1_467' title='bbox 1578 2656 1720 2691; x_wconf 81' lang='lat' dir='ltr'>metalli</span> <span class='ocrx_word' id='word_1_468' title='bbox 1738 2657 1777 2692; x_wconf 89' lang='lat' dir='ltr'>in</span> <span class='ocrx_word' id='word_1_469' title='bbox 1793 2669 1944 2705; x_wconf 67' lang='lat' dir='ltr'>aurum¹</span> 
     </span>
     <span class='ocr_line' id='line_1_47' title="bbox 333 2708 1945 2764; baseline 0.001 -15"><span class='ocrx_word' id='word_1_470' title='bbox 333 2725 390 2750; x_wconf 85' lang='lat' dir='ltr'>res</span> <span class='ocrx_word' id='word_1_471' title='bbox 419 2714 562 2749; x_wconf 84' lang='lat' dir='ltr'>creditu</span> <span class='ocrx_word' id='word_1_472' title='bbox 587 2714 696 2751; x_wconf 83' lang='lat' dir='ltr'>dura:</span> <span class='ocrx_word' id='word_1_473' title='bbox 726 2724 891 2750; x_wconf 77' lang='lat' dir='ltr'>attamen</span> <span class='ocrx_word' id='word_1_474' title='bbox 922 2713 1036 2760; x_wconf 80' lang='lat' dir='ltr'>longe</span> <span class='ocrx_word' id='word_1_475' title='bbox 1061 2708 1295 2748; x_wconf 83' lang='lat' dir='ltr'>verisimilius</span> <span class='ocrx_word' id='word_1_476' title='bbox 1321 2710 1369 2747; x_wconf 84' lang='lat' dir='ltr'>est</span> <span class='ocrx_word' id='word_1_477' title='bbox 1397 2711 1443 2746; x_wconf 88' lang='lat' dir='ltr'>ab</span> <span class='ocrx_word' id='word_1_478' title='bbox 1466 2710 1634 2756; x_wconf 85' lang='lat' dir='ltr'>homine,</span> <span class='ocrx_word' id='word_1_479' title='bbox 1665 2712 1729 2758; x_wconf 88' lang='lat' dir='ltr'>qui</span> <span class='ocrx_word' id='word_1_480' title='bbox 1752 2711 1945 2764; x_wconf 69' lang='lat' dir='ltr'>ponderis²</span> 
     </span>
     <span class='ocr_line' id='line_1_48' title="bbox 336 2763 1942 2817; baseline 0.001 -14"><span class='ocrx_word' id='word_1_481' title='bbox 336 2768 473 2804; x_wconf 79' lang='lat' dir='ltr'>coloris</span> <span class='ocrx_word' id='word_1_482' title='bbox 489 2767 584 2811; x_wconf 68' lang='lat' dir='ltr'>flavi,</span> <span class='ocrx_word' id='word_1_483' title='bbox 614 2770 834 2806; x_wconf 74' lang='lat' dir='ltr'>malleabilis</span> <span class='ocrx_word' id='word_1_484' title='bbox 859 2770 893 2804; x_wconf 76' lang='grc' dir='ltr'>ὅ(</span> <span class='ocrx_word' id='word_1_485' title='bbox 924 2763 1160 2811; x_wconf 79' lang='lat' dir='ltr'>extensibilis,</span> <span class='ocrx_word' id='word_1_486' title='bbox 1190 2765 1250 2802; x_wconf 80' lang='lat' dir='ltr'>fixi</span> <span class='ocrx_word' id='word_1_487' title='bbox 1275 2766 1389 2802; x_wconf 80' lang='lat' dir='ltr'>etiam</span> <span class='ocrx_word' id='word_1_488' title='bbox 1418 2767 1453 2801; x_wconf 63' lang='grc' dir='ltr'>ἃ</span> <span class='ocrx_word' id='word_1_489' title='bbox 1482 2766 1657 2812; x_wconf 68' lang='lat' dir='ltr'>volatilis,</span> <span class='ocrx_word' id='word_1_490' title='bbox 1687 2776 1834 2804; x_wconf 85' lang='lat' dir='ltr'>naturas</span> <span class='ocrx_word' id='word_1_491' title='bbox 1855 2780 1942 2817; x_wconf 82' lang='lat' dir='ltr'>cog-</span> 
     </span>
     <span class='ocr_line' id='line_1_49' title="bbox 335 2819 1940 2871; baseline 0 -12"><span class='ocrx_word' id='word_1_492' title='bbox 335 2824 430 2859; x_wconf 85' lang='lat' dir='ltr'>nitas</span> <span class='ocrx_word' id='word_1_493' title='bbox 452 2824 487 2859; x_wconf 78' lang='lat'>&amp;</span> <span class='ocrx_word' id='word_1_494' title='bbox 513 2822 712 2871; x_wconf 46' lang='lat' dir='ltr'>perspectas</span> <span class='ocrx_word' id='word_1_495' title='bbox 741 2821 934 2863; x_wconf 57' lang='lat' dir='ltr'>habuerim</span> <span class='ocrx_word' id='word_1_496' title='bbox 967 2820 1104 2870; x_wconf 78' lang='lat' dir='ltr'>quique</span> <span class='ocrx_word' id='word_1_497' title='bbox 1126 2819 1291 2857; x_wconf 84' lang='lat' dir='ltr'>similiter</span> <span class='ocrx_word' id='word_1_498' title='bbox 1323 2819 1440 2869; x_wconf 82' lang='lat' dir='ltr'>prima</span> <span class='ocrx_word' id='word_1_499' title='bbox 1465 2819 1702 2857; x_wconf 85' lang='lat' dir='ltr'>mincralium</span> <span class='ocrx_word' id='word_1_500' title='bbox 1734 2819 1874 2860; x_wconf 84' lang='lat' dir='ltr'>semina</span> <span class='ocrx_word' id='word_1_501' title='bbox 1903 2825 1940 2861; x_wconf 76' lang='grc' dir='ltr'>δε</span> 
     </span>
     <span class='ocr_line' id='line_1_50' title="bbox 335 2874 1941 2926; baseline 0.001 -13"><span class='ocrx_word' id='word_1_502' title='bbox 335 2876 518 2914; x_wconf 82' lang='lat' dir='ltr'>menstrua</span> <span class='ocrx_word' id='word_1_503' title='bbox 534 2877 730 2925; x_wconf 79' lang='lat' dir='ltr'>diligenter</span> <span class='ocrx_word' id='word_1_504' title='bbox 748 2877 1021 2926; x_wconf 83' lang='lat' dir='ltr'>introspexerit,</span> <span class='ocrx_word' id='word_1_505' title='bbox 1051 2876 1150 2926; x_wconf 74' lang='lat' dir='ltr'>poss&#39;e</span> <span class='ocrx_word' id='word_1_506' title='bbox 1167 2887 1297 2912; x_wconf 84' lang='lat' dir='ltr'>aurum</span> <span class='ocrx_word' id='word_1_507' title='bbox 1315 2876 1433 2912; x_wconf 86' lang='lat' dir='ltr'>multa</span> <span class='ocrx_word' id='word_1_508' title='bbox 1452 2877 1485 2911; x_wconf 72' lang='grc' dir='ltr'>ὃ(</span> <span class='ocrx_word' id='word_1_509' title='bbox 1512 2874 1626 2924; x_wconf 79' lang='lat' dir='ltr'>sagaci</span> <span class='ocrx_word' id='word_1_510' title='bbox 1644 2877 1848 2913; x_wconf 76' lang='lat' dir='ltr'>molitione</span> <span class='ocrx_word' id='word_1_511' title='bbox 1863 2888 1941 2926; x_wconf 84' lang='lat' dir='ltr'>tan·</span> 
     </span>
     <span class='ocr_line' id='line_1_51' title="bbox 333 2931 1940 2981; baseline 0.001 -13"><span class='ocrx_word' id='word_1_512' title='bbox 333 2933 421 2968; x_wconf 86' lang='lat' dir='ltr'>dem</span> <span class='ocrx_word' id='word_1_513' title='bbox 453 2934 629 2980; x_wconf 63' lang='lat' dir='ltr'>produt-iz</span> <span class='ocrx_word' id='word_1_514' title='bbox 658 2945 769 2979; x_wconf 76' lang='lat' dir='ltr'>quam</span> <span class='ocrx_word' id='word_1_515' title='bbox 790 2933 892 2980; x_wconf 81' lang='lat' dir='ltr'>quod</span> <span class='ocrx_word' id='word_1_516' title='bbox 916 2944 1028 2981; x_wconf 79' lang='lat' dir='ltr'>pauca</span> <span class='ocrx_word' id='word_1_517' title='bbox 1052 2933 1187 2968; x_wconf 74' lang='lat' dir='ltr'>elixiris</span> <span class='ocrx_word' id='word_1_518' title='bbox 1209 2942 1333 2980; x_wconf 82' lang='lat' dir='ltr'>grana,</span> <span class='ocrx_word' id='word_1_519' title='bbox 1364 2931 1488 2979; x_wconf 78' lang='lat' dir='ltr'>paucis</span> <span class='ocrx_word' id='word_1_520' title='bbox 1517 2932 1735 2977; x_wconf 80' lang='lat' dir='ltr'>momentis,</span> <span class='ocrx_word' id='word_1_521' title='bbox 1766 2933 1835 2968; x_wconf 82' lang='lat' dir='ltr'>alia</span> <span class='ocrx_word' id='word_1_522' title='bbox 1864 2944 1940 2969; x_wconf 86' lang='lat' dir='ltr'>me·</span> 
     </span>
     <span class='ocr_line' id='line_1_52' title="bbox 331 2985 1943 3039; baseline 0.001 -15"><span class='ocrx_word' id='word_1_523' title='bbox 331 2988 420 3024; x_wconf 77' lang='lat' dir='ltr'>talla</span> <span class='ocrx_word' id='word_1_524' title='bbox 443 2988 480 3023; x_wconf 87' lang='lat' dir='ltr'>in</span> <span class='ocrx_word' id='word_1_525' title='bbox 510 2999 641 3024; x_wconf 82' lang='lat' dir='ltr'>aurum</span> <span class='ocrx_word' id='word_1_526' title='bbox 669 2998 807 3024; x_wconf 59' lang='lat' dir='ltr'>vertere</span> <span class='ocrx_word' id='word_1_527' title='bbox 830 2990 988 3035; x_wconf 66' lang='lat' dir='ltr'>valeant,</span> <span class='ocrx_word' id='word_1_528' title='bbox 1016 2999 1081 3039; x_wconf 70' lang='lat' dir='ltr'>per</span> <span class='ocrx_word' id='word_1_529' title='bbox 1102 2987 1325 3025; x_wconf 57' lang='lat' dir='ltr'>affinitatem</span> <span class='ocrx_word' id='word_1_530' title='bbox 1351 2985 1515 3026; x_wconf 77' lang='lat' dir='ltr'>ciusdem</span> <span class='ocrx_word' id='word_1_531' title='bbox 1546 2987 1693 3032; x_wconf 60' lang='lat' dir='ltr'>cliiii-is,</span> <span class='ocrx_word' id='word_1_532' title='bbox 1724 2998 1816 3036; x_wconf 81' lang='lat' dir='ltr'>quae</span> <span class='ocrx_word' id='word_1_533' title='bbox 1839 2998 1943 3024; x_wconf 86' lang='lat' dir='ltr'>natu-</span> 
     </span>
    </p>

    <p class='ocr_par' dir='ltr' id='par_1_7' title="bbox 1856 3055 1947 3085">
     <span class='ocr_line' id='line_1_53' title="bbox 1856 3055 1947 3085; baseline 0.011 -6"><span class='ocrx_word' id='word_1_534' title='bbox 1856 3055 1947 3085; x_wconf 64' lang='lat' dir='ltr'>,rani</span> 
     </span>
    </p>
   </div>
  </div>
 </body>
</html>
