2040 3439
197 242 291 291 150

418 227 518 273 DE
554 223 1058 272 AUGMENTIS
1093 215 1937 270 SCIENTIARUM.⁴Lib.V;÷

378 331 421 371 4.
439 324 492 359 IN
502 333 564 372 Q]
573 333 588 358 1
597 333 625 357 R
634 331 688 357 AT
697 331 762 357 UR
774 329 903 356 utrum
914 327 1099 366 quantum
1111 317 1280 367 corporis
1289 314 1339 353 ita
1349 317 1476 366 augeri
1489 312 1614 366 possit,
1632 326 1672 354 ut
1686 327 1815 354 motus
1826 319 1943 366 gravi-

331 379 417 415 tatis
439 376 587 429 prorsus
610 375 843 426 deponatur-3
873 383 914 409 ut
937 372 978 408 fit
998 373 1039 408 in
1059 372 1179 421 globo
1197 382 1328 419 terrae,
1365 373 1431 420 qui
1459 370 1606 423 pensilis
1626 372 1687 418 est,
1722 384 1804 409 non
1823 371 1946 410 cadit?

331 432 482 472 Utrum
504 429 617 480 igitur
636 424 779 478 possint
804 427 874 464 effe
893 427 986 464 aliae
1015 426 1148 463 massae
1166 437 1246 464 tam
1273 428 1443 476 grandes,
1480 438 1522 464 ut
1543 425 1579 463 se
1599 426 1695 478 ipsae
1719 425 1946 464 sustentent?

331 488 437 525 Nam
463 487 554 522 latio
572 484 617 520 ad
633 493 807 520 centrum
828 492 949 519 terrae
969 493 1024 518 res
1039 481 1168 518 finititia
1189 481 1258 521 est3
1288 491 1399 530 atque
1415 482 1542 519 omnis
1561 481 1672 518 mass'a
1692 479 1843 530 grandis
1862 492 1946 518 mo·

331 552 415 579 tum
431 541 582 577 lationis
597 549 862 587 quemcunque
877 536 1065 583 exhorret,
1093 534 1161 572 nisi
1176 536 1221 573 ab
1236 536 1314 573 alio
1328 538 1497 588 appetitu
1511 534 1662 574 fortiori
1676 537 1857 574 vincatur.

391 607 425 644 5.
447 597 500 632 IN
511 605 634 646 QUIR
645 605 773 630 ATUR
789 594 835 629 de
851 603 911 638 eo,
940 590 1030 640 quid
1045 587 1159 640 poffit
1180 593 1217 628 ὅ(
1232 601 1408 640 operetur
1423 588 1617 628 resistentia
1632 592 1802 641 corporis
1817 589 1945 639 medii,

335 652 394 692 vel
415 650 645 687 occurrentis
670 648 715 685 ad
738 649 910 697 regimen
931 656 1057 683 motus
1077 647 1279 696 gravitatis.
1346 646 1498 696 Corpus
1523 658 1614 685 vero
1634 645 1862 683 descendens
1883 655 1949 686 aut

335 714 506 755 penetrat
540 707 577 742 δ(
606 703 700 740 secat
738 714 872 752 corpus
900 713 1113 749 occurrenS‚
1144 711 1206 738 aut
1229 700 1339 738 abeo
1358 698 1500 739 sistitur.
1557 700 1594 738 Si
1609 710 1792 750 penetret,
1821 699 1863 738 fit
1885 712 1947 750 pe.-

336 761 523 801 neti·atio;
552 769 615 796 aut
639 769 726 796 cum
742 759 815 795 levi
838 755 1048 798 resistentia,
1079 757 1176 793 utin
1197 757 1300 796 ae'res
1329 766 1391 793 aut
1412 768 1499 794 cum
1524 755 1690 801 fortiori,
1720 766 1761 792 ut
1776 753 1820 803 in¹
1839 766 1948 804 aqua.

338 814 377 852 Si
397 813 545 862 sistatur,
584 812 714 851 sistitur
735 824 797 851 aut
818 810 1015 850 resistentia
1039 811 1186 863 dispari,
1224 811 1289 848 ubi
1312 810 1353 848 fit
1380 810 1645 862 praegravatio,
1684 820 1724 847 ut
1749 808 1776 847 fi
1798 811 1950 860 lignum

337 869 609 922 superponatur
629 881 756 909 cerae3
796 878 857 905 aut
878 879 1005 916 aequa,
1041 867 1159 903 veluti
1180 864 1205 903 fi
1235 878 1328 914 aqua
1357 865 1628 917 superponatur
1652 877 1780 914 aquae,
1817 875 1880 902 aut
1903 866 1949 902 li-

337 937 460 975 gnum
488 924 652 971 ejusdem
672 923 818 974 generis
846 922 975 972 ligno3
1013 922 1052 959 id
1078 921 1182 970 quod
1206 922 1364 972 appellat
1388 922 1514 958 schola
1539 918 1844 970 (apprehensione
1861 932 1950 970 qua-

339 980 427 1017 dam
442 982 560 1029 inani)
577 991 659 1016 non
678 979 887 1031 ponderare
902 989 1035 1028 corpus
1051 974 1118 1013 nist
1132 986 1231 1013 extra
1246 977 1376 1013 locum
1391 975 1510 1013 suurn.
1567 976 1697 1024 Atque
1713 975 1805 1013 haec
1818 977 1953 1012 omnia.

339 1045 493 1072 motum
507 1036 695 1085 gravitatis
710 1036 872 1072 variant:
902 1031 1029 1069 Aliter
1044 1033 1149 1068 enim
1165 1042 1367 1068 moventur
1382 1034 1505 1081 gravia
1522 1032 1561 1067 in
1576 1031 1756 1078 lancibus,
1787 1030 1893 1067 aliter
1907 1031 1950 1068 in

341 1089 493 1128 decasu:
523 1088 644 1127 Etiam
665 1088 771 1127 aliter
795 1087 918 1138 (quod
941 1088 1081 1124 mirum
1104 1086 1222 1123 videri
1245 1082 1373 1137 poss'it)
1391 1088 1431 1123 in
1452 1086 1619 1123 lancibus
1633 1085 1884 1135 pendentibus
1907 1086 1949 1123 in

343 1146 437 1192 aere,
466 1146 574 1182 aliter
595 1146 635 1181 in
655 1143 819 1181 lancibus
835 1139 1016 1179 immerfis
1032 1143 1072 1178 in
1093 1153 1209 1190 aqua:
1237 1142 1344 1178 aliter
1365 1142 1406 1178 in
1426 1141 1557 1178 decasu
1572 1152 1636 1192 per
1656 1153 1817 1190 aquam3
1846 1138 1952 1178 aliter

344 1200 386 1236 in
400 1200 613 1237 natantibus
631 1197 703 1236 five
717 1199 830 1236 vectis
849 1197 956 1248 super
971 1208 1117 1245 aquam.

340 1296 344 1298 ‚
398 1257 435 1292 6.
465 1256 788 1305 INQUIRATUR
808 1253 855 1290 de
878 1264 938 1299 eo,
971 1251 1063 1300 quid
1087 1247 1200 1300 poss‘it
1226 1253 1263 1288 &
1283 1261 1460 1303 operetur
1480 1250 1596 1301 figura
1616 1252 1784 1303 corporis
1803 1249 1954 1289 descen·

343 1311 468 1347 dentis
493 1310 539 1346 ad
570 1308 778 1358 regendum
809 1318 962 1345 motum
990 1307 1205 1355 gravitati83
1244 1306 1360 1343 veluti
1389 1305 1506 1355 figura
1534 1308 1607 1343 lata
1636 1318 1728 1343 cum
1755 1307 1956 1354 tenuitate,

344 1364 484 1411 cubica,
512 1365 692 1413 oblonga,
721 1363 896 1410 rotunda,
924 1360 1171 1412 pyramidalis,
1201 1363 1238 1398 ὃς
1255 1361 1461 1408 quandose
1480 1371 1626 1400 vertant
1641 1372 1810 1413 corpora,
1839 1372 1956 1410 quan·

349 1422 401 1457 do
417 1420 562 1466 eadem,
591 1431 663 1468 qua
684 1420 944 1463 dimittuntur,
975 1414 1136 1466 pofitura
1157 1419 1423 1466 permaneant?

402 1485 437 1522 7.
467 1477 520 1513 IN
531 1486 593 1526 QU
604 1486 792 1512 IRATUR
807 1473 854 1510 de
870 1485 929 1519 eo,
958 1471 1049 1521 quid
1064 1468 1178 1520 possit
1195 1473 1230 1509 δ(
1247 1481 1423 1522 operetur
1439 1469 1679 1509 continuatio
1694 1473 1730 1509 δε
1743 1467 1958 1524 progreffio

349 1529 457 1582 ipsius
477 1530 575 1567 casus
594 1528 665 1568 five
687 1528 893 1575 descensus,
921 1528 966 1564 ad
988 1527 1073 1574 hoc,
1103 1537 1143 1564 ut
1165 1527 1297 1567 maiori
1320 1525 1544 1577 incitatione
1565 1529 1601 1564 ὃς
1621 1528 1768 1578 impetu
1790 1531 1956 1570 teratur-5

348 1590 388 1624 ὃ(
410 1598 483 1634 qua
511 1585 762 1634 proportione
786 1586 824 1621 δε
846 1582 1042 1632 quousque
1066 1581 1262 1619 invalescat
1288 1580 1349 1617 illa
1372 1580 1566 1618 incitatio?
1603 1579 1786 1630 fiquidern
1814 1592 1958 1620 veteres

347 1642 422 1679 levi
439 1641 764 1690 contemplatione
787 1639 933 1692 opinati
948 1637 1031 1675 sunt
1049 1637 1149 1684 (cum
1167 1646 1294 1674 motus
1314 1638 1490 1681 naturalis
1510 1634 1551 1673 fit
1569 1636 1644 1685 iste)
1663 1649 1752 1675 eum
1772 1648 1958 1690 perpetuo

351 1697 478 1746 augeri
499 1698 535 1733 &
550 1695 709 1732 intendi.

408 1750 444 1788 8.
475 1752 527 1788 IN
539 1761 798 1801 QUIRATUR
820 1749 867 1786 de
883 1761 943 1795 eo,
972 1748 1062 1797 quid
1084 1742 1197 1799 possit
1217 1749 1254 1785 ὅ(
1269 1756 1444 1797 operetur
1468 1745 1638 1785 distantia
1658 1758 1720 1786 aut
1739 1747 1964 1799 proximitas

352 1807 523 1855 corporis
538 1805 793 1843 descendentis
814 1817 835 1841 a
849 1815 959 1850 terra,
993 1802 1138 1850 adhoc,
1169 1813 1210 1840 ut
1224 1804 1379 1840 celerius
1402 1801 1518 1848 cadat,
1547 1813 1608 1839 aut
1625 1804 1776 1850 tardius,
1804 1813 1868 1841 aut
1890 1805 1958 1842 eti·

357 1873 418 1898 am
433 1873 517 1897 non>
530 1862 707 1907 omnino,
739 1858 777 1906 (fi
803 1859 924 1896 modo
948 1858 1061 1895 fucrit
1086 1869 1186 1895 extra
1209 1859 1343 1894 orbem
1367 1858 1562 1894 activitatis
1576 1859 1681 1907 globi
1701 1870 1833 1905 terrae,
1864 1871 1961 1908 quae

358 1915 519 1953 Gilberti
539 1916 673 1965 opinio
683 1915 760 1952 fuit
779 1916 800 1961 z)
831 1924 943 1962 atque
967 1911 1075 1950 fimul
1104 1913 1150 1950 de
1174 1925 1233 1960 eo,
1261 1913 1353 1962 quid
1377 1923 1554 1962 operetur
1583 1912 1774 1952 immersio
1789 1913 1961 1966 corporis

356 1970 615 2008 descendentis
638 1972 755 2020 magis
781 1973 821 2006 in
845 1969 1079 2018 profundum
1096 1979 1227 2015 terrae,
1257 1979 1318 2005 aut
1333 1967 1537 2011 cojloeatio
1553 1969 1717 2013 ejuldem
1747 1971 1900 2021 propius
1914 1970 1961 2008 ad

358 2026 589 2078 superficiem
607 2028 750 2063 terrae?
779 2026 934 2062 Etenim
952 2024 1041 2062 haec
1057 2036 1112 2061 res
1127 2023 1238 2061 etiam
1255 2033 1407 2060 motum
1432 2025 1558 2070 variat,
1589 2036 1628 2062 ut
1650 2023 1890 2076 operantibus
1919 2027 1961 2064 in

357 2082 511 2118 mineris
539 2080 768 2131 perspectum
793 2080 852 2116 est.

410 2149 448 2184 9.
480 2138 803 2187 INQUIRATUR
829 2135 876 2172 de
897 2146 957 2180 eo,
987 2132 1077 2181 quid
1098 2129 1212 2182 poffit
1236 2135 1273 2171 ὅ(
1295 2143 1472 2182 operetur
1503 2133 1716 2172 differentia
1743 2145 1962 2184 corporum,

357 2205 423 2242 per
438 2204 532 2243 quae
553 2202 679 2228 motus
693 2189 879 2240 gravitatis
894 2188 1117 2227 diffunditur
1133 2191 1171 2226 δε
1194 2190 1498 2226 communicatur
1515 2203 1523 2225 :
1553 2200 1663 2238 atque
1689 2199 1818 2228 utrum
1842 2201 1960 2240 aeque

357 2248 663 2285 communicetur
683 2258 748 2296 per
763 2257 923 2297 corpora
939 2244 1070 2281 mollia
1091 2247 1127 2282 ὅ(
1146 2243 1294 2296 porosa,
1323 2255 1365 2280 ac
1380 2256 1443 2293 per
1465 2244 1554 2281 dura
1570 2247 1605 2282 ὃ(
1632 2244 1748 2282 solida
1767 2258 1774 2282 :
1803 2245 1918 2283 veluti
1934 2242 1966 2285 fi.

361 2303 459 2340 trabs
482 2303 596 2338 laneis
624 2299 665 2338 fit
691 2314 734 2338 ex
758 2303 871 2339 altera
887 2311 989 2351 parte
1010 2299 1174 2349 lingulae
1190 2298 1324 2349 lignea,
1352 2311 1395 2336 ex
1410 2299 1524 2336 altera
1538 2311 1724 2349 argentea,
1757 2300 1859 2347 (licet
1884 2300 1961 2339 fue-

364 2358 438 2396 rint
456 2357 624 2394 reduCtae
635 2357 679 2393 ad
695 2357 797 2394 idem
812 2353 989 2406 pondus)
1006 2365 1134 2393 Utrum
1146 2367 1225 2392 non
1242 2357 1441 2404 progignat
1453 2354 1696 2392 variationem
1713 2358 1752 2392 in
1769 2355 1934 2394 lancibus
1949 2359 1962 2392 ἓ

363 2414 555 2459 Similiter,
571 2422 699 2449 utrum
719 2412 916 2449 metallum
936 2412 1054 2457 lanae,
1069 2420 1132 2449 aut
1147 2408 1280 2448 veficae
1296 2410 1455 2457 inflatae,
1485 2408 1833 2461 super-impositum,
1860 2411 1965 2449 idem

364 2469 558 2518 ponderet,
588 2467 693 2515 quod
712 2469 752 2504 in
768 2467 890 2504 fundo
910 2465 1024 2502 lancis
1040 2470 1051 2502 ἓ
1291 2459 1296 2466 “

421 2534 481 2559 10.
511 2524 833 2574 INQUIRATUR
858 2522 905 2563 de
933 2533 993 2567 eo,
1021 2521 1112 2569 quid
1138 2517 1252 2571 poffit
1276 2522 1313 2558 ὅ(
1335 2531 1511 2570 operetur
1540 2519 1578 2557 in
1607 2521 1961 2560 communicatione

366 2588 492 2614 motus
515 2579 703 2626 gravitatis
727 2577 896 2615 distantia
921 2578 1092 2626 corporis
1123 2588 1142 2613 a
1167 2576 1394 2613 libramine:
1424 2577 1509 2612 Hoc
1537 2576 1597 2621 est,
1627 2576 1699 2613 cita
1720 2579 1756 2615 δε
1785 2575 1863 2626 sera
1880 2587 1960 2626 per-

366 2634 491 2681 ceptio
516 2633 702 2669 ineubitus
724 2631 795 2671 five
818 2628 1088 2683 depressionis:
1116 2632 1232 2669 veluti
1254 2631 1293 2667 in
1317 2630 1509 2670 lancibuss
1543 2631 1607 2667 ubi
1631 2632 1745 2668 altera
1772 2643 1854 2682 pars
1891 2641 1965 2669 tra-

366 2686 418 2723 bis
439 2687 486 2722 est
510 2689 675 2736 longior,
707 2688 808 2734 (lieet
837 2686 987 2724 reducta
1007 2687 1051 2723 ad
1077 2686 1178 2722 idem
1193 2685 1354 2736 pondus)
1383 2698 1431 2722 an
1458 2686 1615 2722 inclinet
1640 2686 1711 2723 hoe
1740 2685 1862 2739 ipsum
1886 2686 1965 2724 lan·

367 2754 450 2778 cem
472 2745 482 2776 ?
512 2741 592 2778 Aut
615 2744 654 2778 in
679 2744 778 2780 tubis
792 2741 958 2788 arcuatis,
987 2742 1050 2779 ubi
1076 2742 1229 2790 longior
1250 2752 1330 2790 pars
1345 2751 1443 2777 certe
1459 2740 1579 2778 trahet
1594 2752 1742 2789 aquam,
1772 2742 1860 2779 licet
1883 2741 1964 2779 bre-

367 2798 451 2833 vior
469 2807 560 2844 pam,
592 2796 697 2841 (fasta
714 2796 850 2834 scilicet
870 2798 1065 2847 capacion)
1097 2797 1216 2842 majus
1231 2797 1426 2833 contineat
1442 2796 1589 2845 pondus
1603 2808 1730 2844 aquae.

431 2862 445 2887 1
459 2862 491 2887 1.
522 2852 572 2886 IN
584 2862 645 2901 qu
656 2863 667 2887 1
678 2864 703 2888 R
714 2864 841 2890 ATUR
862 2852 908 2889 de
929 2865 989 2899 eo,
1018 2852 1108 2901 quid
1123 2847 1237 2903 possit
1254 2850 1487 2888 intermixtio
1503 2849 1574 2888 five
1589 2851 1783 2902 copulatio
1796 2853 1966 2901 corporis

370 2907 460 2943 levis
480 2916 566 2941 cum
587 2917 747 2954 corpore
763 2909 877 2956 gravi,
902 2908 952 2945 'ad
973 2908 1191 2944 elevandam
1213 2907 1384 2955 corporis
1399 2908 1631 2956 gravitatem,
1661 2916 1702 2943 ut
1729 2907 1770 2943 in
1796 2906 1966 2956 pondere

371 2958 591 2998 animalium
607 2959 778 2997 vivorum
800 2964 834 2998 ὃ(
862 2966 1132 3000 mortuorum?

432 3027 491 3052 12.
522 3016 839 3064 INQUIRATUR
871 3017 919 3054 de
950 3016 1093 3054 secretis
1118 3014 1320 3054 ascensibus
1343 3017 1380 3052 δε
1403 3013 1631 3053 descensibus
1659 3018 1821 3065 partium
1851 3016 1967 3054 levio-

372 3081 456 3109 rum
474 3072 508 3107 ἃ
525 3071 737 3119 graviorum
757 3070 793 3106 in
818 3083 896 3108 uno
915 3084 1074 3122 corpore
1094 3073 1244 3122 integro
1262 3086 1268 3108 ;
1298 3071 1398 3110 unde
1421 3070 1511 3109 fiant
1533 3069 1637 3122 saepe
1661 3082 1849 3109 accuratae
1872 3069 1968 3124 sepa·

1774 3127 1939 3166 tationes
1953 3139 1966 3168 ς
