2040 3439
182 232 246 292 84

411 231 511 279 DE
547 232 1049 279 AUGMENTIS
1086 230 1712 277 SCIENTIARUM.
1751 232 1922 279 Libii,

374 330 569 368 Conpus
596 339 721 368 autem
744 339 895 366 naturae
916 323 1187 377 elegantissime
1212 329 1248 364 ὃ(
1273 323 1462 364 verissime
1486 325 1701 376 depingitur
1725 328 1924 376 hirsutum,

322 395 477 436 propter
492 397 620 423 rerum
638 385 770 421 iadios.
827 383 939 420 Radii
958 383 1062 419 enim
1083 381 1168 419 sunt
1183 391 1363 429 tanquam
1394 392 1550 419 naturae
1576 385 1712 430 crines,
1745 382 1814 420 five
1828 386 1925 421 villi:

323 451 435 490 atque
451 441 581 476 omnia
608 439 686 476 fere
703 440 763 476 vel
779 439 897 487 magis
911 438 969 475 vel
994 434 1119 474 minus
1135 436 1278 474 radiosa
1295 434 1405 479 sunt5
1435 438 1538 485 quod
1568 438 1607 473 in
1635 437 1808 475 facultate
1834 439 1929 479 visus

323 490 661 533 manifestiffimum
679 491 751 534 ests
781 505 851 530 nec
865 494 992 530 minus
1006 493 1046 528 in
1065 490 1173 529 omni
1188 494 1324 529 virtute
1342 493 1562 541 magnetica,
1592 494 1629 529 &
1644 495 1863 544 operatione
1883 494 1930 531 ad

322 551 468 588 distans.
524 548 715 601 Quicquid
735 549 840 585 enirn
856 556 1031 597 operatur
1055 547 1099 584 ad
1122 546 1267 592 distans,
1298 547 1336 583 id
1358 549 1469 583 ctiam
1501 547 1623 584 radios
1642 547 1813 586 emittere
1830 550 1930 586 teste

325 605 399 642 dici
420 602 547 654 potest.
606 603 677 641 Sed
694 604 855 640 maxime
870 604 1047 639 omnium
1077 603 1271 654 prominet
1297 602 1409 638 barba
1433 603 1554 649 Panis,
1584 606 1670 650 quia
1691 603 1931 655 radiicorpo-

327 672 411 698 rum
427 658 656 706 coelestium,
678 661 714 696 δε
729 659 924 711 praecipue
939 657 1040 704 solis,
1057 658 1218 693 maxime
1234 669 1274 693 ex
1292 657 1509 706 longinquo
1534 669 1736 706 operantur
1761 661 1797 695 ὅ(
1820 670 1933 711 pene·

325 725 451 755 trant;
481 714 576 751 adeo
603 724 644 752 ut
668 713 856 766 superiora
886 724 1016 758 tei-,rae
1044 724 1153 763 atque
1177 713 1289 748 etiam
1308 713 1500 758 interiora,
1530 713 1574 749 ad
1598 713 1817 754 distantiam
1836 726 1933 751 non-

327 771 474 807 nullam
503 770 611 819 plane
642 771 823 808 verterint
848 771 885 806 ὅ(
908 768 1133 817 subegerint,
1173 769 1210 804 ὅ(
1244 765 1371 816 lpIritu
1401 768 1654 816 implexeiint.
1711 770 1932 818 Elegantiot

326 835 453 862 autem
477 825 526 861 cst
547 825 662 874 figura
686 825 733 862 de
757 824 868 861 barba
889 825 1009 870 Panis,
1039 823 1143 872 quod
1170 824 1206 859 ὅς
1235 822 1286 859 sol
1316 822 1587 872 ip1e,quando
1611 834 1715 873 parte
1745 823 1935 873 superiore

329 881 407 926 ejus
432 880 532 917 nube
563 881 757 928 obvoluta,
785 879 877 916 radii
900 855 1055 917 inferius
1078 888 1294 929 erumpunt,
1323 879 1368 915 ad
1402 878 1587 928 aspeetum
1620 880 1789 916 barbatus
1817 878 1936 917 cerni-

328 945 400 973 tur.

381 992 551 1029 ETIAM
580 1000 716 1042 corpus
741 999 894 1028 naturae
923 986 1124 1028 reffiffime
1151 987 1369 1026 describitur
1403 988 1579 1035 biforme,
1608 988 1660 1025 ob
1683 987 1936 1026 differentiam

331 1057 536 1095 corporum
554 1046 787 1096 superiorum
805 1049 841 1083 &
860 1045 1094 1083 inferiorum.
1151 1046 1217 1082 llla
1233 1043 1333 1081 enim
1351 1043 1401 1079 ob
1416 1044 1737 1093 pulchritudinem
1759 1046 1795 1082 ὃ(
1811 1054 1940 1082 motus

330 1103 594 1149 aequalitatem
612 1105 649 1138 ὃ(
677 1099 933 1147 constantiam,
964 1113 1116 1137 necnon
1137 1101 1340 1149 imperium
1365 1100 1404 1134 in
1435 1110 1571 1136 terram
1590 1102 1624 1135 ὃ(
1643 1098 1833 1144 terrestria,
1863 1111 1939 1140 me-

331 1158 409 1193 rito
425 1156 489 1194 sub
505 1157 667 1194 humana
682 1156 799 1205 figura
815 1154 1137 1207 repraesentantur
1148 1173 1160 1197 ,-
1192 1167 1279 1192 cum
1291 1165 1419 1190 natura
1436 1155 1597 1191 humana
1608 1155 1752 1190 ordinis
1764 1157 1801 1191 ὃ(
1815 1155 1939 1191 dorni-

332 1212 497 1248 nationis
512 1214 693 1260 particeps
707 1209 748 1248 fit
763 1224 770 1247 :
800 1211 889 1248 haec
908 1204 1034 1247 autem
1049 1211 1100 1246 ob
1115 1208 1438 1261 perturbationem
1455 1211 1491 1246 δε
1511 1220 1637 1246 motus
1653 1208 1938 1261 incompositos,

332 1269 370 1304 ὅ(
390 1267 493 1315 quod
515 1279 534 1303 a
555 1266 772 1303 coelestibus
799 1267 838 1302 in
868 1266 1042 1316 plurimis
1067 1274 1254 1313 regantur,
1285 1265 1386 1300 bruti
1415 1266 1587 1301 animalis
1613 1264 1729 1313 figura
1758 1275 1942 1303 contenta

332 1321 401 1359 esse
428 1321 589 1370 possunt
645 1322 767 1358 Porro
793 1321 924 1358 eadem
950 1321 1117 1369 corporis
1132 1320 1305 1356 biformis
1320 1317 1520 1370 descriptio
1535 1317 1697 1368 pertinet
1720 1319 1766 1356 ad
1795 1321 1941 1369 pattici-

332 1378 528 1429 pationem
550 1376 781 1427 specierum:
812 1376 929 1413 Nulla
945 1374 1048 1412 enim
1065 1385 1217 1414 naturae
1239 1372 1384 1425 lpecies,
1414 1372 1566 1424 simplex
1587 1373 1704 1411 videri
1719 1373 1851 1424 potest,
1877 1374 1942 1413 1ed

332 1443 515 1480 tanquam
544 1444 587 1468 ex
615 1431 762 1468 duobus
789 1432 1025 1481 participans,
1055 1432 1090 1467 ὅ(
1125 1439 1313 1466 coneieta.
1372 1430 1492 1466 Habet
1523 1428 1626 1467 enim
1655 1429 1777 1466 homo
1805 1430 1944 1468 nonni-

333 1487 387 1524 hil
413 1499 456 1523 ex
486 1487 612 1533 bruto,
643 1486 796 1524 brutum
812 1485 990 1523 nonnihil
1008 1497 1050 1522 ex
1067 1486 1204 1534 planta,
1234 1485 1358 1535 planta
1385 1484 1564 1522 nonnihil
1580 1497 1622 1522 cx
1638 1497 1796 1534 corpore
1823 1484 1943 1522 inani-

334 1551 453 1588 mato,
490 1543 695 1589 omniaque
723 1554 849 1578 revera
877 1540 1056 1577 biformia
1084 1539 1168 1576 sunt
1199 1543 1234 1576 ὅ(
1266 1552 1307 1576 ex
1338 1539 1454 1590 specie
1483 1539 1670 1591 superiore
1698 1543 1734 1578 ὅ(
1763 1540 1943 1578 inferiore

333 1597 539 1646 compasta.
594 1593 820 1633 Acutiffima
850 1605 975 1632 autem
993 1596 1041 1632 est
1057 1593 1233 1644 allegoria
1252 1595 1298 1630 de
1314 1595 1468 1644 pedibus
1484 1607 1625 1646 caprae,
1655 1605 1806 1646 propter
1821 1595 1944 1633 ascen-

332 1650 477 1689 sionem
494 1663 699 1702 corporum
716 1652 945 1689 terrestrium
971 1651 1093 1688 versus
1119 1649 1290 1700 regiones
1315 1651 1405 1686 a'e'ris
1429 1653 1466 1687 &
1495 1651 1606 1697 coeli,
1635 1650 1700 1688 ubi
1713 1652 1830 1687 etiam
1854 1662 1945 1700 pen-

335 1705 412 1744 filia
435 1706 542 1753 fiunt,
572 1709 608 1743 δε
625 1705 713 1743 inde
738 1707 976 1753 dejiciuntur,
1005 1707 1124 1755 magis
1145 1718 1258 1754 quam
1282 1705 1523 1742 descendunt.
1582 1707 1706 1757 Capra
1734 1704 1838 1742 enim
1866 1708 1945 1743 ani-

335 1763 412 1798 mal
438 1760 665 1798 scansorium
694 1762 754 1809 est,
784 1774 900 1814 eaque
928 1773 948 1797 e
974 1759 1124 1813 rupibus
1152 1761 1328 1812 pendere,
1356 1770 1468 1809 atque
1491 1759 1528 1797 in
1552 1760 1776 1814 praecipitiis
1792 1760 1944 1798 haerere

335 1827 462 1858 amat3
499 1815 667 1853 fimiliter
693 1819 808 1854 etiam
841 1829 909 1862 res,
946 1818 1033 1853 licet
1062 1815 1232 1853 inferiori
1262 1817 1381 1864 globo
1409 1814 1617 1863 destinatae,
1647 1816 1802 1862 faciunt,
1831 1816 1947 1864 idque

335 1873 443 1910 miris
457 1871 593 1918 modis,
622 1882 663 1909 ut
684 1874 723 1909 in
754 1872 917 1910 nubibus
933 1874 969 1908 ὅ(
985 1870 1161 1908 mercoris
1181 1867 1517 1908 manifestissimum
1546 1873 1606 1908 cst.
1661 1873 1747 1908 Imo
1769 1883 1851 1908 non
1870 1869 1946 1909 stne

337 1926 445 1964 causa
470 1925 672 1974 Gilbertus,
700 1929 765 1976 qui
791 1928 837 1964 de
860 1936 1036 1976 magnete
1064 1922 1349 1963 laboriofissimc
1379 1929 1415 1963 δε
1444 1925 1650 1964 secundum
1677 1928 1777 1964 viam
1804 1928 1945 1978 experi-

336 1983 544 2019 mentalem
573 1980 801 2034 conscripsit,
831 1980 1107 2020 dubitationem
1123 1982 1279 2027 injecit;
1307 1993 1485 2018 numnon
1505 1981 1605 2020 forte
1633 1992 1792 2033 corpora
1808 1983 1945 2031 gravia,

337 2038 419 2087 post
438 2039 595 2086 longam
611 2050 631 2074 a
645 2049 742 2074 terra
755 2037 978 2084 distantiam,
1007 2047 1159 2074 motum
1175 2037 1298 2075 versus
1314 2036 1492 2074 inferiora
1511 2036 1690 2088 paulatim
1707 2047 1842 2074 exuant
1857 2039 1869 2072 ?

392 2094 627 2130 INSIGNIA
652 2103 778 2130 aurem
804 2094 1032 2130 inmanibus
1048 2093 1157 2129 Panis
1173 2102 1369 2142 ponuntur
1397 2092 1583 2141 duplicia3
1611 2093 1771 2130 alterum
1799 2091 1949 2129 harmo-

337 2149 434 2194 niae,
462 2149 622 2185 alterum
657 2149 817 2200 imperii.
874 2147 1003 2185 Fistula
1031 2149 1135 2184 enim
1164 2160 1205 2184 ex
1235 2147 1376 2197 septem
1403 2147 1550 2184 calamis
1572 2157 1804 2185 concentum
1819 2159 1948 2185 rerum

338 2206 376 2240 ὃ(
397 2203 648 2249 harmoniam,
678 2201 749 2241 five
767 2204 1015 2241 concordiam
1034 2215 1122 2240 cum
1138 2200 1322 2240 discordia
1337 2201 1494 2247 mistam,
1526 2203 1633 2252 (quae
1654 2215 1696 2239 ex
1714 2201 1854 2252 septem
1869 2203 1949 2240 stel-

337 2260 462 2295 larum
490 2259 698 2296 errantium
727 2269 838 2296 motu
869 2258 1095 2305 conficitur,)
1126 2258 1319 2295 evidenter
1348 2256 1520 2295 ostendit.
1576 2259 1711 2309 Neque
1740 2259 1843 2295 enim
1872 2259 1950 2305 alii,

337 2323 597 2362 praeterquam
621 2313 761 2363 septem
779 2316 1026 2363 planetarum,
1056 2314 1301 2351 inveniuntur
1322 2316 1361 2350 in
1390 2314 1502 2350 coelo
1525 2325 1680 2359 erroreS,
1710 2310 1780 2350 five
1794 2312 1948 2364 expatia-

340 2370 464 2405 tiones
480 2367 704 2416 manifestae,
733 2381 827 2418 quae
851 2381 939 2406 cum
961 2369 1182 2417 aequalitate
1197 2368 1384 2406 stellarum
1407 2367 1577 2412 fixarum,
1606 2380 1808 2416 earumque
1823 2380 1950 2419 perpe-

340 2433 402 2460 tua
438 2426 475 2460 ὃζ
507 2422 712 2461 invariabili
746 2425 792 2461 ad
827 2424 862 2461 se
897 2426 1059 2461 invicem
1083 2424 1252 2461 distantia
1284 2422 1512 2473 compositae
1539 2425 1574 2460 δε
1597 2433 1837 2472 temperatae,
1865 2433 1950 2460 tum

340 2477 583 2515 constantiam
605 2478 820 2531 specierum,
850 2489 934 2516 tum
954 2479 1096 2517 fluxum
1118 2478 1402 2516 individuorum
1418 2479 1515 2515 tueri
1531 2481 1567 2515 ὅ(
1582 2480 1679 2515 ciere
1699 2474 1852 2527 possint.
1911 2479 1950 2516 Si

341 2534 407 2580 qui
428 2545 516 2570 vero
537 2531 606 2570 sint
623 2536 793 2583 planetae
812 2536 993 2580 minores,
1024 2536 1185 2583 quinon
1201 2533 1508 2585 conspiciuntur5
1537 2531 1562 2569 fi
1573 2545 1644 2583 qua
1660 2535 1771 2570 etiam
1786 2535 1952 2571 mutatio

342 2589 383 2624 in
404 2588 514 2623 coelo
534 2590 667 2636 major,
698 2590 754 2636 (ut
769 2589 808 2627 in
829 2591 988 2627 cometis
1004 2590 1201 2626 nonnullis
1215 2587 1528 2640 superlunaribus)
1551 2588 1727 2626 videntur
1747 2589 1810 2625 illa
1830 2588 1951 2640 profe-

341 2643 405 2679 eso
425 2652 602 2690 tanquam
623 2644 771 2692 fistulae,
800 2655 863 2681 aut
881 2646 1046 2681 omnino
1061 2655 1201 2689 mutae,
1230 2654 1293 2680 aut
1322 2644 1367 2680 ad
1391 2654 1538 2692 tempus
1568 2653 1716 2680 tantum
1745 2642 1921 2693 streperac
1934 2660 1950 2687 ς

343 2707 476 2746 utpote
491 2709 649 2745 quarum
665 2699 900 2748 operationes
914 2701 975 2737 vel
990 2699 1034 2736 ad
1051 2711 1122 2736 nos
1138 2711 1217 2735 non
1234 2699 1484 2747 perlabantur,
1514 2699 1570 2735 vel
1588 2699 1824 2735 harmoniam
1842 2699 1947 2735 illam

344 2752 487 2801 septem
509 2751 709 2790 fistularum
730 2756 839 2792 Panis
858 2767 939 2792 non
969 2755 1034 2792 diu
1058 2754 1322 2791 interturbent.
1380 2753 1525 2790 Pedum
1542 2764 1667 2790 autem
1685 2753 1778 2789 illud
1803 2752 1952 2803 imperii

343 2805 481 2844 nobilis
500 2807 692 2845 transsatio
707 2810 767 2857 est,
784 2820 936 2859 propter
952 2811 1025 2847 vias
1035 2819 1187 2846 naturae
1203 2810 1338 2859 partim
1356 2809 1481 2854 renas,
1501 2808 1636 2859 partim
1652 2808 1836 2869 obliquas.
1880 2808 1953 2846 At-

344 2874 418 2923 que
434 2861 607 2898 baculum
624 2864 745 2910 illum,
775 2863 844 2902 five
865 2866 979 2914 virga,
997 2863 1119 2901 versus
1141 2863 1369 2915 superiorem
1392 2874 1535 2914 partem
1551 2864 1746 2913 praecipue
1762 2875 1872 2900 curva
1887 2863 1950 2907 cst,

343 2918 430 2965 quia
447 2918 578 2953 omnia
592 2919 847 2968 providentiae
860 2920 1008 2957 dixinae
1021 2931 1133 2968 opera
1148 2917 1187 2955 in
1209 2919 1355 2955 mundo
1370 2918 1448 2955 feie
1463 2930 1528 2967 per
1555 2919 1726 2967 ambages
1757 2920 1792 2955 &
1822 2919 1952 2955 circui-

344 2982 406 3009 tus
427 2971 535 3017 fiunt‚
565 2982 606 3009 ut
630 2973 730 3013 aliud
754 2976 812 3023 agi
837 2975 954 3010 videri
977 2970 1104 3025 possir,
1131 2973 1233 3010 aliud
1262 2985 1324 3009 rev
1328 2985 1388 3010 ert
1411 2983 1550 3023 agatur,
1579 2971 1668 3010 ficut
1684 2972 1838 3024 Iolcplii
1865 2985 1954 3010 ven-

341 3027 439 3063 ditio
468 3025 506 3062 in
522 3026 763 3076 AEgyptum,
794 3031 830 3065 ὃ(
858 3027 881 3064 s
886 3030 999 3065 milia
1055 3027 1274 3080 Quinetlam
1288 3040 1327 3064 in
1345 3040 1527 3071 reonnme
1543 3028 1712 3064 humano
1732 3029 1840 3065 omni
1869 3040 1952 3080 pru-

335 3082 522 3129 dentiore,
551 3083 616 3131 qui
637 3082 681 3119 ad
697 3083 945 3131 gubernacula
966 3082 1106 3124 sedent.
1136 3084 1279 3134 populo
1299 3084 1576 3130 convenientia,
1607 3094 1671 3131 per
1688 3092 1897 3132 praetextus
1913 3084 1952 3119 δε

1876 3149 1950 3174 vias
