2040 3439
685 227 1213 292 INDEX.

91 333 210 374 Globus
227 332 413 386 plumbeus
429 347 448 372 a
465 335 550 372 turri
567 334 730 373 demissus
746 349 817 374 non
833 350 927 375 acce-

135 385 301 422 lerabitur
328 383 429 432 juxta
463 385 631 422 rationem
665 387 798 433 quanti,
845 399 924 434 143.

138 435 258 472 Globus
275 433 506 478 scientiarum,
754 436 837 485 Pag.
858 438 926 482 164

90 483 228 530 Gloriqli
243 482 408 520 fortitudo
423 483 484 519 fita
500 483 549 520 est
564 483 599 520 in
614 483 723 520 oculis
740 484 923 535 spectanti-

99 549 102 555 ·
137 545 213 575 um,
241 543 297 580 33.
350 531 479 581 Qales
495 532 583 574 sunt,
859 538 926 580 ¹84

89 582 271 627 Gordianus
281 581 399 628 *iunior
417 581 478 617 sub
496 591 607 619 tutore
623 582 756 626 claruit,
879 596 920 631 32

89 628 382 681 Gorgias‚surnma
394 630 463 678 ejus
474 631 682 680 eloquentia,
701 633 778 683 11'7.
798 633 855 670 Ex
866 647 922 670 an-

138 681 239 730 tiquis
256 679 424 729 sophistis,
457 692 469 714 1
478 693 497 727 5
504 693 534 728 3.
584 681 741 731 Gorgias,
852 686 921 731 287

93 730 265 779 Gorgones,
879 735 922 779 87

91 780 205 823 Gothi,
231 780 367 827 linguae
385 791 470 828 quae
488 781 530 816 ab
559 780 600 817 iis
628 782 754 819 fluxere
770 781 923 831 aspiratis

141 828 307 878 gaudent,
851 832 919 867 161

90 878 235 922 Graecae
251 877 391 921 sorores,
876 880 922 929 87

69 927 286 978 &saccorum
296 927 453 975 sapientia
465 928 588 976 qualis,
605 938 638 976 7.
656 927 791 965 Eorum
806 929 922 977 lingua

107 997 114 1002 -
132 976 437 1026 ⁴compositionibus
451 978 671 1021 refertiffima,
690 978 767 1015 s60.
805 979 922 1027 Diph-

137 1026 276 1075 thongis
290 1026 406 1068 scatet,
439 1027 519 1063 161.
571 1027 691 1075 Magis
704 1028 830 1064 artibus
849 1027 922 1064 ido-

137 1075 208 1118 nei,
235 1075 387 1110 Romani
406 1077 503 1113 rebus
519 1078 692 1125 gerundis,
854 1076 921 1113 160

90 1123 212 1162 Graeci
221 1124 435 1161 scientiarum
453 1126 620 1168 authores,
650 1128 732 1174 287.
783 1126 922 1163 Tamen

136 1174 173 1211 in
191 1174 434 1224 disputationes
452 1174 557 1211 effusa
574 1175 714 1212 illorum
744 1175 920 1225 sapientia,

851 1228 894 1261 28

88 1264 221 1310 Graeca
237 1271 371 1320 lingua,
398 1273 488 1309 Cato
505 1287 581 1310 eam
596 1273 847 1323 aspernabatur,
875 1238 922 1321 3}

86 1322 220 1366 Graeci,
231 1322 340 1370 pueri,
353 1332 395 1358 ex
407 1333 520 1359 mente
529 1324 708 1360 sacerdotis
721 1324 919 1373 AEgyptii,

133 1382 197 1418 47.
249 1371 326 1407 Nec
346 1372 470 1408 habent
488 1373 662 1409 scientiam
697 1374 919 1422 antiquitatis,

136 1432 198 1456 nec
244 1421 483 1468 antiquitatem
518 1423 685 1465 scientiae,
727 1433 789 1469 47,
834 1425 917 1470 287,

137 1471 220 1506 288.
274 1470 427 1506 Mutuati
443 1471 517 1507 sunt
530 1472 572 1508 de
585 1472 826 1508 Hebraeorum
842 1485 917 1520 my-

136 1518 279 1561 steriis,
299 1521 358 1556 82.
406 1519 602 1556 Laudantes
634 1521 769 1557 effusius
801 1521 919 1557 animo

135 1567 298 1611 nocendi,
340 1569 509 1616 pustulam
548 1571 581 1605 in
616 1583 733 1606 eorum
782 1570 919 1606 naribus

133 1617 217 1653 oriri
230 1616 435 1661 fabulantur,
456 1628 533 1666 172.
576 1619 630 1655 De
641 1620 836 1655 Graecorum
852 1620 917 1654 mi-

132 1666 234 1714 rabili
253 1666 430 1714 sapientia,
474 1680 555 1712 214.
608 1669 750 1705 Habent
770 1669 805 1704 id
824 1669 917 1716 quod

84 1730 87 1736 ¹
135 1727 321 1765 puerorum
352 1717 412 1758 est,
452 1728 487 1752 ut
517 1718 559 1753 ad
585 1718 806 1766 garriendum
841 1718 918 1754 sunt

133 1766 306 1814 prompti,
344 1768 426 1803 288.
479 1767 729 1815 Hyperboreos
763 1768 915 1815 Scythas,

134 1814 363 1851 occidentales
395 1814 508 1851 Celtas
542 1815 735 1852 indistincte
763 1816 917 1866 appella-

134 1863 230 1904 bant,
837 1865 917 1901 ibid.

86 1913 309 1950 Grammatico
327 1912 394 1949 five
421 1925 593 1961 organum
627 1913 804 1957 sermonis,
835 1926 916 1961 159.

137 1961 289 2012 Duplex,
835 1963 915 2000 ibid.

85 2011 312 2048 Grammatica
325 2012 467 2048 viatoris
480 2012 592 2049 locum
605 2025 686 2061 erga
700 2016 842 2050 caeteras
856 2013 915 2049 sc'i-

134 2060 241 2097 entias
258 2062 403 2104 obtinet,
849 2064 916 2099 160

85 2111 309 2146 Grammatica
327 2111 502 2159 bipartita,
520 2110 599 2147 ibid.
638 2111 816 2159 Qaenam
836 2124 916 2159 pro-

134 2159 247 2195 banda
265 2161 302 2195 δε
320 2159 514 2207 rejicienda,
541 2160 621 2196 ibid.
673 2161 828 2207 Exiguus
846 2160 916 2207 ejus

133 2207 208 2245 usus
221 2208 255 2244 in
268 2209 393 2256 linguis
406 2209 606 2251 vernaculis,
634 2209 742 2255 major
756 2210 790 2245 in
801 2211 908 2245 erudi-

133 2258 189 2301 tis,
207 2257 287 2294 ibid.
315 2258 560 2306 Philosophans
578 2258 664 2293 inter
677 2259 873 2301 defideram‚
894 2273 914 2295 a

131 2307 279 2355 simplici
297 2307 492 2342 &literaria
504 2306 671 2350 distincta,
696 2308 773 2345 161.

130 2356 175 2392 ad
192 2369 270 2392 eam
287 2357 455 2404 pertinere
466 2356 675 2404 judicantur,

85 2406 272 2450 Granum,
283 2406 437 2452 qualibus
451 2416 588 2441 utuntur
606 2405 769 2440 Germani
782 2405 913 2454 septenss

132 2455 304 2497 trionales,
845 2468 862 2501 3
870 2457 886 2490 8
892 2468 912 2501 5

82 2504 208 2541 Gratia
224 2504 346 2540 divina
376 2504 411 2539 in
429 2503 609 2540 virtutibus
641 2504 746 2541 utitur
765 2504 913 2542 motibus

132 2553 329 2596 voluntatis,
845 2567 858 2589 1
868 2557 910 2600 38

83 2602 140 2639 De
159 2603 269 2638 Gravi
287 2603 323 2638 &
341 2602 409 2638 levi
429 2602 598 2652 inquisitio
615 2603 741 2651 topica,
845 2616 911 2650 149

82 2652 216 2687 Gravia
235 2662 356 2687 terram
375 2662 506 2699 petunt,
844 2665 910 2699 107

82 2701 210 2737 Gravis
229 2702 266 2736 &
282 2700 378 2743 levis,
410 2713 487 2746 149.
539 2700 691 2749 Simplex
710 2701 746 2736 ὅτ
769 2712 911 2750 ςι·)ηψ.ιὲ

52 2760 56 2768 “
129 2760 202 2788 rata
224 2752 396 2798 gravitas,
428 2761 511 2797 149,
543 2762 622 2795 150.
675 2750 839 2786 Gravitas
870 2764 911 2786 ex

129 2799 228 2848 copia
240 2800 398 2835 materiae
406 2811 473 2834 non
485 2811 525 2834 ex
536 2800 627 2834 areta
638 2811 820 2846 compage,
842 2804 860 2845 3‘
866 2812 909 2847 39

81 2848 255 2896 Gregorius
267 2849 293 2884 Ι.
321 2848 522 2884 memoriam
541 2848 721 2884 authorum
756 2849 907 2885 ethnico-

129 2908 205 2934 rum
222 2898 401 2934 obliterare
418 2898 540 2940 studet,
861 2901 907 2943 48

81 2946 241 2983 Gremiale
257 2947 443 2989 coruscans,
840 2959 881 2993 32
894 2960 906 2982 1

81 2996 329 3032 Guicciardinus
339 2995 524 3031 Clementis
537 2995 623 3031 VII.
649 3007 777 3031 errores
791 2995 911 3044 depin-

129 3044 196 3092 git,
226 3056 282 3092 32.
334 3046 469 3080 Tamen
498 3043 569 3092 ejus
597 3044 661 3080 fuit
691 3044 910 3089 domesticus,

129 3094 207 3131 ibid.
259 3095 395 3131 Laudes
411 3093 479 3142 ejus
498 3093 669 3142 repetitae,
840 3106 909 3142 207

81 3142 208 3178 Gummi
223 3144 398 3186 arborum,
840 3156 908 3191 343

81 3192 195 3236 Gustus
216 3193 394 3240 inquifitio,
840 3206 908 3241 347.

81 3241 200 3276 Guttae
215 3254 319 3288 aquae
337 3242 515 3286 rotundae,

135 3279 235 3327 Vct.
251 3292 277 3328 1.
841 3254 911 3290 340

1365 385 1420 428 H.

1072 487 1201 523 Abacuc
1220 488 1398 536 propheta,
1626 492 1710 541 Pag.
1731 506 1771 530 22
1779 502 1799 542 9

1097 537 1255 572 Habitum
1285 539 1318 572 in
1343 540 1492 575 affitiones
1526 542 1692 578 naturales
1717 545 1801 580 nihil

1017 586 1123 632 posse,
1143 587 1232 622 male
1250 587 1364 623 statuit
1384 589 1600 632 Aristoteles,
1729 604 1799 641 209

968 633 1111 670 Habitus
1129 635 1271 671 virtutes
1290 637 1327 672 &
1345 638 1428 674 vitia
1446 639 1697 686 complestitur,
1721 643 1796 678 ibid.

1019 684 1078 719 Ad
1091 685 1236 720 habitum
1250 687 1522 734 comparandum
1537 689 1606 724 cluo
1619 691 1802 728 observan-

1020 742 1075 769 tur
1091 743 1159 769 tem
1163 747 1258 783 pora,
1730 753 1800 776 210

970 779 1164 820 Hadrianus
1182 781 1317 825 Caesar,
1756 794 1799 836 38

968 824 1233 876 Haerefiarchae‚
1253 834 1343 880 quali
1355 834 1576 873 delectatione
1590 838 1799 885 perfundun-

1017 890 1084 922 tur,
1753 889 1799 934 56

969 927 1142 966 Haeretici
1157 929 1373 967 ethnicorum
1392 925 1612 971 Bacchanalia
1630 937 1798 985 superant,

1052 1026 1055 1029 .
1503 1019 1507 1025 -
1751 996 1795 1033 9Ῑ

968 1026 1147 1063 Hannibal
1153 1025 1270 1064 irridet
1282 1029 1484 1067 Phormioni
1498 1030 1531 1067 in
1545 1031 1653 1070 aliena
1669 1044 1741 1071 arte
1756 1038 1799 1071 de

1019 1078 1116 1114 bellis
1133 1077 1369 1122 conscribenti,
1728 1095 1798 1131 203

968 1125 1150 1162 Harmonia
1168 1127 1395 1174 planetarum,
1753 1136 1799 1177 84

969 1174 1151 1211 Harmonia
1168 1176 1350 1225 sapientiae
1367 1178 1504 1215 divinae
1522 1180 1560 1215 &
1577 1178 1723 1218 rationis
1734 1183 1797 1219 hu-

1018 1237 1150 1268 manae,
1750 1231 1797 1267 86

968 1273 1109 1319 Hazstus
1122 1274 1289 1322 pleniores
1298 1275 1532 1325 philosophiae
1540 1279 1581 1314 ad
1591 1279 1797 1327 religionem

1015 1324 1155 1366 ducunt,
1176 1336 1236 1369 30,
1261 1324 1402 1370 Haustus
1421 1326 1588 1374 pleniores
1605 1329 1712 1376 epoti,
1750 1330 1792 1366 61

968 1371 1192 1409 Hebdomadae
1208 1374 1333 1411 divifio
1350 1376 1487 1424 antiqua
1503 1376 1541 1411 &
1560 1377 1624 1413 late
1643 1389 1792 1426 recepta,

1725 1439 1791 1464 101

966 1470 1184 1506 Hebraeorum
1205 1472 1375 1519 mysteria,
1750 1479 1770 1513 8
1776 1489 1792 1512 2

967 1519 1111 1556 Hebraei
1121 1521 1304 1557 verborum
1315 1523 1600 1571 compositionem
1609 1524 1794 1573 refugiunt,

1730 1576 1791 1611 161

965 1618 1116 1653 Hebraea
1134 1631 1216 1666 gens
1233 1621 1402 1664 Nazaren,
1713 1625 1791 1660 ibid.

966 1667 1095 1702 Hedera
1112 1669 1310 1705 Centenaria
1326 1683 1385 1707 cur
1405 1671 1572 1719 Dionysio
1590 1671 1694 1716 sacra,
1747 1687 1768 1721 9
1779 1686 1791 1709 t

964 1717 1211 1752 Hemicranicus
1227 1718 1340 1759 dolor,
1727 1735 1793 1769 145

965 1765 1096 1801 Henoch
1112 1767 1205 1803 vitae
1223 1766 1512 1816 contemplativae
1529 1772 1699 1819 princeps,
1717 1776 1792 1820 198.

1013 1815 1200 1851 Ecclesiam
1219 1818 1418 1865 prophetiae
1433 1819 1522 1854 libro
1539 1820 1685 1863 dotavit,
1713 1823 1792 1858 ibid.

963 1864 1127 1899 Henricus
1141 1865 1224 1901 VII.
1252 1866 1345 1914 regni
1363 1868 1431 1913 ejus
1445 1868 1643 1916 descriptio,
1746 1882 1793 1917 74

965 1913 1103 1948 Henrici
1121 1914 1256 1961 septimi
1276 1915 1423 1951 edifitum
1444 1917 1599 1963 prudens,
1723 1930 1793 1964 244

963 1963 1126 1997 Henricus
1141 1964 1239 1999 VIII.
1272 1965 1401 2010 impetu
1414 1967 1522 2012 magis
1536 1979 1639 2014 quam
1653 1969 1793 2004 consilio

1013 2024 1157 2059 regnum
1174 2013 1437 2056 administravit,
1746 2030 1792 2064 74

964 2059 1126 2096 Henricus
1139 2062 1207 2096 dux
1220 2062 1327 2098 Guisli
1342 2074 1486 2111 quantus
1500 2065 1532 2100 in
1545 2068 1794 2103 remunerandis

1013 2122 1143 2153 amicis,
1496 2158 1499 2160 q
1747 2129 1791 2162 53

963 2159 1271 2196 Heraclitidiftum
1287 2161 1328 2196 de
1343 2159 1470 2197 lumine
1484 2161 1580 2206 sicco,
1603 2174 1657 2209 30.
1701 2164 1793 2212 Opi-

1013 2219 1143 2244 natores
1178 2209 1388 2257 ferstringit,
1414 2223 1474 2254 44.
1526 2212 1646 2259 Ignem
1678 2227 1792 2250 rerum

1012 2258 1221 2306 principium
1250 2259 1393 2301 asseruit,
1423 2262 1479 2296 80.
1533 2261 1699 2297 Parabola
1724 2263 1794 2306 eius

1013 2307 1055 2341 de
1075 2307 1285 2354 inquisitione
1315 2308 1543 2352 scientiarum,
1576 2322 1654 2356 155.
1707 2311 1793 2346 Mo-

1009 2366 1065 2391 net
1084 2357 1235 2392 homines
1253 2357 1404 2392 scientias
1421 2370 1578 2405 quaerere
1598 2361 1630 2394 in
1657 2361 1793 2396 mundis

1010 2406 1211 2447 minoribns,
1246 2418 1323 2451 155,
1354 2417 1431 2453 277.
1485 2408 1652 2444 Doctrina
1665 2408 1735 2456 ejus
1748 2412 1790 2445 de

1012 2454 1127 2497 denso,
1159 2458 1236 2500 283.
1291 2456 1370 2490 Vide
1384 2469 1417 2503 p.
1436 2458 1516 2503 287.

963 2503 1091 2538 Hei-bae
1106 2504 1281 2539 conclusae
1299 2504 1475 2540 flammam
1493 2506 1703 2553 concipiunt,
1722 2519 1790 2551 324

961 2553 1130 2594 Hercules,
1153 2565 1209 2600 39.
1262 2552 1345 2601 Ejus
1365 2553 1557 2598 columnae,
1586 2567 1641 2603 59.
1694 2557 1791 2604 Qud

1010 2603 1039 2637 ei
1058 2602 1274 2637 dix-inmtem
1294 2603 1504 2646 conciliavit,
1634 2607 1690 2647 88,
1723 2610 1787 2652 183

961 2652 1094 2687 Hermes
1107 2651 1361 2699 Trilmegistus,
1388 2653 1517 2701 triplici
1532 2654 1640 2702 gloria
1656 2655 1789 2702 insigni-

1011 2713 1077 2743 tus,
1745 2708 1787 2738 28

1722 2765 1758 2788 11
1773 2766 1784 2788 1

1718 2814 1786 2848 207

962 2751 1064 2791 Hero,

961 2799 1165 2834 Herodianus
1191 2798 1354 2841 laudatus,

959 2848 1137 2884 Herodicus
1168 2847 1397 2883 valetudinem
1435 2849 1576 2891 curavit,
1610 2863 1684 2898 199-
1740 2851 1788 2886 Et

1010 2898 1092 2933 nihil
1110 2897 1200 2932 aliual
1219 2909 1279 2945 per
1297 2901 1403 2933 totam
1422 2899 1527 2934 vitam
1546 2900 1629 2947 egir‘,
1705 2900 1785 2936 ibid.

959 2947 1181 2994 Hermogenes,
1738 2960 1784 2995 39

960 2995 1082 3030 Heroe's
1099 2995 1166 3031 slve
1185 2983 1347 3038 Scmidei,
1736 3011 1784 3044 49

960 3045 1100 3080 Heroica
1120 3045 1227 3080 virtus
1246 3045 1451 3087 Aristotelis,
1714 3057 1754 3080 21
1766 3058 1782 3080 2.

958 3095 1161 3129 Hetercclim
1181 3105 1333 3137 naturae,
1738 3096 1784 3130 60

959 3143 1189 3191 Heterogenea‚
1217 3155 1302 3191 quae
1321 3144 1396 3178 aliis
1416 3143 1596 3185 elementa,
1715 3156 1780 3190 331

959 3194 1061 3229 Hiero
1078 3207 1095 3228 a
1114 3193 1264 3228 Pindaro
1277 3192 1442 3233 laudatus,
1475 3203 1487 3226 1
1500 3203 1551 3238 17.
1602 3191 1711 3238 Qale
1733 3206 1784 3228 rc-

1010 3242 1164 3290 sponsum
1183 3242 1311 3288 accepit
1329 3254 1348 3275 a
1370 3242 1574 3288 Pythagora,
1720 3254 1727 3275 1
1750 3246 1781 3281 ,8

1266 3291 1294 3324 F
1310 3290 1327 3324 f
1336 3289 1354 3324 f
1543 3290 1794 3337 Hieroglyphica
