2040 3439
90 277 283 350 capiv.
352 286 443 331 DE
481 285 927 332 AUGMENTIS
962 285 1498 357 SCIENTIARUM.

66 384 169 433 fimgi
189 380 315 436 ponit.
373 383 462 421 Alia
491 386 595 421 enim
627 383 675 421 est
705 384 916 429 methodus,
958 383 1119 433 incipere
1148 394 1273 421 natare
1301 394 1388 420 cum
1409 384 1565 431 utribus,
1594 386 1658 433 qui

68 439 278 479 sublevent;
307 439 376 475 alia
390 437 552 488 incipere
567 439 692 476 saltare
702 451 789 476 cum
803 438 930 475 calceis
945 437 1168 487 pondcrolis,
1185 437 1465 487 quiaggravcnt.
1525 441 1662 491 Neque

66 493 169 530 facile
188 494 235 530 est
249 494 362 542 distri,
391 504 574 541 quantum
589 495 718 531 harum
735 494 1006 539 methodorum
1022 494 1184 544 prudens
1195 492 1425 530 intermixtio
1438 494 1606 532 conferat
1621 494 1667 532 ad

66 548 350 597 promovendas,
363 558 440 584 tam
451 548 689 599 animiquam
701 547 867 597 corporis
887 548 1085 584 facultates.
1130 549 1224 584 Item
1241 547 1438 599 applicatio
1453 551 1488 584 ὅ(
1504 549 1664 587 deiecius

65 603 282 649 studiorum,
310 615 381 654 pro
395 613 524 639 natura
539 602 778 652 ingeniorum
792 615 885 651 quae
901 603 1134 647 erudiuntur,
1164 612 1216 638 tes
1236 603 1284 639 est
1312 600 1501 652 singularis
1525 606 1560 641 ὅ(
1581 603 1665 641 usus

66 655 235 701 &judicii
250 674 264 699 ς
293 670 406 708 quam
431 659 545 694 etiam
563 659 657 694 bene
682 660 718 694 δε
746 670 830 694 vere
851 667 1020 693 notatam
1042 659 1078 693 ὅ(
1098 656 1323 708 perspeeiam
1353 655 1511 706 magistri
1537 669 1662 710 paren-

64 712 161 750 tibus
185 710 476 748 adolescentium
503 713 663 753 debent3
700 723 740 749 ut
768 713 814 748 de
836 723 972 760 genere
1000 713 1108 758 vitae,
1146 711 1204 748 cui
1232 710 1326 747 filios
1354 711 1437 749 suos
1466 711 1662 760 destinent,

63 765 256 803 consulere
269 766 428 818 possent.
483 769 639 812 Verum,
671 770 705 803 &
728 767 819 804 illud
846 767 1024 802 attentius
1048 767 1160 814 paulo
1175 766 1457 813 observandum,
1488 780 1568 804 non
1584 778 1661 805 tan-

63 831 146 857 tum
161 819 269 866 iniis,
298 821 344 857 ad
359 834 453 869 quae
469 833 598 859 natura
613 821 767 870 quisque
785 822 844 857 sua
859 821 987 865 fertur,
1017 821 1132 869 longe
1147 822 1331 856 maximos
1357 820 1432 858 fieri
1458 822 1662 870 profectu&

63 875 121 912 sed
138 876 249 912 etiam
264 875 310 912 ad
331 888 384 922 ea,
413 876 457 912 ad
481 889 574 924 quae
589 878 684 913 vitio
713 886 863 912 naturae
892 873 971 922 quis
987 876 1147 911 maxime
1171 875 1282 911 fuerit
1302 873 1480 922 inhabilis,
1509 878 1660 925 reperiri

62 931 103 966 in
117 928 237 968 studiis
258 931 303 967 ad
320 931 391 967 hoc
406 930 555 980 proprie
576 931 734 977 delectis,
763 929 926 966 remedia
943 931 977 964 δί
993 928 1215 966 curationes.
1272 930 1442 981 Exempli
1458 932 1576 979 gratia
1590 949 1604 973 ,-
1636 930 1660 967 li

62 985 222 1034 cuipiam
237 985 431 1034 ingenium
453 987 525 1022 tale
537 984 590 1032 sit,
607 987 715 1034 quale
729 985 777 1022 est
790 983 926 1030 avium,
941 993 982 1020 ut
998 983 1105 1020 facile
1121 982 1330 1035 abripiatur,
1347 995 1416 1020 nec
1435 996 1499 1035 per
1509 997 1659 1022 moram

60 1039 228 1087 (qimlem
248 1041 410 1091 oportet)
442 1042 633 1078 intentum
643 1040 710 1077 ess'e
727 1038 917 1078 sustineam
949 1037 1158 1075 remedium
1174 1038 1260 1075 huic
1274 1040 1324 1075 rei
1341 1039 1568 1087 praebebunt
1584 1052 1659 1076 ma-

62 1092 270 1139 thematica,
285 1096 325 1131 in
344 1096 478 1144 quibus
498 1094 522 1132 si
534 1106 705 1144 evagetur
719 1096 832 1146 paulo
846 1105 964 1138 mens,
989 1093 1035 1129 de
1049 1095 1199 1142 integro
1213 1094 1426 1130 renovanda
1440 1093 1489 1130 est
1503 1094 1661 1131 demon-

59 1147 194 1186 stratio.
248 1148 370 1186 Etiam
380 1149 639 1187 exercitiorum
656 1151 695 1186 in
710 1149 918 1186 erudiendo
932 1158 1050 1199 partes
1063 1147 1176 1196 liquet
1197 1147 1266 1184 effe
1289 1149 1347 1184 vel
1363 1150 1551 1185 maximas.
1602 1150 1658 1186 At

58 1201 184 1240 illuda
206 1202 328 1252 paucis
343 1214 518 1242 notatum
547 1205 595 1241 est
615 1206 717 1253 quod
741 1202 1003 1240 exercitiorum
1018 1202 1149 1239 debeat
1165 1202 1233 1239 effe
1257 1214 1336 1239 non
1359 1203 1480 1239 solum
1496 1204 1658 1252 prudens

58 1255 253 1304 institutio,
281 1258 342 1295 sed
357 1261 469 1296 etiam
496 1261 654 1309 prudens
678 1254 911 1296 intermistio.
969 1259 1126 1306 Optime
1146 1255 1323 1308 liquidem
1341 1258 1480 1294 Cicero
1496 1261 1654 1305 notavit,

58 1312 162 1360 quod
186 1314 227 1350 in
242 1312 418 1350 exercitiis
440 1315 646 1363 plerunque
672 1311 827 1350 exerceri
846 1313 1054 1361 contingat,
1084 1324 1164 1348 non
1190 1311 1312 1347 minus
1340 1311 1435 1359 vitia,
1466 1324 1579 1360 quam
1605 1313 1655 1349 fa-

57 1368 211 1405 cultates
226 1384 241 1409 5
270 1368 365 1405 adeo
385 1370 556 1405 utmalus
576 1370 731 1414 habitus,
761 1367 985 1417 quandoque
1009 1365 1115 1403 fimul
1144 1365 1361 1414 acquiratur,
1391 1369 1427 1402 ὃ(
1443 1366 1478 1403 se
1495 1364 1654 1404 insinuet

57 1430 145 1458 cum
169 1422 286 1459 bono.
342 1424 468 1471 Itaque
496 1425 610 1460 tutius
639 1422 698 1469 est,
728 1420 974 1459 intermittere
1003 1422 1186 1466 exercitia,
1226 1422 1262 1457 ὅ(
1290 1420 1443 1457 subinde
1475 1432 1652 1470 repetere,

56 1487 169 1524 quam
182 1473 322 1513 assidue
335 1479 557 1514 continuare
573 1481 608 1515 ὅ(
624 1489 763 1527 urgere.
819 1477 964 1513 Verum
980 1475 1025 1512 cle
1041 1475 1096 1512 liis
1113 1474 1204 1512 satis,
1261 1476 1355 1511 Sunt
1375 1485 1471 1511 certe
1499 1476 1567 1512 hae
1597 1488 1654 1512 res

57 1532 183 1582 ptimo
195 1530 341 1580 aspeCiu
355 1531 479 1569 minus
507 1533 663 1582 grandes
697 1534 732 1568 &
748 1532 931 1576 solennes,
962 1530 1021 1566 sed
1045 1529 1253 1566 fructuosae
1276 1539 1403 1566 tamen
1419 1532 1455 1567 ὃ(
1475 1527 1650 1567 efficaces.

56 1585 390 1638 Qemadmodum
411 1589 516 1624 enim
546 1589 585 1624 in
613 1585 758 1637 plantis,
793 1585 838 1622 ad
866 1585 1085 1622 felicitatem
1113 1585 1170 1621 vel
1201 1583 1456 1621 infelicitatem
1480 1583 1651 1633 ipsarum,

55 1641 262 1690 plurimum
291 1639 430 1679 faciunt
450 1641 617 1688 injuriae,
647 1651 709 1679 aut
727 1641 871 1684 auxilia,
903 1651 995 1688 quae
1023 1638 1163 1685 iisdem,
1202 1651 1289 1676 eum
1317 1649 1463 1676 tenerae
1491 1639 1650 1686 fuiffent,

55 1693 347 1737 intervenerint3
374 1697 698 1745 quemadmodum
718 1697 830 1732 etiam
858 1693 1089 1732 incrementa
1111 1693 1173 1731 illa
1200 1693 1382 1731 immensa
1415 1692 1554 1743 imperii
1575 1696 1652 1732 Ro-

55 1750 174 1798 mani,
202 1749 342 1788 merito
366 1763 386 1788 a
413 1750 629 1802 quibusdam
660 1749 914 1789 attribuuntur
941 1747 1070 1787 virtuti
1100 1751 1136 1786 ὅ(
1155 1749 1374 1801 prudentiae
1408 1747 1464 1785 sex
1493 1750 1649 1786 illorum

54 1812 198 1854 regum,
224 1807 291 1856 qui
317 1805 506 1843 eidemin
534 1805 687 1858 pueritia
716 1805 775 1842 sua
802 1803 917 1842 veluti
944 1815 1087 1841 tutores
1115 1804 1279 1850 fuerunt,
1309 1813 1371 1841 aut
1394 1802 1563 1840 nutritii:
1602 1802 1648 1840 fic

53 1869 153 1897 certe
177 1861 323 1899 cultura
349 1863 387 1898 ὅ(
414 1861 596 1899 institutio
631 1872 819 1898 annorum
848 1860 1062 1910 puerilium,
1099 1869 1162 1895 aut
1184 1860 1431 1904 teneriorum,
1468 1870 1525 1894 eas
1539 1858 1649 1895 habet

53 1916 160 1961 vires,
186 1915 275 1965 licet
293 1916 460 1962 latentes,
489 1918 525 1953 &
554 1915 712 1952 minime
739 1914 777 1951 in
794 1913 946 1958 cujusvis
975 1913 1276 1950 observationem
1292 1915 1530 1958 incurrentes,
1560 1925 1646 1963 quas

55 1981 176 2020 neque
204 1969 386 2020 temporis
407 1970 640 2017 diuturnitas,
670 1982 791 2018 neque
814 1970 987 2006 laborum
1010 1964 1196 2005 assiduitas
1224 1970 1261 2005 δε
1276 1967 1483 2011 contentio,
1512 1968 1646 2018 postea,

53 2033 169 2061 aetate
183 2026 400 2072 maturiore,
427 2022 568 2075 poslint
598 2027 678 2062 ullo
700 2024 821 2061 modo
843 2025 1087 2072 aequiparare.
1145 2025 1184 2061 N
1188 2035 1239 2059 on
1259 2023 1320 2059 abs
1335 2034 1372 2058 re
1392 2020 1499 2058 fuerit
1533 2023 1645 2058 ctiam

55 2089 199 2126 notai-e,
227 2079 416 2117 facultates
431 2082 486 2117 vel
502 2078 716 2126 mediocres,
746 2077 770 2116 fi
794 2078 832 2116 in
855 2090 1012 2127 magnos
1033 2080 1133 2115 viros
1160 2088 1221 2114 aut
1252 2089 1306 2114 res
1336 2086 1486 2125 magnas
1513 2074 1646 2112 incide<

54 2135 142 2181 rim,
169 2133 520 2184 graves&insignes
545 2133 735 2172 interdum
758 2133 960 2183 producere
975 2131 1134 2170 effecius.
1192 2133 1277 2177 Ejus
1306 2131 1357 2168 rei
1378 2142 1561 2181 ponemus
1589 2142 1646 2167 ex-

53 2190 224 2238 emplum
250 2189 512 2229 memorabile3
543 2190 645 2237 quod
674 2202 720 2226 eo
736 2187 850 2238 magis
869 2188 1097 2233 adducimus,
1126 2186 1379 2240 quiaJcsuitae
1400 2186 1554 2222 eandem
1578 2184 1644 2221 dis-

27 2249 30 2251 '
54 2243 230 2294 ciplinam
244 2256 324 2281 non
341 2245 513 2281 videntur
527 2243 720 2293 aspernari,
751 2243 839 2280 sano
861 2240 918 2292 (ut
934 2243 1044 2279 nobis
1055 2240 1219 2290 videtur)
1251 2240 1396 2285 judicio.
1454 2240 1582 2287 Atque
1598 2238 1646 2276 est

55 2310 124 2345 res,
155 2310 250 2347 quae
270 2297 294 2335 fi
319 2297 359 2335 sit
375 2299 600 2349 profess'oria,
631 2297 779 2334 infamis
791 2297 863 2337 est3
891 2308 1021 2334 verum
1041 2295 1287 2345 diseiplinaria
1302 2295 1406 2341 facta,
1435 2307 1476 2330 ex
1493 2293 1644 2343 optimis

55 2353 113 2390 est.
170 2353 415 2403 Intelligimus
429 2363 552 2390 autem
570 2353 756 2389 actionem
771 2352 1000 2389 theatralem.
1056 2353 1204 2401 Qippe
1219 2362 1309 2401 quae
1337 2351 1561 2385 memoriam
1585 2360 1644 2385 ro-

56 2408 164 2446 borat
178 2421 190 2449 3
216 2410 318 2446 vocis
333 2411 369 2446 ὅ(
384 2406 703 2458 pronunciationis
716 2418 855 2444 tonum
875 2416 984 2454 atque
1000 2402 1199 2442 efficaciam
1215 2414 1413 2455 temperats
1444 2405 1589 2440 vultum
1607 2405 1644 2439 δε

55 2462 194 2511 gestum
219 2464 264 2500 ad
292 2464 473 2500 decorum
498 2461 707 2513 componit,
745 2461 918 2498 fiduciam
957 2472 1037 2496 non
1070 2472 1220 2511 parvam
1256 2457 1441 2503 conciliat,
1484 2457 1644 2509 denique

55 2519 173 2556 oculis
190 2517 390 2556 hominum
405 2519 555 2563 juvenes
575 2515 766 2554 ass'uefacit.
827 2516 905 2554 Erit
922 2525 1046 2552 antem
1074 2516 1284 2563 exemplum
1310 2526 1329 2549 e
1344 2512 1477 2549 Tacito
1500 2511 1648 2549 desum-'

55 2583 175 2622 ptum,
200 2574 381 2611 Vibulcni
402 2572 602 2618 cujusdam,
631 2570 723 2608 olim
736 2569 928 2616 histrionis,
957 2570 1235 2620 tunctemporis
1248 2578 1371 2604 autem
1388 2567 1579 2603 militantis
1600 2568 1641 2604 in

55 2626 262 2677 legionibus
284 2627 516 2665 Pannonicis.
574 2628 653 2672 Ille,
684 2626 747 2663 sub
776 2624 914 2663 cxcess'ii
937 2624 1105 2674 Augusti,
1137 2622 1355 2660 seditionem
1370 2632 1537 2658 moverat
1548 2639 1561 2663 ,-
1592 2623 1642 2658 ita

56 2692 97 2719 ut
125 2682 267 2720 Blaesus
288 2683 487 2733 praefectus
515 2683 660 2729 aliquos
687 2694 728 2717 ex
760 2677 933 2717 seditiosis
959 2678 996 2714 in
1020 2690 1202 2715 cai-cerem
1231 2675 1442 2722 conjiceret.
1499 2674 1642 2712 Milites

56 2748 158 2786 vero,
185 2734 424 2789 impress'ione
446 2737 549 2782 facia,
578 2736 662 2773 illos
686 2734 843 2772 effractis
866 2733 1064 2770 carceribus
1084 2734 1293 2769 liberarunt.
1352 2732 1406 2767 At
1422 2729 1640 2776 Vibulenus,

55 2793 150 2842 apud
163 2793 302 2830 milites
325 2790 668 2837 concionabundus,
697 2788 742 2826 sic
757 2789 859 2826 orsus
875 2788 940 2824 est:
974 2788 1050 2825 Vos
1067 2787 1218 2835 (inquit)
1241 2784 1304 2823 lois
1317 2783 1578 2822 innocentibus
1594 2781 1641 2827 ὁ*

60 2845 284 2898 miserrimis
322 2844 441 2884 lucem
479 2842 525 2887 ὅγ’
550 2842 726 2895 spiritum
755 2839 995 2891 reddidistis:
1021 2839 1097 2893 sed
1118 2842 1204 2894 quis
1222 2838 1353 2892 fratri
1387 2851 1464 2876 meo
1497 2840 1638 2886 vitam,

58 2901 144 2952 quis
155 2899 330 2953 fratrem
357 2899 453 2939 mihi
477 2892 638 2937 reddit?
667 2898 797 2951 „Quem
825 2894 971 2948 miffimz
996 2893 1049 2933 ad
1074 2908 1145 2933 vos
1173 2908 1196 2932 a
1211 2894 1436 2933 Germanico
1451 2895 1635 2939 exercitu,

57 2953 102 2992 de
115 2954 367 2994 communibus
387 2952 598 3001 commodis,
628 2954 735 2991 noc‘z'e
756 2952 937 3004 proxima
952 2948 1164 3003 jugulavit
1182 2959 1250 3002 per
1274 2947 1515 3002 gladiatores
1532 2947 1636 3000 sstos,

54 3016 148 3062 'quos
177 3011 219 3049 in
245 3011 410 3049 exitium
442 3008 609 3047 militnm
642 3006 756 3045 habet
799 3013 916 3059 atque
955 3012 1093 3043 armat.
1151 3002 1358 3056 Responde,
1388 3002 1536 3055 Blaefh,
1574 3000 1636 3039 not

57 3062 224 3103 cadaver
237 3063 421 3117 abjeceris
438 3063 458 3103 ,Ρ
490 3063 556 3102 Ne
578 3061 698 3113 hostes
727 3059 877 3114 qztidem
887 3058 1109 3112 sepulturae
1129 3058 1321 3097 invident.
1377 3058 1471 3096 Cum
1490 3055 1636 3108 oscillis,

57 3129 140 3156 cum
153 3117 330 3168 lacrymis
348 3118 511 3158 dolorem
540 3130 660 3157 meum
688 3114 906 3169 implevero,
943 3127 1000 3153 me
1027 3126 1171 3168 quoque
1190 3112 1377 3152 trucidari
1393 3111 1490 3164 jube
1505 3109 1636 3169 ,jdnm

107 3175 212 3213 VoL.
231 3177 258 3213 1.
803 3171 829 3207 B
846 3172 868 3207 b
1522 3172 1637 3202 mter»

1762 305 1854 351 193
