2040 3439
121 150 280 207 zter.
493 150 822 205 NovUM
893 155 1371 210 oRGANUM

114 260 235 300 dines
249 261 285 296 &
302 258 441 296 saecula
457 257 670 295 occidentia
692 259 730 294 ὅ(
753 256 914 295 orientia
941 256 1034 300 fint3
1073 272 1186 308 quam
1205 259 1424 300 hominibus
1440 273 1548 300 curae
1568 265 1638 303 effe
1665 267 1725 304 de-

101 337 104 347 !
128 317 232 362 bere,
259 324 388 351 utrum
403 325 524 350 novus
538 314 641 350 orbis
659 311 772 350 fuerit
799 310 918 350 insula
937 314 1000 350 illa
1019 313 1198 362 Atlantis,
1228 317 1264 352 ὅ(
1279 318 1394 354 veteri
1422 318 1570 355 mundo
1597 324 1724 371 cogni-

109 381 187 411 πτας
214 380 379 406 annunc
396 369 564 418 primum
590 376 745 416 reperta.
764 388 767 391 ⁴
800 368 944 406 Rerum
965 367 1065 405 enim
1086 367 1258 409 inventio
1275 383 1295 408 a
1313 378 1464 410 naturae
1490 373 1574 417 lucc
1598 386 1725 425 peten-

93 427 187 470 uda,
215 436 296 461 non
315 423 362 460 ab
381 424 612 470 antiquitatis
631 420 793 459 tenebris
820 424 1021 474 repetenda
1048 423 1108 461 est.

127 497 130 506 ε
177 480 317 532 QUOD
338 489 430 515 vero
444 478 489 514 ad
511 475 756 515 universalem
781 475 884 513 istam
899 477 1225 529 reprehensionem
1248 479 1394 527 attinet,
1410 479 1655 522 certiffimum
1672 487 1721 524 est

123 546 210 571 vere
232 545 312 570 rem
329 533 527 583 reputanti,
548 544 631 571 eam
652 533 688 568 ὅ(
708 532 826 579 magis
841 533 1076 582 probabilem
1091 534 1172 580 effe,
1188 534 1349 585 &magis
1363 537 1582 586 modestam,
1606 552 1720 589 quarn

90 585 255 627 nfifasta
278 586 397 625 fuiffet
423 600 467 624 ex
492 597 606 636 parte.
665 587 703 624 Si
719 585 876 624 enimin
891 586 1020 636 primis
1039 589 1262 627 notionibus
1297 603 1441 628 errores
1470 594 1621 632 radleati
1638 606 1719 635 non

90 643 279 688 afuissent,
307 643 388 679 fieri
412 654 494 679 non
514 639 699 692 potuisset,
727 642 820 690 quin
846 644 1031 679 nonnulla
1052 644 1147 680 recle
1161 642 1324 692 inventa,
1353 647 1422 683 alia
1440 659 1633 699 perperam
1666 650 1719 688 in-

88 725 90 728 .
120 708 230 735 venta
249 696 496 734 correxiffent.
553 697 624 733 Sed
646 707 734 732 cum
749 707 893 733 errores
914 696 1212 735 fundamentales
1228 699 1382 747 fuerint,
1394 712 1504 750 atque
1520 704 1716 753 ejusmodi,

121 762 163 790 ut
185 751 357 799 homines
374 753 499 802 potius
523 763 582 788 res
595 752 828 799 neglexerint
851 762 891 787 ac
905 752 1172 799 praeterierint,
1201 766 1313 802 quam
1329 756 1376 792 de
1391 758 1464 793 illis
1486 769 1639 806 parvum
1656 773 1718 799 aut

100 830 106 839 2
122 806 254 844 falsum
275 806 452 852 judicium
473 804 627 843 fecerint
643 819 653 846 ς
680 803 838 842 minime
853 807 994 842 mirum
1010 807 1070 852 est,
1085 806 1110 843 fi
1128 808 1302 845 homines
1316 810 1353 846 id
1372 823 1453 848 non
1469 811 1715 863 obtinuerint,

87 859 231 910 ‚lquod'‘
250 874 330 899 non
351 863 520 911 egerint3
550 872 620 897 nec
651 860 695 897 ad
724 870 865 896 metam
894 863 1142 910 pervenerint,
1172 874 1284 910 quam
1323 876 1402 901 non
1436 866 1625 916 posuerint
1654 876 1717 909 aut

97 918 340 959 *collocarint
356 934 369 959 ,-
389 929 509 967 neque
524 917 622 953 viam
642 912 780 951 emensi
794 912 876 960 sint,
903 927 1017 962 quam
1037 928 1117 953 non
1138 914 1284 966 ingressi
1301 917 1370 956 smt
1385 931 1446 957 aut
1467 926 1668 961 tenuerint.

130 971 348 1023 .„ATQUE
369 969 606 1008 insolentiam
635 971 689 1007 rei
715 969 820 1018 quod
840 970 1000 1012 attinet3
1029 982 1129 1008 certe
1150 970 1174 1008 fi
1192 974 1275 1023 quis
1301 985 1434 1011 manus
1449 976 1650 1015 constantia
1665 991 1715 1017 at-

100 1038 190 1075 que
207 1028 308 1064 oculi
329 1025 457 1075 vigore
482 1027 621 1063 lineam
639 1023 755 1074 magis
773 1024 926 1070 restam,
954 1036 1017 1062 aut
1031 1027 1214 1077 circulum
1238 1030 1355 1077 magis
1373 1029 1578 1081 perfestum
1600 1031 1635 1072 se
1654 1035 1715 1072 de-

80 1081 273 1119 -›-fcribere
287 1081 398 1131 poffe,
425 1092 537 1132 quam
559 1082 676 1118 aliurn
705 1080 934 1128 quempiam,
954 1078 1020 1117 fibi
1041 1081 1217 1123 ass'umat5
1246 1082 1435 1133 inducitur
1450 1086 1587 1124 scilicet
1604 1087 1714 1127 facul-

114 1138 200 1174 tatis
222 1138 474 1186 comparatio:
503 1136 621 1187 Quod
643 1133 668 1172 ii
685 1136 768 1183 quis
782 1134 919 1181 afferat,
951 1134 998 1180 se,
1028 1135 1191 1174 adhibita
1211 1139 1337 1187 tegula
1366 1150 1428 1176 aut
1453 1142 1714 1181 circuniducro

72 1192 269 1238 ·--—cireind‚
298 1191 435 1228 lineam
461 1193 579 1240 magis
602 1190 752 1235 restam,
780 1199 843 1226 aut
863 1190 1050 1227 circulum
1079 1193 1196 1240 magis
1229 1193 1435 1243 perfeetum
1462 1196 1562 1244 poss'e
1583 1197 1712 1236 descri-

83 1255 85 1257 ·
114 1246 214 1294 bere,
233 1259 347 1295 quam
371 1246 533 1296 aliquem
553 1247 668 1282 alium
686 1245 723 1282 vi
743 1243 820 1280 sola
841 1245 943 1281 oculi
969 1247 1006 1282 ὅ(
1027 1257 1183 1286 manus;
1211 1249 1240 1284 is
1267 1259 1367 1285 certe
1390 1261 1471 1286 non
1504 1251 1711 1292 admodum

113 1302 266 1346 indutor
281 1302 406 1339 fuerit.
461 1301 567 1352 Quin
595 1301 681 1346 hoc,
710 1299 814 1348 quod
833 1299 1003 1346 dicimus,
1032 1312 1114 1337 non
1133 1300 1256 1339 solum
1275 1304 1316 1339 in
1340 1303 1413 1340 hoc
1427 1303 1556 1342 nostro
1569 1319 1710 1348 conatu

111 1358 240 1406 primo
261 1359 296 1393 δε
324 1356 514 1405 inceptivo
532 1356 662 1392 Iocum
681 1354 817 1395 habet;
845 1352 908 1390 sed
931 1354 1043 1391 etiarn
1071 1357 1231 1404 pertinet
1259 1357 1304 1394 ad
1336 1369 1412 1404 e08‚
1441 1362 1505 1408 qui
1542 1360 1627 1400 huic
1656 1366 1710 1402 rei

109 1411 258 1460 posthac
277 1410 509 1448 incumbent.
566 1409 703 1448 Nostra
729 1407 832 1445 enim
859 1409 918 1445 via
942 1409 1156 1447 inveniendi
1178 1411 1344 1449 scientias
1364 1415 1540 1462 exaequat
1558 1416 1634 1454 fere
1655 1420 1711 1455 in-

71 1481 89 1494 π
110 1467 233 1515 genia,
261 1468 299 1503 &
318 1477 398 1503 non
413 1466 578 1502 multum
593 1464 832 1502 excellentiae
848 1474 982 1501 eorum
1000 1465 1178 1516 relinquit
1195 1480 1202 1502 :
1231 1478 1319 1503 cum
1334 1470 1464 1505 onmia
1483 1481 1548 1518 per
1561 1470 1708 1510 certissi-

109 1530 189 1558 mas
215 1521 357 1569 regulas
385 1522 423 1557 &
446 1520 783 1556 demonstrationes
801 1515 985 1568 transigat.
1039 1520 1166 1568 Itaque
1185 1520 1275 1557 haec
1297 1522 1419 1559 nostra
1441 1522 1499 1572 (ut
1515 1524 1616 1575 saepe
1632 1528 1708 1564 dix-

69 1600 75 1604 ·
108 1573 225 1623 imus)
248 1573 433 1612 felicitatis
455 1574 644 1619 cujusdam
674 1573 758 1611 sunt
781 1573 907 1624 potius
934 1585 1047 1622 quam
1083 1574 1279 1622 facultatis,
1309 1578 1345 1613 &
1373 1580 1498 1626 potius
1524 1584 1707 1633 temporis

107 1639 237 1682 partus
255 1641 368 1678 quam
397 1631 553 1679 ingenii.
607 1629 668 1666 Est
682 1629 787 1665 enim
808 1638 909 1664 certe
933 1628 1032 1666 casus
1052 1631 1184 1679 aliquis
1209 1643 1290 1668 non
1310 1633 1436 1670 minus
1456 1632 1495 1670 in
1510 1637 1705 1685 cogitatio-

64 1694 65 1697 ’
107 1685 219 1722 nibus
240 1683 424 1730 humanis,
452 1696 565 1736 quam
589 1685 630 1721 in
654 1683 828 1733 operibus
856 1684 893 1719 &
913 1682 1026 1720 factis.

82 1765 84 1767 »
163 1740 332 1778 CXXIII.
363 1741 553 1790 ITAQJE
590 1738 791 1775 dicendum
817 1737 864 1774 de
899 1738 1009 1775 nobis
1051 1737 1132 1789 ipsis
1155 1741 1258 1788 quod
1281 1740 1343 1778 ille
1364 1754 1428 1791 per
1448 1744 1576 1788 jocum
1599 1745 1705 1793 dixit,

114 1793 326 1843 praesertim
351 1806 440 1832 cum
459 1804 536 1831 tam
563 1794 658 1831 bene
678 1805 757 1830 rem
779 1792 900 1830 secet:
929 1789 1038 1830 Fieri
1071 1806 1145 1831 non
1166 1792 1292 1846 potest
1315 1802 1360 1833 ut
1387 1794 1489 1834 idem
1506 1797 1703 1850 fhntiant,

107 1848 177 1902 qui
207 1860 347 1902 aquam
376 1844 423 1891 όν
437 1848 505 1902 qui
532 1848 667 1886 vinum
691 1844 834 1884 bibant.
893 1847 949 1884 At
970 1851 1103 1886 caeteri
1124 1850 1310 1897 hommes,
1340 1861 1417 1888 tam
1434 1863 1573 1891 veteres
1589 1867 1703 1903 quam

106 1902 211 1950 novi,
240 1906 429 1953 liquorem
452 1903 625 1941 biberunt
650 1902 809 1940 crudum
837 1901 876 1939 in
905 1901 1075 1950 scientiis,
1109 1915 1287 1955 tanquam
1317 1917 1450 1954 aquam
1480 1910 1538 1945 vel
1568 1909 1700 1960 sponte

53 1965 64 1988 -’
104 1970 149 1996 ex
171 1957 362 1997 intelleau
394 1969 624 2004 manantem,
651 1959 710 1996 vel
738 1969 802 2007 per
840 1957 1067 1994 dialefflcmn
1099 1969 1277 2007 tanquam
1305 1972 1371 2011 per
1394 1972 1492 1998 rotas
1518 1975 1559 1999 cx
1587 1975 1704 2013 puteo

105 2012 290 2051 haustam:
318 2014 375 2051 At
399 2025 470 2051 nos
498 2012 685 2065 liquorem
706 2012 867 2050 bibimus
895 2014 932 2049 &
961 2012 1200 2064 propinamus
1229 2026 1270 2051 ex
1303 2013 1458 2053 infinitis
1486 2018 1700 2057 confectum

105 2067 197 2114 uvis,
225 2068 342 2117 iisque
370 2067 523 2106 maturis
543 2065 823 2116 &tempestivis‚
852 2069 888 2105 ὃ(
907 2080 969 2117 per
988 2079 1154 2105 racemos
1182 2069 1363 2117 quosdam
1393 2072 1557 2108 collectis
1585 2075 1700 2111 acde-

105 2125 262 2172 cerptis;
292 2123 447 2161 subinde
469 2125 509 2160 in
538 2124 715 2160 torculari
735 2119 878 2171 preflis,
901 2134 941 2158 ac
969 2122 1157 2171 postremo
1176 2124 1216 2160 in
1243 2124 1323 2161 vase
1346 2129 1549 2176 repurgatis
1575 2129 1611 2164 δε
1631 2130 1701 2165 cla-

104 2177 264 2215 rificatis.
321 2179 448 2227 Itaque
471 2179 526 2215 nil
545 2180 698 2224 mirum,
727 2176 754 2214 fi
775 2178 886 2214 nobis
915 2189 1001 2213 cum
1026 2177 1103 2214 aliis
1132 2191 1212 2215 non
1233 2182 1446 2218 conveniat.

159 2233 333 2271 CXXIV.
363 2235 638 2271 OCCURRET
667 2232 917 2282 proculdubio
945 2234 980 2268 ὃς
1011 2233 1128 2269 illud:
1172 2245 1243 2270 nec
1282 2244 1422 2271 metam
1455 2246 1517 2273 aut
1545 2235 1699 2287 scopum

103 2285 340 2324 scientiarum
375 2300 395 2324 a
415 2288 526 2324 nobis
553 2285 634 2340 ipfiS
657 2287 712 2333 (id
739 2287 842 2335 quod
873 2285 912 2323 in
954 2285 1032 2323 aliis*
1060 2287 1378 2336 reprehendimus)
1410 2302 1537 2328 verum
1572 2294 1608 2329 ὅ(
1634 2305 1698 2343 op-

102 2343 243 2379 timum
271 2342 474 2392 praefixum
502 2342 581 2380 CffCz
637 2342 717 2379 Effe
746 2342 850 2378 enim
878 2343 1244 2393 contemplationem
1275 2342 1445 2391 veritatis,
1475 2348 1583 2382 omni
1612 2359 1697 2397 ope-

103 2408 188 2433 rum
208 2398 371 2434 utilitate
388 2399 424 2434 ὅ(
445 2397 705 2446 magnitudine
718 2395 932 2445 digniorem
953 2398 989 2432 ὃ(
1009 2394 1201 2434 celsiorem
1220 2411 1228 2433 :
1256 2398 1410 2448 longam
1426 2412 1515 2437 vero
1538 2399 1640 2439 istam
1661 2407 1697 2442 ὃς

101 2450 286 2489 solicitam
308 2464 457 2489 moram
488 2454 528 2489 in
562 2451 785 2503 experientia
816 2453 853 2488 &
879 2452 1045 2497 materia,
1074 2453 1111 2488 ὅ(
1135 2463 1260 2489 rerum
1287 2455 1565 2503 particularium
1581 2456 1698 2494 flucii-

103 2506 183 2554 bus,
211 2517 380 2544 mentem
405 2508 525 2544 veluti
554 2506 674 2544 humo
687 2503 849 2556 affigere,
878 2506 936 2544 vel
958 2506 1082 2557 potius
1100 2505 1137 2543 in
1160 2517 1340 2544 tartarum
1355 2509 1546 2558 quoddam
1566 2512 1695 2548 confu-

101 2558 214 2598 sionis
237 2563 274 2598 ὅ(
298 2562 588 2611 perturbationis
608 2561 793 2607 dejicere3
821 2571 933 2609 atque
953 2561 998 2597 ab
1018 2561 1210 2599 abstractae
1231 2561 1425 2612 sapientiae
1449 2563 1640 2603 serenitate
1660 2570 1696 2604 ἀ

100 2615 366 2664 tranquillitate
386 2617 578 2665 (tanquam
601 2628 622 2654 a
645 2616 736 2653 statu
750 2616 876 2653 multo
891 2614 1089 2662 diviniore)
1114 2628 1237 2653 arcere
1258 2620 1294 2653 ὅ(
1309 2615 1554 2656 summovere.
1612 2623 1697 2659 Nos

99 2679 190 2708 vero
209 2671 296 2708 huie
311 2669 447 2708 rationi
469 2672 628 2708 libenter
647 2670 881 2712 ass'entimur3
909 2672 946 2707 δε
966 2669 1039 2707 hoe
1063 2669 1183 2719 ipsum
1211 2671 1314 2719 quod
1343 2673 1509 2711 innuunt
1538 2687 1580 2712 ac
1595 2688 1694 2726 prae-

98 2735 243 2775 optant,
271 2728 464 2775 praecipue
480 2736 590 2774 atque
607 2736 692 2763 ante
706 2727 838 2762 omnia
851 2724 1005 2774 agimus.
1057 2724 1207 2762 Etenim
1227 2738 1356 2763 verum
1375 2730 1563 2780 exemplar
1586 2742 1695 2767 mun—

99 2778 135 2816 di
154 2778 192 2817 in
217 2779 405 2817 intellectu
432 2781 600 2818 humano
619 2780 833 2826 fundamus,
867 2781 976 2828 quale
1002 2779 1202 2827 Invenitur,
1223 2793 1304 2818 non
1327 2784 1436 2830 quale
1456 2785 1617 2834 cuipiam
1635 2786 1694 2823 sua

98 2836 247 2884 propria
270 2837 366 2872 ratio
394 2836 596 2873 distaverit.
652 2836 737 2872 Hoc
757 2845 882 2871 autem
906 2833 1033 2884 perfici
1060 2847 1140 2871 non
1169 2836 1297 2886 potest,
1333 2834 1399 2874 nifi
1438 2837 1530 2875 facta
1559 2842 1693 2877 mundi

97 2888 310 2927 diffeclione
333 2901 442 2941 atque
468 2890 658 2927 anatomia
673 2885 964 2938 diligentiffima.
997 2890 1180 2926 Modulos
1195 2902 1284 2927 vero
1295 2892 1441 2943 ineptos
1462 2895 1693 2930 mundorum

99 2945 137 2979 δε
157 2953 333 2993 tanquam
353 2943 525 2992 fimiolas,
552 2956 641 2991 quas
662 2946 702 2982 in
727 2943 973 2996 philosophiis
997 2943 1201 2993 phantasiae
1224 2945 1424 2984 hominum
1442 2959 1692 2995 extruxerunt,

100 2997 260 3037 omnino
274 2996 496 3051 dissipandas
518 3000 710 3037 edicimus.
769 3000 894 3037 Sciant
909 2997 1031 3048 itaque
1047 3000 1234 3047 hommes,
1261 2999 1312 3050 (id
1324 3002 1426 3050 quoti
1445 3000 1604 3052 superius
1619 3001 1693 3039 dix-

1600 3068 1694 3095 imus

1816 181 1908 228 309
