2040 3439
71 211 416 284 cap.11.DE'
450 211 895 266 AUGMENTIS
930 215 1462 269 SCIENTIARUMZ

66 317 151 357 sunt
169 319 328 368 ingenio
347 328 389 355 ut
409 316 571 355 nimium
592 317 666 355 hoc
685 328 808 367 agant,
837 320 874 355 ὅ(
899 321 973 356 toti
993 316 1062 356 sint
1082 321 1122 356 in
1141 320 1333 371 praesente
1354 323 1525 371 negotio,
1556 310 1660 373 quod

57 375 98 413 in
114 374 288 411 manibus
301 373 453 420 habent,
473 374 520 410 de
533 373 577 410 iis
590 383 728 419 autem,
749 385 843 421 quae
858 373 1128 420 interveniunt,
1151 387 1219 411 nec
1229 378 1399 425 cogitant
1414 378 1580 425 quidem,
1603 379 1658 429 <id

56 428 166 479 quod-
181 430 222 465 in
244 427 278 464 se
298 427 467 477 agnoscit
488 428 746 475 Montaneus,)
778 430 834 465 illi
850 439 951 465 certe
967 429 1123 466 ministri
1140 441 1271 478 regum
1287 441 1349 468 aut
1366 434 1657 482 rerumpublica-

54 487 138 520 rum
157 482 241 520 sunt
256 484 314 518 vel
331 484 481 531 optimi,
493 482 553 520 sed
569 483 613 519 ad
630 485 797 534 proprias
812 483 982 520 fortunas
997 484 1218 521 claudicant.
1260 487 1416 523 Interim
1435 490 1560 525 cailitio
1570 501 1655 526 ante

51 539 184 575 omnia
203 537 424 583 adhibenda,
455 547 495 574 ut
512 539 696 586 impetum
713 537 828 574 animi
849 540 886 575 ὅ(
905 537 1131 575 alacritatem
1152 541 1310 577 nimiam
1324 541 1576 589 cohibeamus,
1606 556 1655 581 ne

51 592 171 630 multa
186 591 350 638 sciendo,
382 592 427 629 ad
442 604 513 629 nos
526 591 652 629 multis
667 591 955 630 immiscendam
971 593 1145 630 feramur.
1206 594 1337 632 Infelix
1354 598 1457 634 enim
1473 598 1654 645 quiddam

51 645 100 684 est
118 649 155 685 ὅ(
169 648 425 692 temerarium,
454 647 807 698 polypragmosyne.
863 649 990 696 Itaque
1006 648 1078 694 ista,
1110 660 1223 696 quam
1240 653 1533 699 comparandam
1551 665 1651 702 prae-

49 703 219 750 cipimus,
237 702 394 738 notitiae
410 713 533 738 rerum
550 705 585 740 &
598 701 839 752 personarum
850 704 1006 739 varietas
1020 702 1093 739 huc
1107 703 1260 739 tandem
1276 706 1382 751 redit,
1399 713 1439 743 ut
1456 708 1492 743 ἃ
1507 720 1646 755 rei-um,

47 768 136 806 quas
151 755 377 805 suscipimus,
399 758 434 793 &
452 756 668 803 hominum,
691 769 854 807 quorum
871 769 984 808 opera
998 759 1153 804 utimur,
1174 760 1293 807 magis
1312 771 1398 796 cum
1420 762 1560 803 judicio
1580 764 1645 800 dc-

46 812 185 850 ledhtm
216 811 415 851 faciamus5
445 811 546 849 unde
564 812 695 848 cuneta
713 814 749 849 &
769 812 887 861 magis
907 812 1055 849 dextere
1074 814 1109 848 δε
1122 814 1238 861 magis
1263 824 1360 860 tuto,
1390 814 1588 864 disponere
1607 821 1644 856 &

45 863 299 904 administrare
316 866 484 903 sciamus.

88 922 270 959 *Nonr
282 931 377 957 IAM
397 919 555 958 aliorum
573 921 737 970 sequitur
752 923 890 958 notitia
906 921 971 959 sui.
1027 922 1180 958 Etenim
1201 933 1283 959 non
1304 924 1433 960 minor
1447 924 1644 974 diligentia

46 973 258 1013 adhibenda
284 975 344 1021 est,
374 975 435 1012 sed
457 977 578 1023 major
599 977 726 1026 potius
742 986 782 1013 ut
797 988 868 1012 nos
882 976 929 1013 de
943 975 1054 1013 nobis
1069 975 1162 1026 ipsis,
1190 989 1304 1025 quam
1330 979 1376 1014 de
1400 977 1479 1015 aliis
1501 992 1586 1017 vere
1611 984 1648 1019 δε

44 1040 211 1068 accurate
221 1029 488 1067 informemus.
545 1032 695 1081 Qippe
710 1037 796 1067 curn⁴
814 1032 1009 1068 oraculum
1022 1032 1127 1077 illud,
1140 1031 1251 1068 nos'ce
1266 1041 1302 1069 te
1318 1033 1450 1082 ipsum,
1472 1046 1552 1071 non
1568 1045 1648 1072 tan-

43 1093 129 1123 tum
150 1083 193 1123 fit
211 1096 345 1122 -canon
373 1086 592 1137 prudentiae
612 1085 837 1131 universalis,
868 1085 929 1123 sed
949 1088 985 1122 &
1006 1087 1046 1122 in
1069 1088 1232 1135 politicis
1252 1089 1493 1140 praecipuum
1514 1090 1644 1128 locum

42 1138 187 1177 habeat.
243 1141 404 1191 Optime
423 1142 527 1177 enim
548 1140 723 1177 homines
741 1151 875 1178 monet
897 1140 1119 1193 S.Jacobus,
1148 1153 1235 1178 eum
1255 1144 1320 1190 qui
1335 1143 1484 1180 vultum
1507 1145 1547 1180 in
1570 1145 1644 1197 spe—

42 1195 132 1232 culo
150 1192 405 1242 confideravit‚
433 1194 602 1232 oblivisci
622 1205 750 1232 tamen
764 1193 879 1243 illico,
908 1194 1025 1244 qualis
1039 1196 1172 1234 fuerit:
1200 1196 1262 1236 Ut
1272 1198 1437 1235 omnino
1450 1198 1638 1246 frequenti

40 1248 271 1301 inspectione
292 1247 333 1287 sit
362 1262 467 1301 opus.
523 1250 639 1299 quue
664 1259 767 1287 tenet
782 1252 904 1288 'etiam
928 1250 967 1287 in
1002 1249 1173 1299 politicisi
1231 1251 1303 1288 Sed
1329 1251 1470 1302 specula
1498 1252 1640 1292 seilicet

41 1302 129 1342 sunt
152 1303 316 1342 diversa:
345 1306 449 1342 Nam
479 1304 670 1354 speculum
697 1306 880 1351 divinum,
912 1308 952 1342 in
975 1317 1054 1353 quo
1071 1317 1141 1342 nos
1166 1307 1340 1342 contueri
1367 1307 1559 1355 debemus,
1588 1311 1638 1346 cst

41 1359 200 1397 verbum
225 1360 298 1396 Dei
316 1373 324 1395 :
354 1360 554 1411 Speculum
578 1369 702 1397 autem
723 1360 936 1411 politicum,
965 1371 1047 1396 non
1065 1360 1165 1396 aliud
1186 1360 1234 1396 cst
1253 1372 1366 1409 quam
1385 1361 1492 1399 status
1513 1375 1639 1401 rerum

42 1416 80 1451 &
93 1423 312 1466 temporum
332 1415 373 1450 in
388 1415 520 1462 quibus
534 1416 705 1453 vivimus.

91 1469 307 1506 ExAMEN
328 1467 441 1517 igitur
460 1479 684 1516 accuratum,
713 1481 783 1506 nec
803 1470 912 1517 quale
932 1468 1001 1505 effe
1021 1467 1114 1506 solet
1130 1469 1182 1506 sui
1198 1470 1362 1507 nimium
1381 1474 1550 1518 amantiS‚
1581 1475 1636 1510 in-

39 1521 266 1561 stimendum
289 1521 338 1560 est
361 1522 523 1570 homini,
561 1524 607 1561 de
634 1523 793 1576 propriis
816 1524 1065 1569 facultatibus,
1094 1524 1295 1562 virtutibus
1323 1526 1361 1562 &
1388 1527 1637 1574 adminiculis,

38 1589 191 1615 necnon
219 1578 267 1615 de
283 1577 499 1624 defectibus,
529 1578 822 1616 inhabilitatibus
849 1581 886 1615 ὃ(
906 1576 1117 1615 obstaculis:
1147 1580 1196 1615 ita
1218 1580 1404 1616 rationem
1434 1581 1637 1619 subducen-

38 1632 103 1679 da,
130 1642 172 1671 ut
191 1632 281 1670 haec
298 1642 480 1684 perpetuo
499 1635 538 1670 in
555 1634 683 1680 majus,
713 1634 776 1670 illa
795 1643 920 1670 autem
940 1631 1098 1670 minoris
1118 1635 1255 1682 potius,
1285 1646 1396 1682 quam
1412 1647 1536 1674 revera
1551 1636 1636 1674 sunt

37 1687 284 1726 aestimentur.
340 1689 393 1725 Ex
428 1687 644 1734 hujusmodi
680 1697 807 1726 autem
836 1686 1007 1726 examine
1035 1689 1077 1725 in
1110 1686 1450 1727 considerationem
1483 1690 1634 1729 veniant

37 1753 134 1792 quae
155 1742 371 1792 sequuntur.

87 1798 262 1836 PRIMA
287 1796 534 1836 consideratio
556 1797 610 1847 fit,
639 1800 840 1848 quomodo
862 1800 971 1837 alicui
992 1800 1153 1846 homini,
1184 1798 1438 1849 moribusque,
1469 1803 1506 1838 ὅ(
1526 1809 1629 1839 natu--

36 1863 99 1889 rae
119 1851 214 1899 suae,
242 1865 329 1890 cum
349 1855 583 1905 temporibus
603 1856 823 1895 conveniam
855 1866 947 1903 quae
968 1853 993 1891 si
1013 1857 1163 1892 inventa
1176 1855 1317 1892 fuerint
1332 1868 1495 1904 congrua
1506 1858 1630 1892 omni-

35 1906 105 1945 bus
123 1908 165 1946 in
183 1907 304 1955 rebus,
334 1907 448 1957 magis
471 1909 587 1946 libere
615 1912 652 1946 ὅ(
678 1909 797 1946 solute
821 1922 941 1958 agere,
971 1912 1006 1946 ὃ(
1022 1909 1088 1946 suo
1103 1908 1259 1959 iugenio
1278 1911 1332 1946 uti
1354 1912 1482 1947 liccat:
1511 1909 1563 1946 sin
1587 1909 1629 1947 fit

34 1962 158 2012 aliqua
171 1963 386 2012 antipathia,
414 1974 496 2000 tum
520 1964 675 2001 demum
699 1966 739 2000 in
769 1964 944 2002 universo
966 1966 1061 2001 vitae
1085 1963 1191 2001 cursu
1216 1965 1332 2013 magis
1351 1975 1456 2002 caute
1475 1968 1511 2002 ὅ(
1534 1966 1630 2002 teuc

35 2015 86 2054 est
102 2017 368 2064 incedendum,
398 2019 595 2066 minusque
615 2021 655 2056 in
682 2019 836 2068 publico
864 2018 1100 2056 versandum.
1157 2020 1217 2056 Sic
1232 2019 1406 2056 Tiberius
1434 2020 1534 2065 fecit,
1563 2019 1628 2068 qui

32 2083 187 2110 morum
204 2072 356 2110 suorum
371 2071 435 2109 sibi
455 2073 635 2121 conscius,
664 2085 752 2111 cum
773 2073 919 2111 saeculo
940 2073 1006 2111 suo
1035 2086 1115 2110 non
1139 2075 1285 2124 optime
1304 2075 1627 2121 convenientium,

31 2127 143 2164 ludos
156 2127 326 2177 publicos
341 2139 534 2176 nunquam
550 2127 742 2177 spectavit:
771 2128 976 2177 quinetiam
992 2140 1056 2180 per
1071 2128 1273 2165 duodecim
1288 2130 1492 2166 continuos
1507 2140 1627 2166 annos

30 2181 236 2233 postremos
268 2193 465 2230 nunquam
490 2184 530 2220 in
563 2182 732 2220 senatum
758 2186 886 2221 venit:
916 2185 979 2220 ubi
1010 2194 1143 2220 contra
1160 2183 1347 2231 Augustus
1371 2193 1551 2234 perpetuo
1584 2185 1625 2221 in

30 2237 152 2273 oculis
165 2235 364 2274 hominum
385 2238 497 2274 vixit:
526 2238 629 2285 quod
659 2239 695 2275 &
717 2239 868 2276 Tacitus
891 2237 1081 2279 observat3
1110 2239 1180 2274 alia
1195 2236 1352 2275 Tiberio
1374 2250 1529 2275 morum
1552 2239 1622 2276 via.

31 2291 173 2328 Eadem
193 2293 229 2328 δε
245 2291 395 2328 Periclis
409 2290 504 2328 ratio
519 2292 598 2329 fuit.

83 2347 322 2384 SECUNDA
351 2344 394 2383 fit
413 2344 672 2393 consideratio,
701 2347 901 2395 quomodo
925 2347 1036 2384 alicui
1053 2345 1251 2384 conveniat
1275 2359 1362 2384 cum
1387 2343 1622 2396 professioni-

28 2399 97 2439 bus
127 2402 164 2439 ὅ(
198 2401 396 2450 generibus
434 2403 542 2447 vitae,
571 2413 666 2449 quae
690 2403 731 2439 in
759 2400 825 2439 usu
851 2404 886 2438 δε
909 2403 1033 2450 pretio
1058 2401 1167 2442 sunt3
1201 2413 1441 2450 quorumque
1469 2399 1534 2438 fibi
1560 2403 1621 2439 de—

28 2455 144 2494 lectus
166 2453 208 2493 fit
237 2455 447 2492 faciendus:
475 2465 515 2492 ut
531 2453 556 2492 si
571 2456 645 2501 jam
660 2457 853 2493 decretum
868 2468 949 2493 non
964 2455 1005 2500 sit
1021 2456 1066 2493 de
1078 2467 1215 2506 genere
1230 2457 1342 2502 vitae,
1373 2457 1534 2493 maxime
1561 2469 1621 2507 ap-

27 2518 110 2548 tum
138 2512 176 2548 &
203 2511 361 2560 ingenio
382 2509 448 2547 suo
469 2522 682 2560 congruum
712 2510 855 2548 sumat:
885 2508 937 2547 fin
961 2512 1036 2556 jam
1060 2511 1206 2560 pridem
1230 2510 1268 2547 id
1291 2522 1409 2560 genus
1436 2513 1545 2558 vitae,
1574 2513 1620 2549 ad

26 2565 132 2612 quod
146 2567 271 2602 minus
286 2577 305 2602 a
320 2574 452 2602 natura
466 2565 580 2602 faetus
596 2564 656 2612 est,
684 2565 795 2603 fuerit
812 2565 998 2614 ingressus,
1028 2565 1093 2603 sub
1121 2566 1241 2617 prima
1269 2563 1460 2602 occasione
1483 2565 1519 2602 se
1540 2566 1620 2603 sub-

25 2619 147 2667 ducat,
175 2622 371 2658 &novam
398 2620 662 2657 conditionem
691 2622 849 2670 arripiat.
906 2621 948 2657 Id
970 2621 1072 2671 quod
1093 2632 1111 2656 a
1132 2620 1339 2658 Valentino
1358 2621 1493 2668 Borgia
1520 2622 1621 2659 vidc-

28 2685 112 2712 mus
126 2675 277 2722 fastum,
304 2675 350 2711 ad
370 2676 484 2712 vitam
514 2675 779 2712 sacerdotalem
804 2687 823 2712 a
848 2685 950 2724 patre
972 2675 1180 2714 innutrit03
1208 2686 1321 2722 quam
1344 2684 1470 2712 tamen
1497 2675 1619 2724 postea

26 2729 192 2776 ejuravit,
221 2728 288 2768 suo
311 2728 507 2766 obsecutus
534 2728 701 2778 ingenio,
731 2732 767 2767 ὃ(
791 2729 884 2767 vitae
920 2729 1070 2766 militari
1101 2728 1135 2766 se
1172 2727 1370 2778 applicuit3
1400 2740 1616 2778 quanquam

25 2781 231 2835 principatu
246 2796 361 2833 aeque
377 2794 418 2820 ac
435 2783 641 2821 mcci-dorio
663 2785 851 2833 indignus,
879 2796 967 2820 cum
989 2794 1190 2832 utrumque
1209 2785 1330 2820 homo
1357 2783 1526 2835 pestilens
1554 2786 1616 2822 dc-

25 2837 279 2876 honestavcrit.

77 2894 276 2931 TERTIA
295 2891 337 2930 fit
363 2889 619 2940 consideratio,
649 2894 850 2942 quomodo
878 2891 913 2930 se
941 2892 1072 2930 habeat
1101 2895 1195 2941 quis,
1224 2902 1458 2942 comparatus
1486 2895 1530 2931 ad
1561 2908 1615 2932 ae-

24 2948 150 2994 quales
171 2951 208 2985 &
231 2949 400 2986 aemulos
428 2946 524 2994 suos,
553 2960 648 2996 quos
667 2946 864 2986 verisimile
892 2944 932 2983 sit
957 2959 1044 2984 eum
1073 2948 1288 2985 habiturum
1311 2949 1351 2984 in
1375 2948 1527 2986 fortuna
1553 2950 1613 2986 sua

23 3001 312 3050 competitores:
342 3014 505 3050 eumque
525 3005 620 3040 vitae
643 3002 790 3040 cursum
812 3013 949 3049 teneat,
980 3005 1020 3039 in
1043 3014 1120 3050 quo
1143 3005 1305 3039 maxima
1328 3004 1538 3041 inveniatur
1561 3006 1612 3040 vi-

23 3066 154 3093 rorum
171 3058 408 3110 egregiorum
423 3056 608 3095 solitudo:
637 3067 749 3107 atque
771 3059 811 3093 in
831 3069 908 3104 quo
929 3058 1119 3106 probabile
1148 3056 1202 3099 sit,
1230 3058 1265 3094 se
1286 3057 1404 3106 ipsum
1423 3060 1518 3095 inter
1534 3070 1610 3093 eae-³

76 3111 183 3149 VOL.
211 3113 239 3149 I.
257 3112 273 3118 ”
769 3112 803 3148 G
832 3124 855 3160 g
1497 3124 1606 3157 τίνος,

1753 243 1812 290 23

1821 242 1846 287 3
