2040 3439
39 199 235 265 eapm.
305 201 399 247 DE
437 201 890 249 AUGMENTIS
925 194 1466 253 sciENTIARUM.

88 302 126 338 N
141 311 155 337 1
166 312 191 337 L
223 309 286 337 aut
321 299 362 335 in
398 299 591 350 voluptate
626 297 800 347 solidum,
843 309 905 337 aut
942 300 984 337 in
1011 299 1150 340 virtute
1183 300 1377 340 munitum
1418 301 1483 340 ubi
1518 298 1639 341 timor

35 354 186 394 infestat.

84 411 163 463 Qn-
175 420 189 446 1
211 407 370 460 pericula
384 409 516 456 apertis
533 406 674 445 oculis
665 417 833 446 intuetur
848 418 889 446 ut
901 407 1064 462 excipiat,
1094 409 1252 449 advertit
1267 413 1305 450 &
1319 422 1360 451 ut
1374 413 1498 452 evitet.

88 465 122 502 C
133 476 158 501 A
169 476 190 500 E
200 476 223 500 T
233 475 255 499 E
266 475 291 499 n
303 475 326 499 A
338 473 360 499 E
381 461 533 500 virtutes
549 475 619 499 nos
634 476 653 500 a
668 463 869 502 dominatu
889 465 1051 502 liberant
1064 463 1269 509 vitiorurm
1297 466 1489 507 fortitudo
1517 468 1596 508 sola
1615 482 1637 507 a

32 521 230 561 dominatu
246 518 431 554 fortunae.

85 573 195 612 Cant.
227 574 253 610 P
262 585 289 609 R
298 584 323 609 A
334 583 356 608 E
365 584 387 609 c
396 584 420 608 L
431 584 454 609 A
464 583 492 608 R
502 583 527 609 A
543 573 658 610 virtus
671 573 766 609 velle
787 571 903 622 perire
923 583 965 610 ut
979 573 1118 625 perdas.

84 630 111 667 P
120 640 147 665 R
158 640 183 665 A
193 639 215 665 E
225 639 279 665 eL
289 638 314 664 A
323 639 350 664 R
360 639 384 663 A
410 629 523 664 virtus
539 640 651 675 quam
667 627 778 664 etiam
789 628 943 665 ebrietas
959 630 1115 667 inducit.

82 684 143 721 V1
156 695 179 720 T
194 695 217 719 A
229 692 252 718 Ε
279 681 360 718 suae
374 682 553 733 prodigus
567 681 706 718 alienae
722 682 960 733 periculosus

81 739 137 777 V1
145 750 173 776 R
183 750 206 774 T
216 749 267 775 us
295 737 432 773 ferreae
447 735 570 773 aetatis
585 737 780 775 fortitudo.

601 830 886 886 Temperantia.
941 834 1058 873 XXII.

81 906 177 946 Pro.
206 909 235 944 E
246 918 381 945 ADEM
398 907 473 944 fere
490 909 541 945 vis
557 906 758 945 abstinendi
773 910 808 944 δε
825 907 1034 946 iustincndi.

80 963 329 1004 UNIFORM
340 974 354 1000 1
365 974 514 1007 TATES,
546 962 771 1000 concordiae
800 964 838 1000 ὅ(
865 962 1060 1001 mensurae
1087 973 1281 1013 motuum,
1326 966 1496 1006 coelestia
1535 968 1632 1018 sunt,

28 1019 294 1056 &characteres
309 1019 550 1054 aeternitatis.

23 1103 27 1107 .
80 1074 359 1110 TEMPERAN
371 1084 395 1109 T
406 1084 470 1119 1A,
499 1074 600 1110 velut
618 1071 756 1122 frigora
770 1071 938 1119 salubria,
968 1075 1086 1112 animi
1106 1073 1197 1113 vires
1216 1074 1362 1126 colligit
1378 1078 1414 1114 &
1429 1077 1564 1117 firmat.

77 1129 108 1165 E
117 1139 212 1180 ΧΨ]
223 1139 237 1165 1
247 1139 265 1164 3
275 1139 288 1164 1
299 1139 323 1164 T
334 1139 347 1164 1
377 1130 412 1164 &
423 1140 487 1177 vag
494 1129 503 1163 i
522 1126 642 1165 sensus
658 1126 856 1164 narcoticis
872 1126 962 1165 indi
953 1139 1069 1177 gent·
1097 1127 1261 1167 similiter
1277 1133 1314 1168 ὅ(
1328 1130 1488 1171 affectus.

78 1182 189 1221 Cant.
219 1185 259 1221 N
269 1194 290 1219 E
301 1193 388 1220 GAT
400 1194 412 1219 1
423 1195 477 1221 VA
488 1194 510 1219 E
535 1181 617 1219 istac
645 1181 797 1220 virtutes
820 1195 902 1220 non
929 1184 1097 1234 placent3
1125 1197 1214 1223 nam
1245 1187 1507 1226 innocentiam
1532 1200 1632 1240 prae-

24 1236 130 1285 stant,
163 1250 244 1275 non
266 1240 409 1274 merita.

76 1294 316 1331 LANGUET
339 1305 458 1339 mens,
486 1304 579 1343 quac
596 1289 798 1330 execssibus
812 1302 923 1330 caret.

75 1347 114 1384 A
126 1359 198 1386 Mo
227 1349 394 1395 virtutes,
432 1360 525 1397 quae
553 1346 811 1385 excellentiam
834 1346 986 1385 actionis
1009 1346 1206 1396 inducunt,
1242 1362 1325 1388 non
1355 1350 1630 1391 hebetudinem

21 1399 210 1455 pastionis.

78 1458 113 1495 C
129 1468 203 1496 UM
230 1457 479 1494 consonantes
502 1455 620 1493 animi
648 1467 774 1494 motus
791 1458 911 1507 ponis,
939 1469 1076 1507 paucos
1097 1460 1228 1511 ponis3
1269 1471 1359 1498 nam
1387 1461 1553 1512 pauperis
1576 1462 1626 1501 est

22 1524 217 1551 numerare
232 1523 352 1561 pecus.

74 1569 187 1605 ISTA
213 1567 311 1616 (non
329 1565 392 1612 uti,
422 1576 462 1603 ut
478 1579 560 1605 non
589 1576 761 1619 appetas·
752 1591 763 1608 ‚
799 1579 880 1604 non
902 1577 1074 1618 appetere
1097 1578 1139 1607 ut
1167 1581 1249 1607 non
1264 1570 1407 1621 timeas)
1442 1571 1626 1624 pusillani-

23 1624 76 1660 mi
91 1623 176 1660 lunt
197 1624 234 1660 ὅ(
248 1598 464 1659 diffidentis.

605 1715 841 1769 Constantia.
898 1720 1031 1758 XXIIL

73 1791 169 1832 Pro.
199 1795 227 1831 B
240 1806 264 1831 A
277 1806 295 1832 s
307 1805 322 1832 1
332 1807 350 1832 3
378 1795 560 1832 virtutum
579 1792 791 1830 constantia.

74 1849 116 1885 M
133 1861 146 1886 1
158 1861 175 1885 s
190 1862 211 1886 E
224 1862 248 1887 R
276 1850 335 1896 cst,
365 1848 428 1896 qui
445 1846 559 1897 qualis
575 1847 648 1896 ipse
663 1848 810 1884 futurus
826 1845 879 1894 fit,
910 1859 992 1885 non
1005 1846 1120 1886 novit.

73 1905 88 1941 Ι
101 1915 136 1941 M
148 1917 168 1943 Β
182 1916 204 1941 n
215 1917 238 1942 c
250 1916 264 1942 1
276 1917 300 1941 L
311 1916 335 1941 ι,
351 1915 364 1941 1
379 1916 436 1941 TA
447 1916 464 1940 s
487 1904 642 1940 humani
659 1901 795 1949 judicii,
827 1903 934 1939 rebus
957 1901 1036 1953 ipsis
1052 1903 1218 1942 constare
1237 1916 1319 1943 non
1337 1903 1456 1956 potest
1471 1920 1482 1947 5
1511 1913 1624 1956 quare

20 1957 152 1996 saltem
167 1957 231 1996 fibi
246 1959 398 1996 constet.

73 2015 102 2051 E
114 2026 140 2052 T
154 2011 209 2052 iA
219 2025 256 2051 M
280 2013 377 2052 viriis
395 2015 505 2050 decus
518 2012 647 2064 aspirat
663 2011 879 2051 constantia.

74 2070 98 2106 S
111 2081 126 2107 1
152 2069 197 2106 ad
212 2069 384 2106 fortunae
400 2067 684 2106 inconstantiam
698 2068 847 2105 accedat
859 2067 970 2106 etiam
987 2068 1233 2107 inconstantia
1244 2071 1394 2117 mentis,
1422 2071 1464 2108 in
1478 2070 1624 2122 quantis

20 2123 182 2162 tenebris
197 2123 353 2162 vivitur?

71 2180 98 2216 12
111 2191 174 2216 οι(
187 2191 212 2216 T
225 2191 252 2216 U
264 2191 294 2216 N
305 2192 346 2224 A
378 2190 556 2227 tanquam
574 2179 742 2225 Proteus,
771 2177 797 2215 fi
812 2177 1016 2230 perseveres
1034 2179 1079 2216 ad
1094 2179 1258 2217 formam
1275 2180 1382 2217 redit.

72 2233 184 2272 Cant.
216 2234 250 2270 C
261 2247 288 2271 o
301 2247 326 2270 N
340 2246 356 2271 3
370 2246 393 2270 T
404 2247 428 2271 A
440 2245 469 2271 N
483 2245 507 2270 T
520 2244 534 2270 1
547 2245 585 2279 A,
602 2244 642 2270 ut
659 2232 800 2278 janitrix
818 2233 977 2279 morosa,
998 2234 1117 2270 multa
1131 2235 1238 2271 utilia
1252 2233 1386 2272 indicia
1400 2234 1528 2285 abigit.

73 2289 141 2327 ΑΕ
156 2300 221 2340 qu
232 2300 261 2325 U
272 2300 307 2326 M
327 2289 387 2334 est,
418 2300 457 2326 ut
473 2287 575 2324 const
579 2287 676 2325 tutia
692 2301 747 2325 res
761 2287 923 2327 adversas
939 2288 1033 2325 bene
1049 2289 1206 2326 toleret·
1198 2313 1208 2329 ,
1237 2301 1328 2326 nam
1343 2289 1419 2327 fere
1438 2288 1594 2328 inducit.

73 2345 98 2382 S
109 2356 134 2381 T
146 2356 173 2382 U
184 2356 210 2381 ι,
221 2356 246 2381 T
259 2356 274 2381 1
288 2356 312 2381 T
326 2356 341 2381 1
355 2355 381 2381 A
405 2339 613 2381 brevissima
634 2344 788 2394 optima.

555 2439 882 2494 fllagnanimitas.
939 2442 1076 2479 XXIV.

70 2502 165 2543 Pro.
198 2506 221 2542 S
234 2515 250 2542 1
276 2503 420 2542 animus
433 2503 545 2541 semei
568 2504 768 2553 generosos
787 2504 878 2542 fines
897 2505 1101 2556 optaverit3
1130 2505 1249 2542 statim
1272 2516 1355 2542 non
1375 2504 1496 2542 modo
1510 2502 1620 2543 virtu-

19 2570 73 2598 tes
86 2559 330 2607 circumstant,
359 2560 416 2596 scd
436 2562 471 2596 ὃς
489 2560 672 2596 Numina.
705 2574 708 2577 ⁴

72 2615 108 2653 V
117 2626 132 2652 1
142 2627 171 2652 R
183 2625 208 2652 T
219 2626 248 2652 u
259 2627 284 2652 T
297 2626 319 2652 E
328 2625 346 2652 s
380 2624 423 2652 cx
438 2613 576 2660 habitu,
606 2624 669 2652 aut
685 2613 892 2665 praeceptis,
921 2615 1083 2664 gregales
1097 2613 1182 2652 sunt
1197 2632 1211 2658 ,-
1243 2626 1285 2652 ex
1299 2614 1386 2662 fine,
1405 2613 1591 2656 heroicae.

72 2668 183 2707 Cont.
213 2671 257 2707 M
269 2682 297 2708 A
313 2682 338 2707 G
349 2681 414 2707 NA
426 2681 454 2707 N
469 2681 483 2706 1
497 2680 531 2706 M
542 2680 556 2706 1
569 2682 593 2706 T
603 2682 629 2706 A
640 2682 657 2707 3
686 2670 734 2706 cst
754 2671 867 2707 virtus
880 2668 1036 2719 poetica.

469 2759 655 2814 scientia,
685 2765 978 2819 Contemplatio.
1034 2767 1154 2805 XXV.

71 2828 165 2869 Pro.
196 2833 224 2869 E
237 2845 263 2871 A
292 2833 449 2870 demum
464 2834 633 2884 voluptas
649 2833 697 2869 est
714 2832 917 2870 secundum
933 2842 1117 2877 naturam,
1134 2832 1235 2877 cujus
1250 2842 1331 2869 non
1347 2832 1395 2870 cst
1412 2831 1564 2870 satietas.

71 2885 107 2922 D
119 2897 148 2924 U
157 2897 182 2923 L
194 2899 217 2925 c
229 2899 243 2924 1
254 2899 271 2924 3
281 2900 298 2925 3
312 2900 325 2925 1
340 2899 374 2924 Μ
387 2899 414 2925 U
425 2899 442 2924 3
471 2887 684 2939 prospectus
699 2884 735 2923 in
746 2899 891 2924 errores
907 2888 1068 2923 aliorum
1085 2885 1324 2932 subjacentes.

70 2940 183 2992 QUA
196 2952 232 2978 M
253 2944 398 2980 bonum
414 2942 476 2989 est,
505 2943 613 2979 orbes
632 2941 770 2979 mentis
786 2942 919 2979 habere
935 2942 1197 2978 concentricos
1212 2941 1406 2980 universo?

70 2994 155 3031 OM
167 3008 195 3032 N
209 3007 258 3033 fis
287 2997 436 3036 affe-aus
451 2996 562 3050 praxi,
591 2996 700 3035 falsae
714 2995 985 3035 aestimationes
1001 2996 1085 3035 sunt
1099 3013 1114 3042 ,-
1144 3007 1254 3048 atquc
1283 2997 1413 3035 eadem
1436 2997 1521 3035 sunt
1551 2997 1616 3033 bo*-

18 3046 108 3085 nitas
129 3052 165 3087 8(
186 3051 329 3090 vetitas.

71 3104 178 3143 Vot..
194 3107 222 3143 1
784 3106 822 3144 A
838 3118 859 3144 a
1501 3104 1614 3143 Cont.

1732 210 1826 276 185
