2040 3439
88 180 267 247 Cap-11.
337 182 433 231 DE
462 179 916 232 AUGMEN‘HS
950 177 1484 234 SCIENTIARUM.

85 280 166 321 dice
187 283 346 334 pullulat
367 280 461 320 illud
478 283 637 330 malum,
665 283 769 332 quod
788 292 920 320 notam
948 282 1101 322 eruditis
1127 280 1281 325 inussit5
1310 285 1494 323 nimirum
1509 287 1687 326 eruditio-

85 341 173 375 nem
202 337 240 375 ὅ(
267 335 504 389 prudentiam
519 335 667 375 civilem
683 349 768 375 raro
790 338 997 376 admodum
1016 338 1207 389 conjungi.
1262 338 1413 377 Etenim
1436 338 1462 378 fi
1485 342 1567 390 quis
1587 343 1685 381 r'ecte

83 387 258 439 advertat,
290 404 333 429 ex
360 392 568 444 prudentiis
585 390 656 429 illis
683 391 811 439 tribus,
845 405 934 444 quas
970 392 1092 431 modo
1125 394 1286 432 diximus
1309 394 1355 432 ad
1382 396 1497 433 Vitam
1531 397 1682 434 civilem

83 445 252 504 spectate,
275 445 338 483 ille
358 446 649 484 conversationis
678 448 723 484 ab
752 447 908 485 eruditis
939 447 1017 485 fere
1038 451 1312 496 contemnitur,
1346 455 1526 499 tanquam
1554 450 1682 490 servile

81 501 273 551 quiddam,
306 511 417 550 atque
439 500 587 553 insuper
613 502 924 540 meditationibus
942 501 1151 542 inimicum.
1208 504 1325 556 Quod
1348 517 1439 543 veto
1453 506 1497 543 ad
1517 505 1619 544 illam
1635 509 1683 545 de

80 553 268 608 republica
300 556 608 595 administrandaz
643 556 730 594 sane
764 555 791 594 fi
829 558 984 607 quando
1014 569 1142 595 rerum
1169 559 1431 607 gubernaculis
1455 555 1679 600 admoveanss

77 621 142 655 zur
168 609 314 657 eruditi,
341 622 478 649 munus
508 611 616 650 suum
642 624 724 649 non
752 613 1003 650 incommode
1029 611 1230 654 sustinent3
1258 625 1388 652 verum
1418 627 1459 652 ea
1486 616 1683 666 promotio

81 667 271 715 contingit
309 666 444 715 pauciS.
500 667 562 704 De
589 666 791 718 prudentia
823 677 949 704 autem
979 666 1207 716 negotiandi,
1246 669 1331 717 (qua
1359 669 1406 706 de
1429 682 1531 708 nune
1559 673 1682 721 loqui-

75 715 184 774 mur)
210 722 340 776 in'qua
353 722 428 758 vita
446 720 608 759 humana
627 723 834 773 plurimum
857 721 1031 768 versatur,
1060 724 1156 760 nulli
1178 722 1342 760 omnino
1368 724 1454 762 libri
1479 726 1679 779 conscripti

76 773 286 826 habetatum
314 787 456 825 praeter
473 789 586 826 pauca
609 777 792 826 quaedam
813 778 961 814 monita
988 775 1109 814 civilia
1139 779 1178 814 in
1212 777 1430 816 fasciculum
1459 792 1580 818 unum
1617 793 1680 820 aut

74 827 236 871 alterum
265 830 432 877 concita,
478 843 572 879 quae
594 830 834 881 amplitudini
852 831 960 875 huius
980 831 1130 873 subjecti
1158 833 1268 868 nullo
1297 833 1418 870 modo
1439 834 1677 886 respondent.

78 881 127 928 Et
149 887 254 923 enim
284 883 310 923 fi
333 884 416 922 libri
435 886 550 934 aliqui
571 897 737 924 extarent
758 887 806 923 de
821 886 895 923 hoc
910 896 1148 934 argumento,
1176 884 1265 922 sicut
1285 887 1331 924 de
1346 888 1507 935 caeteris,
1520 891 1679 929 minime

76 934 335 986 dubitaverim,
355 942 450 988 quin
477 939 544 978 viti
567 940 715 987 eruditi,
744 942 873 992 aliquo
900 942 1150 990 experientiae
1173 940 1368 990 manipulo
1389 942 1563 991 instruffl,
1605 945 1682 983 ine*

73 987 234 1045 iffidstos,
268 993 353 1033 licet
375 995 521 1032 diutina
543 995 766 1046 experientia
789 996 953 1042 edoctos,
981 997 1098 1045 longe
1126 995 1350 1045 superarent,
1367 998 1403 1035 &
1424 999 1680 1051 proprioillo-

73 1044 167 1102 xuin'
184 1051 302 1100 (quod
322 1048 475 1099 dicitur)
496 1063 582 1089 arcu
610 1049 674 1098 usi,
708 1050 824 1101 magis
845 1063 865 1087 e
894 1051 1110 1100 longinquo
1137 1050 1302 1089 ferirent.

74 1099 84 1114 ¹
92 1100 203 1158 ]''N'1·:
213 1117 309 1157 qur:
328 1117 420 1144 vero
439 1104 490 1143 cst
507 1117 573 1144 cur
590 1118 796 1154 vereamur,
823 1118 873 1143 ne
897 1105 1066 1143 scientiae
1094 1105 1201 1151 hujus
1224 1116 1303 1143 tarn
1324 1106 1419 1145 varia
1447 1105 1489 1145 sit
1508 1111 1676 1158 materia,

73 1162 132 1210 {its
146 1158 217 1199 sub
237 1160 561 1210 praeceptionibus
580 1173 661 1198 non
682 1161 786 1199 cadat
803 1175 811 1198 :
838 1162 970 1198 Multo
989 1158 1170 1209 fiquidem
1191 1160 1380 1210 angustior
1404 1161 1464 1209 est,
1486 1176 1599 1215 quam
1615 1166 1680 1204 illa

72 1213 298 1267 'reipublicae
320 1215 627 1253 administrandae
642 1215 794 1254 scientia
809 1230 820 1258 ς
848 1227 962 1264 quam
981 1226 1107 1252 tamen
1123 1218 1287 1267 apprime
1302 1215 1468 1255 videmus
1479 1221 1676 1258 excultam.

72 1267 203 1322 {injus
221 1269 368 1322 generis
396 1268 612 1321 prudentiae
638 1271 736 1322 apud
756 1273 966 1317 Romanos,
994 1270 1146 1322 optimis
1170 1272 1417 1320 temporibus,
1446 1275 1600 1312 extitiffe
1627 1277 1680 1313 vi-

75 1319 214 1374 dentur
227 1326 407 1362 nonnulli
433 1324 665 1375 profeffores.
720 1325 891 1364 Testatur
906 1325 1009 1362 enim
1031 1324 1169 1362 Cicero
1185 1324 1300 1362 moris
1319 1326 1435 1373 fuisse,
1464 1331 1578 1377 paulo
1590 1333 1679 1368 ante

72 1377 136 1418 sua
156 1377 309 1426 (becula,
338 1390 380 1418 ut
409 1379 606 1427 senatores,
635 1379 831 1432 prudentia
859 1383 896 1418 ὅ(
914 1392 1040 1417 rerum
1059 1380 1126 1417 usu
1141 1381 1303 1418 maxime
1317 1381 1492 1423 celebres,
1510 1384 1679 1430 (Corun-

71 1425 181 1482 canii,
198 1434 319 1481 Curii,
334 1432 502 1473 Laelii&
522 1434 594 1482 alii)
616 1435 713 1472 statis
729 1435 832 1473 horis
852 1434 892 1472 in
911 1435 1000 1472 foro
1014 1435 1311 1480 deambularent,
1333 1434 1394 1472 ubi
1409 1436 1549 1474 civibus
1575 1441 1677 1491 copi·

72 1497 135 1541 am
152 1488 206 1526 sui
228 1489 393 1527 facerent
409 1491 445 1527 &
460 1489 757 1536 consulerentur,
777 1501 859 1528 non
874 1489 921 1527 de
941 1490 1019 1536 jure
1035 1489 1096 1527 sed
1111 1489 1158 1526 de
1172 1492 1335 1539 negotiis
1349 1492 1586 1540 omnigenis:
1602 1495 1675 1531 Ve-

72 1539 143 1591 luti
161 1544 208 1582 de
221 1542 297 1582 filia
323 1545 515 1591 elocanda,
543 1542 616 1583 five
637 1545 684 1582 de
697 1545 780 1582 filio
797 1544 1005 1591 educando,
1033 1542 1103 1583 five
1119 1544 1166 1582 de
1180 1545 1334 1594 praedio
1361 1547 1601 1594 co-emendo,
1629 1549 1677 1586 dc'

71 1593 278 1649 conirastu,
305 1598 553 1645 accusatione,
582 1597 810 1647 defensione,
839 1609 902 1637 aut
917 1598 986 1637 alia
1007 1611 1230 1648 quacunque
1245 1612 1296 1647 re,
1315 1612 1408 1650 quae
1428 1602 1468 1637 in
1483 1603 1557 1639 vita
1573 1614 1677 1639 com-

71 1651 184 1705 muni¹
194 1651 429 1692 interveniat.
483 1655 537 1692 Ex
552 1666 632 1703 quo
645 1653 775 1703 liquet,
808 1654 1046 1706 prudentiam
1071 1655 1260 1703 quandam
1287 1655 1355 1691 effe
1370 1653 1568 1694 confilium
1587 1658 1675 1695 dan·

69 1703 128 1760 «fi,
150 1707 262 1748 etiam
280 1709 321 1746 in
336 1707 500 1759 negotiis
513 1710 676 1760 privatis,
699 1722 742 1747 ex
755 1709 953 1748 universali
968 1721 1093 1747 rerum
1113 1708 1281 1747 civilium
1299 1712 1522 1759 cognitione
1552 1713 1588 1750 ὃ(
1617 1725 1675 1750 ex-

69 1764 248 1819 perientia
261 1774 550 1814 promanantem
567 1778 576 1805 3
591 1776 684 1813 quac
699 1775 910 1802 exerceatur
925 1763 1075 1813 quidem
1091 1762 1128 1802 in
1144 1762 1281 1802 casibus
1295 1767 1588 1814 particularibus,
1617 1780 1674 1804 cx-

68 1816 236 1856 t'rahatur
254 1829 380 1856 autem
395 1831 438 1857 ex
453 1821 617 1868 generali
631 1818 781 1857 casuum
795 1817 1048 1857 consimilium
1064 1819 1335 1856 observatione.
1380 1821 1440 1857 Sic
1455 1822 1560 1857 enim
1575 1823 1674 1860 vido-

69 1870 156 1911 mus
164 1870 209 1912 ¹in
225 1884 273 1910 eo
291 1874 404 1920 libro,
427 1885 540 1925 quem
554 1874 599 1921 ad
614 1873 766 1911 fratrem
782 1872 990 1925 conscripsit
1012 1876 1062 1925 Q
1075 1873 1224 1920 Cicero,
1240 1874 1286 1911 de
1298 1876 1484 1923 petitione
1507 1876 1675 1914 consula-

69 1933 141 1975 tus,
158 1925 293 1978 (quem
309 1930 465 1966 unicum
479 1941 500 1965 a
514 1928 696 1967 veteribus
705 1929 894 1975 habemus,
906 1939 1089 1976 quantum
1105 1930 1265 1966 memini
1281 1930 1478 1966 tradiatum
1497 1930 1543 1966 de
1559 1941 1675 1981 nego-

68 1977 128 2037 ζίὀ
145 1983 275 2032 aliquo
288 1981 513 2034 particulari)
535 1995 750 2032 quanquam
775 1984 820 2021 ad
839 1982 1037 2021 eonsilium
1056 1984 1236 2030 dandum,
1254 1984 1301 2020 dc
1320 1996 1359 2020 re
1378 1994 1462 2021 tum
1481 1985 1674 2033 praesenti,

69 2032 306 2090 potiffimum
321 2038 509 2087 speftaret,
539 2039 700 2088 plurima
720 2049 848 2076 tamen
873 2040 1059 2076 contineri
1080 2040 1264 2076 axiomata
1283 2037 1443 2088 politica,
1473 2051 1566 2087 quae
1590 2053 1673 2078 non

69 2093 179 2132 usum
194 2092 318 2131 solum
332 2091 615 2145 temporarium,
632 2094 693 2131 sed
714 2105 892 2131 normam
917 2093 1106 2142 quandam
1129 2104 1345 2145 perpetuam
1360 2094 1456 2131 circa
1471 2094 1673 2133 cledioncs

67 2148 264 2200 populares
279 2147 536 2199 praescribant.
580 2150 624 2186 In
643 2149 718 2186 hoc
739 2161 877 2198 genere
885 2145 1022 2186 “autem
1038 2148 1132 2185 nihil
1153 2147 1352 2194 invenitur,
1376 2149 1478 2196 quod
1495 2151 1575 2186 ullo
1591 2162 1672 2188 mo-

68 2202 123 2240 do
141 2204 436 2255 comparandum
451 2201 492 2240 fit
506 2215 594 2240 cum
613 2202 830 2255 aphorismis
845 2204 928 2250 illis,
950 2215 1046 2250 quos
1061 2202 1176 2240 edidit
1205 2216 1263 2239 rex
1283 2204 1470 2240 Solonion
1489 2216 1496 2239 ε
1514 2205 1572 2241 De
1593 2217 1672 2253 quo

68 2256 219 2296 testatur
229 2257 407 2310 scriptura
427 2269 489 2294 cor
506 2255 695 2309 illifniffe
709 2255 828 2307 instar
847 2269 986 2295 arenae
1000 2258 1120 2294 maris
1131 2271 1142 2294 .·
1172 2257 1272 2295 Sicut
1287 2259 1391 2294 enim
1408 2270 1539 2295 arenae
1559 2263 1673 2297 maris

68 2310 253 2352 universas
267 2312 367 2350 orbis
380 2324 462 2350 oras
480 2313 714 2359 circundant,
730 2312 779 2350 ita
795 2312 1017 2364 &sapientia
1037 2313 1114 2357 ejus
1133 2314 1264 2349 omnia
1278 2311 1441 2349 humana
1455 2325 1536 2350 non
1547 2313 1672 2353 minus

69 2379 183 2416 quam
203 2366 328 2405 divina
341 2368 537 2419 complexa
562 2367 622 2405 est.
679 2368 722 2405 in
736 2367 956 2419 aphorismis
972 2379 1063 2405 vcro
1075 2366 1158 2413 illis,
1186 2376 1331 2418 praeter
1345 2367 1414 2403 alia
1430 2369 1546 2417 magis
1564 2369 1671 2408 theo-

69 2421 201 2472 logica,
217 2421 375 2474 reperies
394 2420 539 2470 liquido
553 2422 650 2460 haud
665 2434 778 2471 pauca
793 2431 985 2472 praecepta
1001 2424 1036 2458 ὅ(
1052 2423 1198 2459 monita
1211 2420 1329 2458 civilia
1356 2419 1592 2472 praestantissi
1599 2437 1671 2471 ma,

70 2489 113 2514 ex
141 2476 336 2527 profundis
362 2477 517 2528 quidem
539 2476 732 2526 sapientiae
751 2477 1000 2526 penetralibus
1023 2475 1266 2522 scaturientia,
1294 2486 1406 2524 atque
1433 2475 1471 2513 in
1495 2476 1670 2527 amplisli-

68 2544 178 2571 mum
196 2531 380 2571 varietatis
391 2544 566 2584 campum
578 2533 819 2569 excurrentia.
833 2530 1027 2583 Quoniam
1042 2543 1130 2568 veto
1146 2531 1352 2568 doCtrinam
1362 2530 1408 2566 de
1416 2530 1671 2571 occasionibus

67 2584 192 2639 sparsis
215 2586 327 2638 (quac
341 2585 530 2624 doetrinae
545 2586 591 2624 de
612 2585 774 2636 negotiis
792 2588 922 2636 portio
941 2585 990 2622 est
1019 2584 1141 2636 prior)
1172 2587 1270 2623 inter
1292 2584 1491 2623 defidemta
1524 2591 1672 2638 reponi-

67 2652 164 2689 mus,
182 2654 226 2680 ex
242 2654 351 2680 more
371 2642 500 2680 nostro
519 2641 701 2694 paulisper
715 2643 757 2678 in
776 2640 838 2678 illa
853 2641 1143 2678 immorabimur
1159 2654 1167 2677 ε
1197 2640 1325 2691 Atque
1339 2642 1554 2690 exemplum
1579 2643 1671 2688 ejus-

69 2696 170 2744 dem,
189 2708 233 2734 ex
260 2696 479 2746 aphorismis
507 2694 577 2734 five
591 2697 776 2747 parabolis
797 2697 872 2733 illis
893 2696 1115 2733 Solomonis
1129 2694 1378 2746 desumptum,
1401 2707 1670 2747 proponemuS.

71 2752 218 2802 Neque
231 2764 324 2790 vero
348 2752 443 2804 quis,
471 2760 513 2788 ut
532 2751 766 2798 arbitramur,
782 2763 854 2788 nos
872 2750 1010 2788 merito
1030 2749 1199 2798 sugillare
1218 2745 1344 2799 possit,
1364 2751 1468 2798 quod
1494 2763 1537 2788 cx
1564 2751 1672 2802 scrip-

68 2805 210 2854 toribus
228 2805 345 2845 sacrae
374 2806 572 2858 scripturae
587 2805 747 2857 aliquem
771 2806 818 2842 acl
845 2804 992 2842 sensum
1014 2806 1212 2856 politicum
1241 2805 1453 2842 trahamus:
1484 2805 1670 2855 Equidem

69 2861 248 2907 existimo,
278 2859 303 2898 fi
332 2871 495 2900 extarent
514 2861 780 2898 commentarii
796 2860 850 2896 illi
875 2860 1097 2897 Solomonis
1119 2858 1297 2905 ejusdem,
1312 2860 1359 2896 de
1378 2870 1509 2897 natura
1530 2873 1667 2909 rerum,

73 2911 283 2964 (in-quibus
309 2918 355 2954 de
381 2914 490 2954 omni
523 2913 731 2965 vegetabili,
759 2927 779 2952 a
806 2913 936 2951 musco
961 2914 1067 2964 super
1096 2925 1246 2951 mutum
1274 2914 1318 2950 ad
1347 2915 1501 2952 cedrum
1528 2916 1669 2962 Libani,

72 2970 235 3019 itemque
257 2971 305 3009 de
321 2969 554 3016 animalibus,
583 2967 808 3019 conscripfit)
841 2981 923 3006 non
951 2967 1127 3005 illicitum
1155 2968 1236 3014 ess‘c,
1266 2980 1330 3005 eos
1360 2969 1563 3007 secundum
1591 2970 1670 3007 scn-

72 3024 383 3070 liimnaturalem
411 3023 668 3076 interpretari:
697 3024 815 3077 Quod
830 3023 930 3061 idem
951 3024 1062 3061 nobis
1083 3024 1200 3073 ⁷liceat
1227 3026 1265 3062 in
1290 3023 1459 3073 politicis.

124 3079 237 3120 Vor„
268 3081 283 3117 Ι
890 3079 916 3114 Ε
939 3091 956 3115 e
1125 3087 1130 3090 '
1440 3075 1671 3129 Exemplum

1775 197 1870 254 217
