2040 3439
197 280 257 323 06
413 273 514 321 DE
567 266 1064 320 AUGMENTIS
1114 267 1722 315 SCIENTIARUM.
1794 267 1930 316 Lib.I.

195 315 219 341 ,a
1845 342 1850 349 .

388 372 752 409 VERUNTAMEN
777 370 979 419 diligenter
1001 369 1093 406 mihi
1117 379 1226 416 atque
1243 370 1405 417 ingenue
1430 380 1509 405 rem
1534 367 1751 417 aestimanti,
1783 373 1932 409 nullum

333 428 497 463 occurrit
526 426 696 471 dedecus,
740 426 870 471 literis,
913 438 955 461 ex
986 422 1226 461 literatorum
1256 423 1428 460 moribus
1458 433 1639 471 quatenus
1668 424 1752 462 sunt
1786 427 1933 472 literati,

333 480 556 518 adhaerens:
587 477 652 515 nisi
676 479 776 516 forte
792 480 864 515 hoe
885 478 977 515 vitio
993 489 1168 524 vertatur,
1199 477 1318 526 (cujus
1334 478 1617 525 Demosthenes,
1648 480 1800 525 Cicero,
1830 481 1933 519 Caro
1953 489 1958 494 ’

332 535 527 579 secundus,
565 535 717 579 Seneca,
754 533 951 582 pluresque
976 535 1038 570 alii
1064 531 1340 581 insimulantur)
1366 533 1470 580 quod
1495 545 1581 570 eum
1606 534 1814 583 plerunque
1841 545 1935 572 tem-

333 602 425 639 pora
452 590 498 625 de
526 588 661 636 quibus
686 589 830 637 legunt,
869 590 941 625 illis
969 590 1010 626 in
1035 587 1168 636 quibus
1195 589 1338 633 vivunt,
1376 590 1413 625 ὃς
1441 600 1534 636 quae
1559 588 1834 640 praecipiuntur
1862 591 1936 628 illis

333 655 428 692 quae
450 653 623 692 aguntur,
662 641 819 680 meliora
842 641 933 685 finr3
970 645 1068 681 ultra
1089 655 1201 691 quam
1226 654 1290 692 par
1315 642 1363 679 cst
1388 643 1635 690 contendant,
1672 656 1825 681 morum
1854 657 1937 683 cor-

332 699 492 747 ruptelas
515 697 559 734 ad
584 707 869 749 praeceptorum
893 701 929 736 &
951 699 1175 748 dogmatum
1201 697 1432 734 honestatem
1457 697 1642 735 retrahere
1666 701 1702 736 ὅ(
1724 698 1862 750 priseae
1885 700 1934 738 se-

332 754 496 791 veritatis
520 763 646 789 mores
673 754 907 803 temporibus
931 752 1112 790 diss'olutis
1138 755 1355 802 imponere:
1392 753 1451 789 De
1476 765 1555 801 quo
1580 763 1710 791 tamen
1737 754 1885 792 abunde
1913 768 1936 793 e

334 806 493 858 propriis
516 807 686 844 fontibus
705 808 902 845 admoneri
925 809 1085 858 poss'unt.
1143 809 1264 846 Solon
1285 809 1388 844 enim
1410 809 1675 857 interrogatus,
1703 821 1750 845 an
1771 810 1935 858 optimas

333 864 476 899 civibus
497 862 566 899 suis
587 862 738 900 dediss'et
766 863 887 913 leges?
918 863 1113 915 Optimas,
1152 864 1289 912 inquit,
1327 871 1376 899 ex
1399 859 1495 908 illis,
1525 874 1621 914 quas
1643 861 1715 914 zpsi
1728 862 1935 917 volutffem

332 917 513 969 acctpere.
577 919 631 954 Ita
651 919 771 964 Plato,
808 918 937 956 videns
957 920 1209 968 corruptiores
1232 918 1387 954 suorum
1409 919 1548 955 civium
1576 929 1716 963 mores,
1751 931 1865 967 quam
1891 930 1934 958 ut

332 972 409 1023 ipse
435 972 531 1009 ferre
559 972 687 1021 poss'et,
724 973 770 1010 ab
789 975 899 1010 omni
924 974 1079 1026 publico
1099 986 1254 1011 munere
1279 972 1463 1018 abstinuit,
1500 973 1646 1010 dicens:
1685 971 1750 1011 Sic
1764 985 1849 1011 cum
1861 981 1934 1026 pa-

333 1027 416 1063 tria
444 1025 631 1078 agendum
663 1025 735 1078 effe
763 1035 808 1065 ut
837 1040 920 1066 cum
938 1026 1171 1081 parentibus
1185 1047 1198 1071 ,-
1241 1025 1312 1064 hoc
1340 1024 1401 1077 est,
1431 1025 1564 1078 fizaffi,
1604 1039 1679 1065 uon
1707 1027 1902 1066 violentia
1914 1047 1931 1074 3

332 1079 547 1130 obtestando
575 1093 649 1119 non
674 1080 947 1133 contestandos
981 1084 1110 1132 Atque
1139 1084 1212 1120 hoe
1232 1082 1352 1134 ipsum
1381 1093 1485 1120 cavet
1514 1084 1589 1129 ille,
1630 1084 1695 1132 qui
1720 1096 1740 1120 a
1769 1082 1934 1122 consiliis

335 1136 483 1173 Caesari
499 1151 506 1172 :
529 1134 635 1183 Non,
665 1139 801 1185 inquit,
830 1136 885 1175 ad
896 1145 1033 1175 vetera
1048 1135 1229 1188 instituta
1245 1149 1481 1183 revocamus,
1505 1149 1609 1191 quae
1610 1136 1842 1190 jampridem
1855 1151 1932 1177 cor-

332 1191 460 1243 ruptis
473 1188 638 1228 moribus
652 1189 814 1230 ludibrio
820 1192 927 1242 sunt.
979 1194 1118 1230 Cicero
1134 1195 1246 1230 etiam
1262 1192 1370 1236 liujus
1385 1194 1522 1229 erroris
1536 1195 1658 1242 arguit
1675 1195 1866 1231 Catonem
1882 1193 1933 1232 se-

332 1247 512 1292 eundum,
541 1247 676 1284 Attico
696 1247 764 1284 suo
785 1246 945 1285 scribens
957 1265 971 1291 ‚-
1002 1247 1100 1285 Cato
1119 1248 1259 1299 optime
1270 1246 1413 1298 fintit,
1431 1244 1510 1297 fed
1524 1254 1633 1286 nocet
1648 1245 1842 1286 interdum
1862 1249 1934 1287 rei-

324 1297 505 1351 publicae
517 1318 530 1343 ,·
568 1299 739 1353 loquitur
767 1303 879 1349 euim,
918 1309 1105 1355 tanquam
1128 1303 1170 1339 zu
1196 1299 1385 1354 republica
1411 1300 1622 1350 ‘Platonis;
1647 1315 1721 1340 non
1747 1310 1935 1356 tanquam

333 1352 496 1406 infaece
512 1353 679 1394 Romuli.
734 1357 840 1394 Idem
858 1358 998 1394 Cicero
1011 1359 1121 1394 molli
1137 1358 1447 1407 interpretatione
1463 1357 1606 1395 excusat
1619 1357 1934 1407 philosophorum

331 1410 428 1446 dieta
451 1413 488 1447 &
511 1411 658 1448 decreta
678 1412 846 1449 duriori:
876 1410 958 1461 Isti,
987 1411 1124 1461 inquit‘,
1153 1409 1224 1464 1]ss
1231 1418 1499 1464 praeceptores
1521 1407 1568 1454 όν
1587 1410 1770 1464 magistri,
1799 1411 1932 1452 viden-

333 1470 400 1502 tur
423 1463 529 1515 fines
561 1461 766 1514 officiorum
789 1465 908 1518 paulo
939 1465 1100 1519 lougius,
1142 1479 1256 1519 quam
1289 1472 1432 1504 natura
1465 1464 1600 1514 vellet,
1632 1465 1846 1519 protztlffl,
1888 1476 1936 1507 ut

335 1530 420 1556 cum
430 1517 485 1556 acl
491 1518 670 1558 ultimum
684 1521 809 1558 animo
822 1520 1149 1572 conteud4ffernzt.r,
1170 1519 1224 1559 ibi
1237 1528 1379 1568 tamen,
1395 1518 1458 1559 ubi
1469 1528 1628 1574 oportet,
1648 1520 1932 1572 conststeremus.

332 1574 491 1625 Ipsemet
515 1585 642 1613 tamen
662 1578 789 1625 potuit
808 1577 944 1624 dicere,
972 1575 1144 1615 Monitz's
1155 1575 1246 1628 sum
1265 1576 1387 1614 minor
1406 1575 1483 1628 ipse
1505 1576 1623 1614 meis:
1652 1579 1788 1628 quippe
1808 1580 1872 1627 qui
1891 1581 1933 1618 in

332 1630 497 1666 eundem
512 1629 673 1680 lapidem
693 1631 781 1683 ipse,
809 1632 896 1669 lieet
909 1645 991 1670 non
1006 1643 1081 1669 tam
1098 1633 1269 1682 graviter,
1299 1633 1508 1683 impegerit.

383 1684 423 1721 A
431 1696 456 1721 L
467 1696 481 1722 1
492 1697 520 1722 U
529 1697 554 1722 D
563 1686 666 1734 quod
675 1688 827 1724 eruditis
836 1698 917 1724 non
927 1689 1123 1725 immerito
1133 1687 1281 1724 fortass'e
1291 1687 1468 1731 objicitur
1478 1687 1626 1734 vitium,
1639 1686 1854 1733 hujusmodi
1866 1686 1936 1730 est3

331 1740 437 1787 quod
448 1740 588 1777 honori
598 1752 660 1778 aut
672 1743 937 1780 emolumento
949 1743 1150 1792 patriarum
1162 1741 1306 1779 suarum
1317 1751 1379 1779 aut
1392 1742 1667 1788 dominiorum,
1683 1744 1850 1792 proprias
1858 1743 1935 1781 for-

331 1804 441 1831 tunas
456 1805 518 1832 aut
533 1795 706 1845 praesidia
720 1797 1004 1848 postposuerint.
1063 1799 1124 1835 Sic
1139 1798 1243 1834 enim
1261 1796 1532 1834 Demosthenes
1547 1797 1838 1835 Atheniensibus
1852 1797 1936 1845 suis,

331 1847 440 1896 Alea,
461 1852 597 1898 inquit,
619 1849 780 1902 constlia,
789 1849 940 1902 sireHe
954 1850 1188 1899 attendatis,
1210 1850 1386 1904 nonsunt
1399 1848 1482 1903 ejus
1488 1852 1657 1904 generis,
1669 1861 1742 1904 per
1756 1865 1853 1906 quae
1866 1865 1938 1906 ego

331 1904 438 1941 inter
460 1917 533 1942 vos
554 1917 726 1959 magnus,
767 1919 839 1944 vos
862 1907 966 1945 iuter
989 1906 1157 1946 Graecos
1181 1904 1371 1959 despeci‘ui
1380 1905 1475 1957 sitis
1489 1925 1502 1950 ,-
1521 1904 1600 1958 fi'd
1619 1906 1732 1955 talia,
1769 1913 1814 1945 ut
1836 1907 1934 1948 mihi

320 1957 592 2010 saepenumero
612 1973 657 1999 ea
677 1960 787 2000 haud
805 1969 934 1999 tutum
945 1959 1002 2013 stt
1027 1960 1130 2010 dare,
1166 1960 1278 2000 vobis
1296 1968 1427 1999 autem
1438 1960 1589 2014 semper
1614 1960 1712 2000 utile
1734 1961 1927 2015 amplec‘li.

331 2015 441 2051 Haud
464 2016 570 2053 aliter
592 2018 744 2064 Seneca,
781 2017 975 2067 postquam
996 2019 1301 2066 quinquennium
1324 2016 1417 2054 illud
1437 2018 1606 2055 Neronis
1625 2028 1794 2055 aeternae
1813 2020 1935 2057 erudi-

330 2078 462 2106 torum
475 2069 738 2120 magistrorum
752 2072 992 2110 consecrasset
1008 2074 1162 2122 gloriae,
1183 2073 1386 2110 dominum
1401 2071 1521 2119 suum,
1551 2073 1729 2111 omnibus
1744 2074 1818 2117 jam
1832 2074 1933 2124 flagi-

329 2125 392 2160 tiis
408 2123 761 2174 inquinatislimum,
781 2129 897 2165 libere
912 2138 1022 2176 atque
1034 2128 1191 2165 fidenter
1206 2139 1364 2165 monere
1376 2139 1456 2164 non
1472 2127 1617 2174 destitit,
1635 2140 1777 2178 magno
1792 2127 1859 2166 suo
1871 2143 1934 2181 pe-

330 2180 465 2226 riculo,
503 2192 544 2217 ac
572 2181 762 2233 postremo
783 2184 1013 2232 praecipitio.
1070 2185 1206 2231 Neque
1233 2184 1339 2220 aliter
1358 2183 1477 2232 potest
1500 2182 1535 2220 se
1557 2183 1692 2221 habere
1716 2195 1793 2220 res:
1828 2183 1934 2234 fiqui-

330 2234 418 2271 dem
441 2235 646 2274 humanam
667 2248 837 2275 mentem
857 2237 1026 2275 docti-ina
1045 2238 1180 2275 imbuit
1200 2250 1291 2276 vero
1311 2237 1416 2275 sensu
1436 2237 1642 2287 fragilitatis
1666 2238 1761 2285 suae,
1789 2238 1933 2277 instabi-

329 2288 441 2326 litatis
461 2290 648 2338 fortunae,
676 2293 868 2342 dignitatis
882 2294 1030 2330 animae
1050 2295 1087 2330 ὃς
1108 2295 1275 2330 muneris
1297 2292 1373 2334 sui;
1402 2305 1560 2341 quarum
1577 2305 1702 2330 rerum
1727 2306 1929 2343 memores,

330 2346 439 2381 nullo
466 2347 587 2383 modo
611 2346 674 2385 sibi
698 2347 915 2397 persuadere
937 2347 1098 2399 poss'unt,
1124 2347 1298 2386 fortunae
1323 2349 1496 2400 propriae
1516 2348 1817 2398 amplitudinem,
1853 2360 1933 2387 tan-

331 2411 444 2446 quam
466 2401 704 2451 praecipuum
725 2401 789 2440 fibi
812 2403 1002 2440 bonorum
1025 2403 1140 2440 finem
1164 2402 1268 2441 statui
1288 2404 1400 2455 posse.
1456 2405 1579 2455 Quare
1602 2401 1650 2440 fic
1673 2405 1816 2450 vivunt,
1852 2415 1934 2442 tan—

332 2466 444 2501 quam
468 2458 656 2494 rationem
681 2458 861 2496 reddituri
882 2459 968 2495 Deo
993 2460 1030 2495 &
1055 2458 1224 2495 dominis
1246 2458 1325 2508 post
1349 2459 1489 2505 Deum,
1526 2456 1595 2495 five
1620 2458 1766 2507 regibus
1784 2457 1854 2497 five
1880 2473 1934 2497 re-

336 2508 558 2557 buspublicis
574 2513 641 2549 hac
655 2513 841 2554 formula3
857 2510 962 2550 Ecce
975 2510 1048 2550 tibi
1062 2511 1250 2565 lucrifeci,
1267 2525 1347 2551 non
1359 2523 1485 2551 autem
1501 2513 1576 2559 illa,
1591 2509 1697 2550 Ecce
1710 2510 1807 2551 mihi
1820 2512 1933 2554 lucri-

324 2560 424 2613 feci.
480 2564 534 2601 Ar
560 2569 806 2617 politicorum
832 2569 950 2613 turba,
989 2579 1153 2615 quorum
1180 2579 1326 2605 mentes
1349 2569 1389 2604 in
1409 2567 1578 2604 doctrina
1598 2564 1816 2606 officiorum
1836 2572 1873 2607 δ(
1890 2569 1932 2610 in

333 2621 655 2669 contemplatione
664 2623 758 2661 boni
774 2621 985 2661 universalis
1005 2635 1084 2659 non
1101 2621 1185 2659 sunt
1202 2623 1387 2660 institutae
1407 2624 1443 2659 δε
1458 2621 1712 2670 confirmatae,
1740 2626 1872 2662 omnia
1884 2626 1932 2664 ad

333 2672 370 2709 se
395 2673 586 2715 refertum
615 2689 785 2725 gerentes
810 2679 846 2716 se
860 2689 928 2727 pro
947 2688 1081 2714 centro
1095 2678 1241 2724 mundi,
1269 2689 1310 2714 ac
1334 2675 1358 2713 fi
1379 2689 1513 2714 omnes
1528 2676 1647 2715 lineae
1669 2680 1710 2715 in
1726 2678 1761 2716 se
1787 2678 1931 2732 suisque

333 2728 499 2765 fortunis
527 2729 685 2769 debeant
713 2745 961 2773 concurrere;
1000 2733 1047 2769 de
1075 2733 1298 2781 reipublicae
1327 2731 1423 2779 navi,
1461 2734 1550 2770 licet
1578 2733 1855 2783 tempestatibus
1881 2736 1931 2783 ja-

334 2782 441 2828 (iata,
478 2786 697 2833 neutiquam
717 2789 865 2835 soliciti,
897 2787 1016 2825 modo
1038 2785 1117 2838 ipfis
1141 2788 1181 2824 in
1202 2786 1329 2839 scapha
1356 2799 1483 2825 rerum
1506 2787 1654 2826 suarum
1677 2800 1846 2839 receptus
1867 2791 1931 2829 de-

332 2848 393 2874 tur
415 2840 451 2874 &
473 2837 667 2889 effugium.
721 2843 777 2880 At
798 2853 941 2890 contra,
970 2844 1035 2892 qui
1055 2838 1272 2880 officiorum
1297 2843 1476 2891 pondera,
1514 2845 1551 2881 ὃ(
1570 2843 1771 2895 philautiae
1791 2845 1930 2884 limites

331 2892 556 2941 didicerunt,
599 2896 728 2933 munia
757 2897 818 2936 sua
844 2897 1103 2947 stationesque,
1143 2898 1229 2935 licet
1257 2909 1344 2934 cum
1372 2897 1551 2950 periculo,
1589 2908 1754 2936 tuentur.
1811 2901 1929 2952 Quod

333 2945 359 2984 fi
378 2947 476 2984 forte
500 2950 709 2987 incolumes
728 2963 970 3001 permaneant
994 2954 1035 2991 in
1055 2952 1301 2990 seditionibus
1323 2954 1360 2989 δ(
1380 2964 1505 2990 rerum
1529 2954 1815 3002 mutationibus,
1844 2968 1927 2994 non

334 3001 374 3039 id
401 3001 537 3042 artibus
571 3014 632 3042 aut
658 3008 817 3044 versatili
850 3010 1018 3057 ingenio,
1060 3006 1121 3044 sed
1152 3008 1378 3044 reverentiae
1405 3019 1519 3056 quam
1547 3008 1712 3057 probitas
1740 3011 1854 3046 etiam
1881 3011 1928 3048 ab

331 3057 495 3095 hostibus
520 3070 730 3108 extorquet,
757 3063 1012 3100 tribuendum.
1070 3063 1285 3107 Caeterum,
1315 3063 1418 3111 quod
1439 3064 1572 3100 attinet
1588 3063 1633 3100 ad
1655 3062 1740 3101 fidei
1763 3063 1929 3103 constan—

332 3113 423 3150 tiam
449 3115 484 3152 ὅ(
500 3112 713 3154 officiorum
737 3118 973 3166 religionem,
1004 3129 1091 3164 quas
1108 3128 1205 3156 certe
1230 3118 1363 3156 animis
1379 3118 1582 3157 hominum
1606 3117 1734 3156 inserit
1749 3119 1928 3167 eruditio,

329 3176 350 3187 ·’
1739 3183 1929 3226 utcunque
