2040 3439
67 406 1699 522 FRANCJSCJ

236 634 461 692 Batonis
509 636 576 694 de
643 636 700 692 V
743 638 790 693 E
833 639 888 694 R
937 639 993 694 U
1042 639 1094 695 L
1134 642 1191 696 A
1234 641 1305 698 M
1354 644 1378 698 I
1424 645 1503 718 O,

276 828 669 889 Viee-Comitis
722 834 760 889 S
781 852 817 889 A
842 850 883 888 N
907 852 941 890 C
966 851 1004 890 T
1028 852 1046 890 1
1094 834 1147 892 A
1170 854 1202 892 L
1227 854 1258 892 Β
1282 856 1377 896 ΑΝ,
1399 857 1443 911 Ι,

206 1025 278 1069 De
316 1024 549 1087 Dignitate
606 1028 650 1072 ὅτ,
705 1025 981 1090 Augmentis
1025 1027 1052 1071 S
1072 1044 1096 1073 e
1118 1046 1132 1074 1
1155 1046 1178 1074 Ε
1198 1048 1228 1077 Ν
1247 1047 1276 1077 T
1296 1049 1310 1078 1
1331 1047 1356 1078 A
1371 1051 1395 1078 R
1419 1049 1447 1078 U
1469 1049 1518 1090 M,

495 1164 717 1204 LIBER
771 1163 1220 1206 SECUNDUS:

455 1282 572 1327 AD
632 1281 950 1328 REGEM
1009 1284 1261 1331 SUUM.

241 1407 717 1448 ONSENTANEUM
746 1408 864 1446 videri
891 1404 1016 1456 poffit,
1045 1406 1190 1446 tametsi
1220 1422 1301 1447 non
1330 1422 1415 1448 r‘aio
1455 1412 1554 1451 secus
1587 1429 1665 1455 exc

204 1475 210 1478 ·
258 1466 350 1511 niat,
389 1464 469 1511 (rex
492 1464 660 1512 optime)
687 1474 741 1510 ut,
778 1466 843 1511 qui
874 1463 1004 1499 1ob01e
1032 1463 1234 1502 numerosa
1263 1466 1358 1502 aucti
1389 1466 1485 1515 sunt,
1524 1472 1664 1519 quique¹

258 1520 586 1557 immortalitatem
616 1517 718 1555 luam
740 1520 781 1555 in
805 1517 959 1570 posteris
987 1517 1153 1570 ipsorum
1181 1517 1279 1568 quasi
1300 1520 1545 1570 prospectant,
1573 1538 1660 1576 prae

75 1598 79 1602 -
255 1576 408 1612 caeteris
428 1573 649 1610 mortalibus
669 1572 739 1611 snt
759 1572 908 1610 solliciti
929 1574 975 1611 de
988 1571 1079 1611 statu
1093 1574 1309 1612 futurorum
1325 1585 1542 1628 temporum
1567 1594 1576 1621 ς
1607 1592 1662 1618 ut-

52 1641 143 1681 pote
158 1631 306 1681 quibus,
323 1630 405 1667 satis
420 1629 652 1677 intelligunt,
670 1624 881 1665 charissima
895 1629 960 1665 illa
975 1628 1035 1666 sua
1050 1630 1204 1666 tandem
1219 1629 1356 1667 debere
1371 1633 1530 1681 pignora
1546 1636 1661 1673 tranl-

50 1686 167 1726 mitti.
221 1684 435 1723 Elizabetha
462 1685 601 1733 regina,
631 1693 786 1733 propter
814 1685 928 1721 vitam
958 1685 1146 1721 coelibem
1172 1684 1303 1734 hospes
1331 1688 1457 1737 potius
1479 1689 1519 1725 in
1550 1702 1659 1728 mun-

51 1741 245 1790 do,>qua1n
261 1741 386 1778 incola
400 1740 493 1780 fuit3
515 1738 575 1776 sua
590 1739 744 1787 quidem
761 1749 932 1788 tempora
945 1741 1093 1778 ornavit
1105 1742 1141 1776 &
1156 1737 1195 1776 in
1211 1741 1340 1777 multis
1356 1742 1488 1779 beavit.
1529 1745 1660 1783 Enim-

50 1807 141 1834 vero
169 1807 254 1834 tuae
284 1795 472 1841 majestati,
503 1792 579 1843 (cui
594 1795 697 1831 Deus
725 1806 796 1843 pro
821 1795 1055 1843 benignitate
1076 1794 1137 1832 sua
1166 1795 1269 1832 dedit
1286 1805 1344 1832 tot
1366 1796 1546 1849 luscipere
1569 1801 1660 1838 libe-

49 1852 287 1900 ros,di‹g1nos
308 1860 407 1887 certe
427 1851 492 1898 qui
518 1859 555 1886 te
575 1859 810 1901 perpetuent,
840 1848 1017 1898 cujusque
1045 1861 1142 1887 aetas
1166 1852 1228 1900 vig,
1215 1863 1297 1887 ens
1326 1853 1362 1888 ὃ(
1383 1862 1487 1889 torus
1505 1854 1659 1892 foecun-

48 1906 129 1953 dus,
158 1907 278 1943 adhuc
297 1907 419 1955 plures
435 1905 648 1954 pollicetur)
667 1904 929 1952 usquequaque
949 1906 1141 1951 convenit,
1171 1917 1252 1942 non
1274 1906 1395 1943 modo
1410 1917 1517 1944 tuum
1538 1910 1657 1957 (quod

48 1961 150 2010 facis)
177 1961 362 1998 saeculum
392 1961 592 2000 irradiare3
621 1971 751 1997 verum
781 1961 895 1996 etiam
922 1960 967 1996 ad
997 1961 1060 1996 illa
1088 1971 1193 1997 curas
1221 1971 1300 1998 tuas
1322 1962 1531 2008 extendere,
1561 1976 1656 2012 quae

46 2017 233 2054 memoria
248 2017 373 2053 omnis
389 2016 473 2061 alat,
503 2026 671 2063 quaeque
692 2013 766 2066 ipsa
788 2016 976 2051 intueatur
993 2017 1201 2052 aeternitas.
1258 2017 1358 2052 Inter
1375 2029 1416 2052 ea
1437 2028 1562 2054 autem
1586 2019 1656 2064 (ni-

46 2069 245 2109 fistudium
260 2082 389 2108 meum
413 2083 498 2119 erga
523 2071 643 2106 literas
667 2081 729 2106 me
752 2070 861 2117 fallit)
888 2071 944 2106 nil
969 2070 1119 2119 dignius
1142 2069 1191 2106 est
1214 2081 1275 2108 aut
1292 2071 1457 2108 nobilius
1487 2085 1599 2120 quam
1629 2073 1656 2112 si

47 2126 198 2164 dotetur
209 2126 310 2163 orbis
325 2135 507 2163 terrarum
520 2123 978 2173 augmentisscientiarum
992 2125 1118 2162 solidis
1134 2128 1170 2162 ὅ(
1186 2123 1390 2163 fructuosi&
1446 2128 1655 2178 Quousque

46 2184 149 2218 enim
165 2181 318 2219 tandem
345 2181 521 2230 pauculos
536 2179 677 2230 aliquos
693 2179 888 2232 scriptores
904 2180 1101 2218 statuemus
1115 2181 1227 2217 nobis
1242 2191 1422 2228 tanquam
1440 2182 1653 2221 Columnas

45 2237 227 2283 Herculis,
244 2248 291 2272 ne
307 2237 387 2284 plus
403 2236 499 2272 ultra
527 2233 565 2271 in
581 2235 762 2271 doeh-inis
777 2235 1075 2284 progrediamur,
1105 2247 1191 2272 cum
1208 2236 1408 2272 habeamus
1424 2235 1652 2280 majestatem

46 2302 160 2337 tuam,
190 2289 298 2328 instar
314 2290 428 2328 lucidi
444 2293 481 2327 ὃ(
498 2290 651 2338 benigni
667 2287 802 2336 sideris,
831 2289 936 2338 quod
959 2300 1030 2326 nos
1058 2291 1156 2326 inter
1182 2290 1435 2338 navigandum
1460 2292 1650 2331 conducat

44 2349 79 2384 &
95 2346 264 2384 fortunet
281 2348 292 2381 ἓ

96 2400 172 2441 UT
202 2400 313 2450 igitur
329 2400 373 2437 ad
397 2412 476 2437 rem
499 2400 715 2437 redeamus:
745 2399 954 2437 recolamus
980 2399 1054 2444 jam
1075 2400 1111 2436 ὅ(
1136 2397 1335 2435 nobiscum
1364 2401 1648 2450 perpendamus

44 2457 132 2505 quid
148 2458 333 2508 plincipes
348 2457 416 2493 viri
433 2457 582 2504 aliique,
612 2453 802 2502 hucusque
822 2454 867 2490 ad
883 2455 1076 2492 literarum
1092 2451 1424 2516 amplificationem
1441 2457 1649 2505 attulerint,

43 2511 130 2560 quid
159 2509 501 2563 praetermiserint?
543 2512 627 2547 Hoc
654 2520 778 2547 autem
801 2508 915 2558 presse
940 2511 976 2546 ὃ(
1004 2507 1171 2545 distinete
1200 2510 1442 2556 excutiamus,
1472 2510 1648 2550 sermone

43 2567 206 2615 quodam
221 2567 342 2603 aetivo
363 2565 594 2611 &malculo,
623 2565 807 2613 nusquam
834 2564 898 2613 dig
903 2564 1096 2611 rediendo,
1126 2562 1468 2614 nilamplifieandO.
1528 2567 1648 2605 Pona

43 2624 158 2671 turig
161 2623 235 2658 itur
262 2621 366 2668 illud,
398 2621 514 2668 (quod
539 2621 659 2668 quivis
687 2619 883 2667 concedat)
914 2630 1028 2669 opera
1053 2630 1222 2668 quaeque
1249 2617 1408 2657 maxima
1435 2622 1473 2657 ὅ(
1499 2619 1647 2660 difficil-

41 2678 143 2724 lima,
171 2678 229 2714 iel
246 2688 500 2727 praemiorum
530 2675 792 2727 amplitudine,
821 2676 880 2713 vel
909 2673 1154 2712 consiliorum
1183 2673 1380 2725 prudentia
1410 2676 1447 2712 ὅ(
1476 2674 1644 2724 militate,

41 2734 98 2770 vel
127 2733 302 2770 laborum
334 2731 605 2776 conjunctione
632 2729 819 2780 superari:
848 2731 1027 2777 Quorum
1055 2730 1222 2779 primum
1238 2739 1418 2767 conatum
1436 2731 1645 2779 extimulat,

43 2787 244 2824 iecundum
265 2787 438 2835 ambages
459 2788 495 2822 &
515 2797 657 2822 errores
677 2786 793 2831 tollit,
821 2787 976 2822 tertium
1001 2785 1222 2821 mortalium
1237 2782 1426 2833 fragilitati
1451 2784 1643 2824 succurrit.

40 2842 96 2879 At
115 2844 216 2879 inter
244 2842 332 2879 haee
358 2842 428 2878 tria
444 2839 581 2877 merito
596 2842 733 2891 primas
748 2850 864 2885 tenet,
892 2836 1046 2889 Constlii
1056 2835 1270 2891 prudentia
1286 2835 1333 2881 ό
1341 2838 1503 2891 sanitas
1524 2858 1537 2883 ‚-
1567 2841 1643 2880 hoc

41 2897 100 2944 est,
130 2894 620 2934 monstratio&delineatio
648 2894 724 2932 viae
752 2895 868 2931 rectae
896 2897 932 2931 ὅ(
961 2895 1149 2943 proclivis,
1178 2894 1224 2930 ad
1243 2906 1323 2932 rem
1343 2906 1437 2943 quae
1462 2899 1643 2946 proponi-

41 2961 113 2998 tur,
144 2951 404 3010 peragendam.
463 2947 634 2987 Clandus
659 2949 759 2987 enim
790 2949 907 2996 (quod
923 2947 994 2985 dici
1013 2948 1120 2997 solet)
1152 2949 1292 2997 invia,
1322 2950 1546 2987 antevertit
1562 2963 1643 2988 cur—

32 3005 158 3057 sbrem
186 3012 302 3042 extra
335 3006 471 3043 viam.-
511 3007 557 3042 Et
594 3006 783 3042 Solonion
819 3001 1049 3056 perappolite
1081 3005 1126 3041 ad
1155 3005 1251 3041 hane
1279 3016 1386 3041 rem:
1428 3000 1588 3042 Ferrum
1602 3002 1648 3055 ſs

42 3059 207 3111 retafitm
234 3057 378 3153 Ifuerz't,
416 3058 573 3099 viribus
613 3057 795 3100 utendum
835 3056 1077 3112 majoribus:
1111 3056 1214 3112 quod
1246 3071 1339 3099 vero
1366 3057 1484 3112 stper
1516 3060 1643 3096 omnia

95 3117 201 3155 Vot.
234 3117 258 3154 Ι.
815 3115 850 3152 H
884 3125 903 3151 z
1420 3111 1643 3164 praevalet,

1758 234 1822 282 59
