2040 3439
176 238 200 271 2

210 242 234 286 ‘aa

246 223 271 268 8

376 224 475 270 DE
511 185 1016 271 AUGMENTIS
1052 223 1078 267 s
1108 221 1954 271 CIE.NT1ARUM.Lib.V111.

352 320 482 370 plena:
513 320 593 356 Alii
608 328 735 356 autem
757 330 811 355 res
831 316 1040 354 metiuntur
1065 329 1108 354 ex
1133 313 1355 354 difficultate
1376 327 1489 368 atque
1509 330 1621 367 opera
1652 318 1713 356 sua
1743 321 1781 356 in
1812 319 1862 356 eis
1889 322 1960 358 im-

354 374 484 426 penfa5
514 375 593 411 ficri
608 384 786 423 oportere
801 371 1061 417 existimantes,
1086 382 1126 409 ut
1142 382 1328 420 quantum
1354 375 1544 410 moverint
1568 383 1717 411 tantum
1742 376 1856 412 etiam
1877 387 1963 425 pro-

355 428 570 466 moverint:
600 427 688 464 ficut
711 427 846 464 Caesar
865 427 912 463 de
934 427 1086 463 Catone
1100 424 1286 472 Uticensi,
1314 429 1431 464 veluti
1457 438 1520 476 per
1541 430 1719 475 ironiam,
1749 430 1854 476 dixit,
1881 443 1965 469 nar-

358 484 490 530 rando,
518 495 632 532 quam
658 482 863 519 laboriosus
892 482 1006 519 fuerit
1036 483 1074 519 ὅ(
1099 478 1273 527 assiduus,
1309 484 1346 519 ὅ(
1379 481 1479 530 quali
1507 483 1808 533 indefatigabiliS,
1842 497 1965 536 neque

357 549 487 576 tamen
502 539 667 575 multum
683 538 728 574 ad
743 550 825 574 rem
843 551 850 573 ε
881 536 1025 574 Omnia
1055 534 1214 586 (inquit)
1244 548 1379 589 magno
1383 534 1513 587 studio
1531 536 1681 590 agebat.
1737 540 1839 576 Hinc
1852 539 1968 579 ctiam

358 591 451 630 illud
465 591 607 638 accidit,
631 602 672 628 ut
697 591 868 630 homines
891 590 1030 643 saepius
1053 590 1089 628 se
1113 591 1211 641 ipsos
1231 591 1385 633 fallant5
1410 591 1486 640 qui,
1510 591 1535 630 fi
1567 595 1696 642 magni
1723 593 1875 638 alicujus
1902 606 1967 633 aut

357 646 535 685 honorati
554 649 625 684 viri
646 659 758 697 opera
775 658 939 693 utantur,
966 644 1031 684 fibi
1047 647 1178 683 omnia
1201 646 1376 699 prospera
1398 647 1653 699 promittnnt3
1678 661 1767 686 cum
1794 649 1888 687 illud
1908 662 1968 689 ve-

356 710 445 739 'rum
470 701 523 749 sit,
553 714 634 739 non
649 698 889 752 grandissima
904 713 1074 750 quaeque
1088 701 1344 749 instrumenta,
1371 701 1432 739 sed
1447 699 1632 754 aprillima
1646 705 1755 740 citius
1772 707 1806 741 ἃ
1823 703 1967 743 felicius

359 769 455 807 opus
469 757 646 808 quodque
662 757 850 809 perticere.
880 757 1011 806 Atque
1022 757 1066 794 ad
1081 756 1384 794 mathematicam
1399 769 1525 795 veram
1541 760 1657 795 animi
1674 758 1968 807 informandam,

359 825 493 864 operae
509 812 670 865 pretium
687 813 747 860 cst,
761 813 853 850 illud
864 811 1048 864 imprimis
1063 811 1166 849 nosse
1185 814 1221 849 ὅ(
1232 805 1458 864 descriptum
1472 813 1619 859 habere,
1636 814 1727 862 quid
1737 815 1779 850 ad
1793 815 1970 863 cuiusque

359 868 556 905 fortunam
571 866 869 906 constituendam
886 870 921 905 δε
937 867 1240 919 promovendam
1256 866 1421 916 primum
1436 867 1542 905 statui
1561 868 1705 916 debeat,
1735 870 1827 917 quid
1844 868 1970 916 sccun-

360 923 467 970 dum,
484 926 520 960 ὅ(
532 921 578 960 fic
593 923 779 973 deinceps.
816 925 947 961 Primo
959 924 1048 960 loco
1060 923 1369 960 emendationem
1385 923 1501 960 animi
1515 935 1622 973 pono
1632 941 1646 966 ,-
1662 922 1778 961 animi
1787 926 1972 962 enimim—

363 977 578 1030 pedimenta
593 980 629 1016 δε
645 979 773 1016 nodos
784 979 959 1016 tollendo
975 980 1012 1015 ὃ(
1025 979 1317 1028 complanando,
1340 979 1450 1015 citius
1471 980 1572 1015 viam
1586 978 1760 1017 fortunae
1775 981 1973 1029 aperueris,

363 1046 478 1082 quam
494 1034 666 1070 fortunae
681 1033 821 1071 auxiliis
831 1035 947 1071 animi
959 1032 1228 1085 impedimenta
1240 1033 1431 1070 sustuleris.
1464 1034 1640 1072 Secundo
1654 1035 1743 1071 loeo
1753 1046 1843 1085 opes
1854 1047 1974 1084 pono,

364 1092 402 1126 ὅ(
431 1091 626 1141 pecuniam
646 1103 653 1124 :
694 1092 822 1142 Quam
842 1088 995 1126 summo
1012 1090 1102 1125 loco
1123 1087 1273 1139 plurimi
1298 1088 1444 1126 fortass‘e
1461 1091 1745 1136 collocaverint,
1775 1103 1862 1127 eum
1879 1090 1975 1128 tanti

364 1142 407 1181 fit
423 1144 468 1181 ad
489 1146 620 1180 omnia
636 1144 730 1181 usus.-
787 1146 933 1182 Verum
950 1155 1032 1180 eam
1048 1145 1287 1193 opinionem,
1309 1141 1468 1180 similem
1485 1145 1537 1181 ob
1552 1144 1698 1181 causam
1714 1145 1898 1190 abiudico,
1923 1156 1975 1184 at·

352 1210 440 1247 'que
469 1198 736 1236 Machiavellus
762 1199 862 1245 fecit,
892 1200 932 1235 in
957 1200 1026 1235 alia
1055 1211 1108 1244 re,
1133 1211 1215 1236 non
1244 1200 1410 1236 multum
1433 1200 1480 1236 ab
1505 1212 1547 1236 ea
1569 1198 1809 1249 discrepante.
1869 1201 1976 1239 Cum

364 1253 467 1291 enim
488 1264 592 1290 vetus
620 1254 732 1291 fuerit
762 1253 956 1300 sententia,
981 1252 1178 1303 pecuniam
1209 1253 1277 1291 ess'e
1306 1266 1442 1291 nervos
1467 1255 1582 1294 bellii
1622 1256 1686 1292 illc
1712 1266 1856 1303 contra,
1891 1268 1976 1295 non

363 1308 456 1346 alios
474 1308 542 1345 ess'e
562 1321 696 1346 nervos
716 1310 807 1346 belli
835 1307 993 1355 affer-uit,
1021 1320 1137 1357 quam
1158 1320 1294 1346 nervos
1313 1311 1482 1347 virorum
1499 1310 1659 1347 fortium
1678 1313 1716 1347 ὃ(
1735 1310 1971 1350 militarium.

361 1363 509 1401 Eodem
525 1363 674 1413 prorsus
693 1365 815 1402 modo
834 1377 919 1401 vere
935 1363 1036 1401 afferi
1056 1360 1170 1413 poffit
1186 1378 1196 1404 ς
1221 1376 1357 1400 nervos
1375 1363 1562 1412 fortunae,
1581 1377 1664 1402 non
1680 1365 1749 1403 efl'e
1763 1368 1976 1416 pecuniam,

362 1418 425 1456 sed
467 1420 593 1469 potius
628 1421 748 1457 animi
786 1421 893 1466 vires,
928 1417 1138 1468 ingenium,
1166 1418 1445 1467 fortitudinem,
1483 1421 1688 1468 audaciam,
1715 1420 1976 1470 constantiam,

364 1473 683 1521 moderationem,
713 1473 939 1521 industriam,
969 1477 1006 1511 &
1021 1472 1163 1511 similia.
1218 1476 1353 1512 Tertio
1376 1475 1466 1512 loco
1484 1477 1637 1513 colloco
1652 1476 1793 1513 famam
1808 1479 1846 1514 &
1865 1476 1977 1515 existi-

365 1528 577 1566 mationem
588 1547 602 1572 ,·
627 1543 675 1567 eo
696 1529 825 1580 magis,
850 1529 954 1582 quod
986 1530 1051 1566 illa
1081 1530 1192 1567 aestus
1212 1529 1395 1578 quosdam
1418 1531 1592 1576 habeant,
1616 1533 1653 1568 ὅ(
1681 1541 1867 1583 tempora,
1896 1534 1977 1582 qui-

365 1584 435 1621 bus
451 1582 475 1621 fi
490 1597 571 1622 non
587 1596 801 1637 opportune
816 1584 939 1632 utaris,
955 1581 1107 1622 difficile
1128 1587 1199 1622 erit
1218 1597 1299 1621 rem
1319 1586 1359 1622 in
1380 1584 1569 1635 integrum
1591 1584 1791 1624 restituere.
1843 1587 1980 1627 Ardua

365 1641 472 1676 enim
487 1652 555 1687 res,
571 1640 710 1677 famam
725 1642 1030 1692 praecipitantem
1051 1650 1304 1677 retrovertere.
1363 1640 1553 1678 Postremo
1569 1642 1657 1678 loco
1671 1654 1778 1693 pono
1794 1642 1974 1689 honore&

365 1695 413 1731 ad
429 1707 525 1743 quos
540 1705 638 1732 certe
658 1695 803 1733 facilior
822 1696 944 1733 aditus
963 1707 1029 1747 per
1050 1707 1170 1732 unum
1190 1695 1368 1747 quodque
1388 1708 1431 1733 ex
1457 1697 1531 1733 illis
1555 1695 1684 1743 tribus,
1713 1698 1840 1735 multo
1857 1700 1978 1748 magis

366 1761 435 1802 per
455 1751 587 1787 omnia
607 1751 819 1798 conjuncta,
840 1751 969 1791 datur3
998 1762 1112 1799 quam
1140 1748 1166 1787 fi
1194 1750 1240 1787 ab
1262 1750 1471 1788 honoribus
1485 1751 1693 1801 auspiceris,
1722 1754 1759 1789 ὃ(
1773 1752 1913 1791 deinde
1930 1753 1980 1792 ad

365 1803 509 1854 reliqua
532 1808 742 1857 perrexeris,
801 1807 959 1851 Verum,
985 1816 1027 1842 ut
1056 1806 1098 1842 in
1123 1804 1257 1842 ordine
1287 1818 1415 1842 rerum
1444 1805 1625 1843 servando
1649 1806 1747 1844 haud
1772 1819 1906 1859 parum
1927 1809 1979 1846 est

367 1862 572 1906 momenti,
595 1862 647 1898 ita
666 1874 748 1898 non
763 1863 890 1899 multo
909 1862 1034 1897 minus
1056 1859 1096 1896 in
1117 1859 1299 1897 servando
1314 1859 1449 1898 ordine
1469 1863 1676 1911 temporis;
1704 1862 1809 1908 cujus
1836 1875 1979 1913 pertur-

366 1914 521 1952 batione
541 1912 842 1965 frequentiffime
864 1924 1050 1966 peccatur,
1076 1915 1170 1953 dum
1190 1916 1235 1952 ad
1259 1915 1351 1952 fines
1367 1926 1451 1953 tum
1472 1927 1705 1968 properatur,
1733 1919 1888 1968 quando
1908 1920 1979 1958 ini-

364 1970 418 2006 tia
438 1970 552 2007 efi'ent
571 1971 758 2012 curanda5
785 1981 897 2020 atque
924 1970 1017 2008 dum
1038 1970 1085 2006 ad
1113 1972 1275 2008 maxima
1295 1983 1463 2022 quaeque
1487 1971 1612 2010 subito
1629 1972 1858 2021 advolamus,
1883 1986 1980 2023 quae

367 2025 408 2061 in
424 2024 552 2062 medio
567 2024 682 2076 posita
697 2026 794 2074 sunt,
818 2037 959 2064 temere
975 2023 1227 2063 tranfilientes.
1285 2027 1339 2063 At
1365 2027 1460 2064 illud
1485 2028 1581 2065 reete
1596 2026 1819 2078 praecipitur
1835 2042 1846 2070 3
1873 2031 1980 2079 quod

369 2080 607 2129 nuneinstat,
635 2094 797 2131 agamus.

425 2137 708 2174 SECUNDUM
737 2147 978 2189 praeceptum
1006 2136 1067 2183 est,
1108 2146 1148 2174 ut
1181 2148 1384 2184 caveamus,
1417 2150 1466 2175 ne
1494 2139 1613 2175 animi
1645 2139 1803 2190 quadam
1833 2138 1980 2190 magni-

366 2191 512 2237 tudine,
543 2194 579 2229 &
593 2192 846 2241 praefidentia,
869 2193 915 2230 ad
930 2194 1048 2241 magis
1064 2193 1187 2238 ardua,
1213 2204 1329 2243 quam
1347 2205 1413 2244 par
1429 2192 1490 2240 cst,
1515 2193 1703 2235 fcramur3
1733 2206 1829 2233 neve
1848 2193 1888 2233 in
1914 2196 1977 2233 ad-

367 2246 516 2283 versum
544 2246 648 2287 fluvii
670 2246 909 2298 remigemus.
966 2249 1174 2299 Optimum
1190 2246 1292 2285 enim
1319 2245 1518 2286 confilium
1542 2248 1637 2287 circa
1656 2249 1828 2288 fortunas
1852 2249 1977 2288 homi·

370 2312 465 2339 num
484 2315 492 2338 :

935 2354 1053 2398 Fatis
1080 2356 1230 2406 accede,
1257 2356 1424 2413 deisque.

372 2466 727 2520 Circumspiciamus
760 2466 799 2506 in
828 2481 963 2507 omncs
998 2479 1131 2521 partCS‚
1166 2473 1203 2507 ὃ(
1242 2470 1495 2517 observemus,
1530 2483 1603 2520 qua
1627 2483 1683 2508 res
1711 2480 1873 2522 pateant,
1906 2483 1981 2523 qua

370 2522 511 2560 clausae
526 2525 563 2560 &
583 2524 785 2562 obstrue³me
799 2523 882 2571 sint,
909 2537 983 2573 qua
1016 2524 1211 2574 proclives,
1234 2538 1307 2574 qua
1335 2526 1493 2566 arduae3
1521 2537 1643 2574 neque
1669 2527 1808 2565 viribus
1831 2524 1980 2572 nostris,

372 2577 436 2613 ubi
453 2590 531 2614 non
548 2589 648 2629 patet
667 2579 786 2617 aditus
810 2580 1050 2625 commodus,
1080 2580 1288 2617 abutamur.
1344 2582 1429 2617 Hoc
1448 2578 1475 2616 fi
1490 2580 1702 2628 fecerimus,
1732 2583 1769 2618 ὅ(
1790 2594 1812 2618 a
1839 2581 1982 2633 repulsa

374 2643 445 2668 nos
468 2632 656 2671 immunes
671 2635 942 2687 praestabimus,
974 2637 1010 2672 ὅ(
1027 2636 1067 2670 in
1083 2634 1244 2684 negotiis
1257 2633 1408 2684 fingulis
1427 2637 1542 2672 nimis
1557 2636 1623 2672 diu
1639 2649 1720 2674 non
1735 2635 1981 2683 haerebimus,

373 2689 411 2722 &
440 2687 710 2726 moderationis
732 2690 884 2728 laudem
908 2689 1194 2740 reportabimus,
1221 2692 1258 2727 ὅ(
1273 2689 1464 2739 pauciores
1481 2690 1732 2737 offendemus,
1756 2693 1791 2728 &
1815 2691 1981 2740 denique

374 2739 558 2777 felicitatis
582 2745 806 2792 opinionem
823 2744 1076 2794 acquiremuss
1100 2745 1194 2784 dum
1209 2757 1303 2797 quae
1318 2746 1452 2797 sponte
1467 2745 1613 2783 fortaffe
1629 2757 1806 2785 eventura
1820 2745 1982 2794 fuissent,

374 2795 518 2833 nostrae
532 2798 726 2836 industriae
741 2811 888 2850 accepta
903 2800 1082 2838 ferentur.

429 2852 568 2887 TERT
582 2864 593 2889 1
608 2865 634 2890 U
648 2864 680 2890 M
700 2866 940 2904 praeceptum
969 2867 1056 2893 cum
1084 2856 1256 2906 proxime
1279 2856 1522 2907 praecedente
1549 2857 1727 2894 nonnihil
1747 2868 1912 2907 pugnare
1930 2855 1982 2895 vi-

374 2903 451 2942 deri
468 2902 605 2955 poffit3
632 2909 730 2955 licet,
759 2912 876 2961 probe
891 2912 1138 2957 intellectum,
1167 2910 1337 2948 minime.
1396 2912 1492 2948 Illud
1521 2911 1734 2957 hujusmodi
1757 2910 1826 2951 est3
1855 2922 1896 2949 ut
1919 2924 1980 2949 oc-

377 2958 540 2998 cassones
569 2974 649 2998 non
677 2962 820 3013 semper
849 2967 1095 3015 expectemus,
1121 2966 1182 3004 sed
1209 2978 1266 3003 eas
1296 2967 1522 3017 quandoque
1550 2978 1799 3018 provocemus
1820 2967 1982 3004 &duca-

374 3026 470 3052 mus.
540 3017 656 3068 Qlod
695 3019 808 3056 etiam
844 3020 968 3058 innuit
1004 3021 1309 3063 Demosthenem
1344 3021 1665 3072 magniloquentia
1698 3022 1887 3069 quadam:
1919 3019 1982 3059 Et

374 3067 686 3123 quemadmodum
709 3081 900 3126 receptum
925 3072 988 3126 est,
1018 3083 1063 3115 ut
1083 3077 1298 3116 exercitam
1316 3073 1435 3115 ducat
1449 3076 1670 3129 imperator,
1688 3074 1746 3129 sic·
1765 3089 1789 3113 a
1807 3073 1981 3136 cordatis

1871 3142 1977 3169 vtrts
