2040 3439
82 201 246 252 Lib-11.
466 198 795 247 N'OVUM
868 196 1343 249 ORGANUM.

120 270 122 272 ·
162 273 166 276 -
664 307 741 349 Ad
743 307 966 361 fi’cundam,
984 309 1121 362 sexta.

131 386 489 428 PRACTICETUR
513 390 627 424 etiam
653 389 793 425 vitrum
821 389 1049 426 comburens
1072 387 1179 437 super
1211 386 1389 429 calidum,
1422 387 1525 436 quod
1549 399 1630 425 non
1646 389 1688 427 fit

79 443 265 486 radiosum
294 455 356 481 ant
375 442 636 484 luminosum5
666 452 706 480 ut
730 439 820 479 ferri
847 444 885 480 ὅ(
912 442 1041 495 lapidis
1063 441 1238 490 cMefiaCti,
1266 441 1326 479 sed
1350 454 1432 479 non
1452 444 1562 492 igniti
1578 460 1592 485 ,-
1623 451 1686 481 aut

78 509 194 549 aquae
213 496 399 545 ferventis,
428 508 490 535 aut
514 494 718 535 similium:
747 498 784 534 δε
806 507 974 550 notetur,
1004 508 1132 536 utrum
1154 497 1217 536 fiat
1244 507 1492 547 augmentum
1507 499 1544 536 ὅ(
1559 499 1682 536 inten-

77 555 136 593 tio
160 553 282 600 calidi,
311 563 352 591 ut
371 552 410 591 in
429 550 536 590 radiis
560 551 658 589 solis.

623 641 933 703 Aql'fi’cundam',
951 627 1134 698 stptima.

127 719 156 759 P
163 731 194 758 R
202 731 230 758 A
238 731 261 758 c
269 731 293 756 T
303 730 319 756 1
330 731 352 757 c
362 730 386 757 E
395 729 419 755 T
428 730 456 756 U
464 730 494 756 R
516 720 630 757 etiam
651 717 847 770 speculum
854 721 1087 763 ,comburens
1110 721 1151 757 in
1171 718 1325 757 flamma
1342 721 1554 758 communi.

648 810 725 851 Ad
748 814 922 861 tertiam,
951 811 1105 851 ocJava.

126 886 456 925 CoMETARUM
478 883 522 933 (fi
541 888 577 923 ὅτ,
599 884 684 923 illos
710 898 909 924 numerare
929 887 1028 924 inter
1052 895 1221 924 meteora
1250 884 1415 935 libuerit)
1446 899 1526 924 non
1555 889 1682 938 depre-

71 939 248 979 henditur
272 939 442 978 constans
464 950 528 977 aut
558 940 768 978 manifestus
792 941 942 979 effeetus
969 942 1009 978 in
1038 940 1214 990 augendis
1243 942 1438 979 ardoribus
1459 944 1562 989 anni,
1594 943 1680 980 licet

71 993 245 1038 siccitates
273 995 412 1045 saepius
440 995 529 1032 inde
557 995 659 1043 sequi
682 1005 834 1034 notatae
861 995 942 1033 fint.
1001 997 1222 1048 Quinetiam
1250 996 1382 1042 trabes,
1413 998 1450 1033 ὃς
1479 998 1682 1035 columnae

71 1049 225 1098 lucidae,
253 1052 292 1087 &
314 1049 509 1097 chasmata,
547 1052 584 1086 ὃς
605 1049 748 1096 fimilia,
769 1062 945 1100 apparent
961 1050 1100 1102 saepius
1113 1052 1350 1102 temporibus
1375 1051 1549 1100 hybernis
1566 1061 1681 1101 quam

68 1103 230 1147 aestivi53
259 1108 296 1143 ὃς
311 1107 473 1143 maxime
499 1116 564 1155 per
581 1102 824 1144 intcnfiffima
844 1106 997 1156 frigora,
1030 1105 1092 1143 sed
1111 1106 1311 1152 conjuncta
1339 1118 1426 1144 cum
1447 1104 1678 1145 siccitatibus.

71 1159 242 1198 Fulmina
264 1171 392 1197 tamen
416 1162 452 1197 ὃς
481 1159 758 1198 coruscationes
786 1164 823 1198 ὅ(
849 1163 1018 1199 tonitrua
1047 1172 1132 1199 raro
1156 1160 1334 1199 eveniunt
1354 1161 1503 1210 hyeme,
1535 1161 1596 1200 sed
1613 1163 1680 1199 sub

66 1225 217 1265 *tempus
245 1227 475 1265 magnorum
512 1215 714 1252 fervorum.
771 1217 828 1253 At
855 1217 976 1253 stellae
1015 1216 1117 1264 (quas
1145 1217 1295 1263 vocant)
1339 1217 1525 1264 cadentes,
1558 1217 1672 1255 existi-

69 1280 222 1309 mantur
248 1272 362 1319 vulgo
390 1271 507 1319 magis
531 1270 695 1307 constare
713 1283 756 1307 ex
776 1269 911 1309 viscosa
934 1270 1055 1319 aliqua
1083 1274 1236 1308 materia
1257 1270 1446 1320 splendida
1461 1273 1498 1309 ὅ(
1513 1271 1676 1319 accensi),

69 1336 184 1374 quam
199 1324 268 1363 effe
282 1336 434 1363 naturae
448 1326 578 1375 igneae
593 1323 772 1363 fortioris.
832 1327 903 1364 Sed
926 1327 973 1363 de
1001 1327 1075 1363 hoc
1101 1327 1310 1375 inquiratur
1329 1327 1496 1364 ulterius.

655 1417 730 1459 Ad
753 1425 945 1472 quartam,
975 1431 1085 1458 nona.

123 1489 148 1528 S
160 1501 189 1527 u
201 1501 265 1527 NT
294 1491 478 1539 quaedam
493 1491 781 1539 coruscationes,
809 1503 904 1540 quae
918 1492 1097 1542 praebent
1120 1491 1263 1536 lumen,
1280 1489 1436 1529 sednon
1452 1501 1564 1529 urunt
1581 1492 1678 1529 :Eae

67 1555 160 1583 vero
179 1543 324 1595 semper
351 1545 447 1583 fiunt
476 1544 551 1584 fine
579 1548 738 1584 tonitru.

637 1636 711 1676 Ad
735 1639 924 1692 quintam,
953 1637 1111 1677 decima.

113 1714 520 1757 ‚ERUCTATIONES
554 1717 592 1753 ὅ(
615 1713 828 1763 eruptiones
857 1713 1357 1752 flammaruminveniuntur
1373 1726 1454 1752 non
1478 1715 1603 1752 minus
1632 1716 1673 1752 in

69 1770 286 1818 regionibus
307 1769 452 1818 frigidis
473 1782 585 1817 quam
615 1770 762 1810 calidis3
793 1779 833 1806 ut
858 1769 895 1805 in
933 1768 1088 1806 Issandia
1113 1771 1149 1806 δε
1182 1770 1463 1806 Groenlandia:
1493 1771 1672 1818 quemad-

67 1825 229 1861 modum
252 1825 288 1860 ὃς
316 1825 464 1860 arbores
484 1837 549 1875 per
576 1826 746 1873 regiones
775 1824 924 1872 frigidas
959 1822 1074 1872 magis
1100 1824 1184 1860 sunt
1208 1825 1434 1874 quandoque
1464 1824 1671 1861 inflamma-

67 1879 173 1926 biles,
202 1881 237 1915 &
263 1877 382 1927 magis
409 1877 531 1929 piceae
551 1891 593 1916 ac
608 1877 797 1924 refinosae‚
826 1890 938 1928 quam
963 1890 1026 1926 per
1048 1880 1218 1927 regiones
1234 1878 1367 1915 calidas
1381 1896 1393 1919 ,-
1427 1889 1466 1916 ut
1482 1878 1521 1915 fit
1542 1881 1581 1915 in
1597 1879 1672 1915 abi-

67 1943 139 1979 ete,
173 1932 275 1983 pinu,
303 1936 336 1969 &
357 1934 534 1981 reliquis:
564 1935 707 1972 Verum
734 1935 775 1970 in
802 1934 901 1980 quali
932 1931 1000 1970 situ
1035 1935 1071 1969 δε
1088 1945 1217 1970 natura
1235 1932 1300 1969 soli
1327 1933 1542 1978 hujusmodi
1564 1945 1670 1982 erup-

65 1989 192 2027 tiones
215 1988 296 2025 t‘ieri
324 1987 480 2035 soleant,
514 1999 555 2026 ut
578 1985 760 2040 possimus
781 1984 1018 2025 affirmativae
1049 1988 1270 2036 subjungere
1286 1990 1508 2037 negativam,
1525 2000 1606 2025 non
1622 1993 1671 2026 la-

67 2043 115 2080 tis
137 2041 341 2092 quaesitum
363 2042 422 2080 est.

618 2133 694 2175 Ad
702 2133 876 2186 fixtam,
905 2133 1114 2173 undecima.

120 2207 289 2245 OMNIS
302 2207 452 2245 flamma
467 2219 649 2258 perpetuo
665 2209 712 2246 est
727 2208 842 2246 calida
858 2210 973 2257 magis
989 2219 1051 2246 aut
1067 2212 1203 2256 minus‚
1212 2221 1334 2258 neque
1344 2208 1508 2247 omnino
1523 2207 1671 2254 subjun-

65 2262 167 2310 gitur
184 2264 363 2312 negativa.
381 2263 427 2300 Et
442 2275 567 2301 tamen
585 2264 751 2301 referunt
766 2263 892 2313 ignem
909 2264 1066 2310 fatuum,
1084 2267 1211 2312 (quem
1222 2267 1384 2311 vocant‚)
1400 2264 1464 2315 qui
1478 2267 1591 2301 ctiam
1607 2265 1670 2300 ali-

65 2317 219 2364 quando
230 2316 448 2367 impingitur
459 2321 498 2355 in
511 2320 705 2368 parietem,
717 2331 797 2355 non
808 2320 972 2356 multum
988 2319 1121 2356 habere
1131 2320 1282 2357 calori53
1293 2319 1438 2356 fortass‘e
1447 2318 1552 2356 instar
1565 2319 1668 2356 flam-

64 2383 147 2408 mae
163 2371 305 2421 spiritus
315 2374 404 2417 vini,
415 2385 507 2421 quae
523 2374 688 2410 clemens
703 2372 841 2410 &lenis
857 2372 916 2410 cst.
960 2375 1028 2410 Sed
1040 2375 1160 2411 adhuc
1170 2373 1289 2411 lenior
1297 2374 1442 2412 videtur
1453 2386 1494 2411 ea
1503 2374 1672 2420 flamma,-

65 2438 159 2477 quac
175 2429 214 2464 in
236 2429 431 2464 nonnullis
452 2426 608 2465 historiis
624 2428 705 2465 fidis
721 2430 756 2465 &
771 2429 941 2476 gravibus
967 2427 1155 2466 invenitur
1177 2427 1372 2479 apparuisse
1389 2430 1485 2465 circa
1500 2427 1616 2480 capita
1631 2431 1668 2466 &

65 2493 192 2519 comas
211 2494 416 2533 puerorum
438 2485 471 2519 ὃ(
489 2485 678 2532 virginum
696 2496 705 2523 3
736 2495 828 2531 quae
857 2484 966 2520 nullo
982 2484 1101 2520 modo
1115 2494 1243 2520 comas
1259 2484 1446 2529 adurebat,
1468 2483 1526 2520 sed
1543 2482 1668 2520 molli-

63 2545 121 2572 ter
134 2538 276 2574 circum
296 2550 351 2574 eas
367 2538 582 2587 trepidabat.
601 2538 730 2586 Atque
744 2534 991 2574 certiffimnm
1008 2540 1066 2584 cst,
1083 2537 1177 2575 circa
1187 2550 1325 2586 equum
1339 2540 1378 2574 in
1391 2538 1522 2575 itinere
1540 2538 1668 2575 sudan—

64 2600 155 2635 tem,
174 2592 289 2629 notin
305 2595 340 2629 ὅ(
358 2592 443 2629 suda
461 2593 684 2644 tempestate,
701 2592 901 2643 apparuisse
917 2596 1143 2641 quandoque
1163 2593 1462 2630 cornicationcm
1478 2593 1669 2642 quandam

64 2645 199 2694 absque
215 2646 406 2683 manifesto
425 2649 558 2684 calore.
597 2647 725 2697 Atque
746 2646 867 2698 paucis
887 2648 1021 2684 abhinc
1044 2649 1150 2684 annis
1172 2644 1408 2684 notissimum
1442 2647 1502 2695 est,
1532 2649 1568 2684 &.
1596 2660 1669 2697 pro

63 2702 248 2740 miraculo
266 2700 363 2750 quali
385 2702 564 2748 habitum,
594 2701 771 2750 gremiale
804 2702 991 2747 cujusdam
1022 2704 1163 2753 puellae
1188 2703 1302 2750 paulo
1331 2713 1480 2740 motum
1510 2714 1571 2739 aut
1606 2703 1669 2739 fri-

64 2765 188 2793 catum
213 2756 436 2796 cot·t11c.ill‘e;
467 2758 569 2804 quod
599 2756 745 2793 sortalse
771 2756 908 2794 factum
925 2755 972 2793 est
988 2758 1040 2793 ob
1054 2759 1205 2793 alumen
1220 2768 1281 2793 aut
1303 2756 1402 2803 sales,
1432 2759 1566 2805 quibus
1588 2770 1664 2807 gre-

65 2810 174 2847 miale
200 2809 356 2848 tineinn]
380 2822 466 2854 erat,
497 2813 608 2861 paulo
642 2807 789 2847 crassius
820 2812 1010 2848 haerentia
1035 2814 1071 2848 o<
1095 2812 1301 2857 incrustata,
1332 2815 1368 2849 δε
1395 2824 1436 2850 ex
1469 2811 1665 2849 fricatione

63 2862 184 2901 fracta.
243 2867 368 2914 Atque
387 2863 634 2902 certissimum
650 2866 710 2912 est,
740 2865 946 2902 saccharum
964 2877 1080 2903 omne
1109 2865 1176 2903 live
1199 2863 1406 2912 conditum,
1426 2868 1479 2913 (ut
1501 2869 1662 2911 vocant,)

64 2915 132 2955 five
153 2917 313 2971 fimplcx,
348 2921 468 2957 modo
498 2920 538 2957 fit
558 2921 698 2966 durius,
727 2921 767 2956 in
791 2921 951 2957 tenebris
966 2921 1124 2957 fractum
1145 2932 1206 2958 aut
1225 2923 1379 2958 cultello
1396 2921 1573 2971 scalptum
1603 2934 1665 2958 eo—

63 2971 216 3011 ruscare.
278 2974 454 3013 Similiter
474 2987 568 3023 aqua
582 2977 724 3011 marina
743 2978 777 3012 ὃς
795 2974 891 3020 salla,
914 2976 1028 3012 noctu
1050 2976 1238 3012 interdum
1262 2978 1450 3014 invenitur
1468 2978 1577 3013 remis
1591 2977 1663 3012 for-

62 3027 150 3063 titer
164 3031 323 3079 percui'lli
337 3030 542 3067 coruscare.
599 3030 730 3079 Atque
750 3031 863 3066 etiam
881 3029 918 3066 in
945 3030 1217 3079 tempestatibus
1235 3030 1364 3082 spuma
1380 3034 1489 3068 maris
1517 3030 1663 3067 sortiter

63 3082 197 3130 agitata
216 3085 329 3123 nothi
349 3084 537 3127 coruscat3
566 3097 678 3136 quam
707 3083 1004 3123 coruscationem
1038 3085 1190 3136 Hispani
1220 3088 1442 3135 pulmonem
1475 3087 1662 3121 marinum

116 3137 231 3177 VOL.
250 3140 276 3177 I.
905 3140 926 3176 S
954 3138 976 3175 s
1517 3150 1668 3177 vocant.
