2040 3439
82 192 331 258 Τ’(’ΣειμἸΧᾹ
392 194 490 239 DE
539 195 1030 245 AUGMENTIS
1083 199 1683 253 SCIENTIARUM.

105 295 150 329 ‘in
167 292 302 329 eodem
325 293 485 340 planeta,
514 301 598 329 tum
621 292 668 329 de
689 304 868 330 motuum
883 295 1152 333 consecutione
1168 297 1213 333 ab
1237 298 1383 335 oriente
1400 299 1439 336 in
1461 301 1714 352 occidentem,

106 357 171 384 aut
195 360 216 383 e
240 356 384 392 eontra,
414 347 535 394 deque
550 344 882 396 progrcssionibus,
910 351 1128 388 stationibus
1145 354 1181 389 δε
1204 354 1600 403 retrogradationibus,
1629 370 1713 397 tum

106 403 154 440 de
174 412 350 439 motuum
367 400 579 439 sublatione
594 404 631 439 <Sc
646 401 741 449 casu,
770 416 835 452 per
855 417 1014 454 apogaea
1027 408 1064 442 &
1077 405 1264 457 perigaea3
1294 418 1375 445 tum
1393 409 1438 446 de
1455 422 1632 449 motuum
1649 416 1714 451 ob-

106 458 327 505 liquatione,
355 457 414 494 vel
442 469 508 507 per
537 457 648 508 spiras
667 456 702 494 sc
719 458 842 495 versus
870 462 1040 512 tropicos
1066 462 1231 499 texendo
1260 465 1296 500 ὃς
1321 466 1537 513 retexendo,
1567 468 1626 505 vel
1649 481 1714 518 per

105 509 342 558 sinuationcs,
373 522 462 559 quas
476 511 657 548 dracones
670 524 826 554 vocant3
855 524 940 552 tum
955 516 1001 552 de
1016 516 1111 565 polis
1121 520 1369 564 rotationum,
1385 531 1450 556 cur
1466 521 1580 570 magis
1591 524 1630 560 in
1646 527 1712 562 tali

105 577 210 618 parte
225 569 323 604 coeli
337 564 394 603 fiti
411 564 493 611 sint,
514 578 628 614 quam
646 568 685 603 in
707 568 797 609 alia3
825 579 906 606 tum
923 571 969 607 de
985 572 1203 620 alligatione
1219 574 1458 620 quorundam
1476 577 1711 624 planetarum

104 621 150 658 ad
170 622 378 658 distantiam
402 631 542 658 certam
567 634 586 658 a
611 622 714 659 sole:
743 624 874 670 Hujus,
903 627 1070 673 inquam,
1099 629 1246 675 generis
1273 626 1464 678 inquilitio
1487 634 1544 669 vix
1571 643 1713 672 tentata

104 673 163 723 est,
195 675 314 713 sedin
332 675 605 713 mathematicis
627 688 778 715 tantum
802 679 1124 718 observationibus
1151 684 1187 718 ὃ(
1211 681 1590 724 demonstrationibus
1614 690 1712 728 insu-

103 731 219 769 datur.
276 732 350 768 Eae
371 742 496 768 autem
520 730 733 780 ostendunt,
764 735 964 782 quomodo
993 735 1081 772 haee
1111 739 1242 772 omnia
1268 739 1462 786 ingeniose
1491 744 1712 782 concinnari

102 788 140 824 ὅτ
164 785 333 823 extricari
352 783 505 835 possint,
534 799 616 824 non
640 790 842 836 quomodo
862 801 947 826 vere
968 792 1007 826 in
1024 800 1155 827 natura
1171 790 1354 828 subsistere
1373 808 1379 828 :
1409 795 1457 831 Et
1480 808 1607 834 motus
1633 811 1712 837 tan—

100 851 184 878 tum
199 852 426 892 apparentes,
455 844 492 879 &
506 843 721 879 machinam
737 843 905 894 ipsorum
922 847 958 881 &
973 844 1154 891 fietitiam,
1172 849 1209 883 ὃ(
1222 847 1267 883 ad
1281 849 1460 898 placitum
1481 851 1709 902 dispositam,

100 908 182 933 non
197 896 319 934 causas
339 897 430 946 ipsas
453 900 490 934 ὃ(
511 896 708 935 veritatem
731 911 858 936 rerum
884 900 1065 936 indicant.
1124 903 1314 952 Quocirca
1343 905 1441 940 male
1469 906 1708 956 astronomia,

100 952 219 1000 qualis
238 963 342 989 nunc
361 952 528 999 habetur,
557 953 656 990 inter
680 963 773 990 artes
801 954 1092 1001 mathematicas,
1123 967 1204 992 non
1227 954 1302 993 sine
1326 956 1524 1006 dignitates
1541 961 1623 999 suae
1641 964 1710 1001 dis-

99 1007 252 1056 pendio,
282 1018 524 1048 numeratum
554 1020 640 1045 cum
667 1009 799 1045 debeat
822 1008 958 1060 potiuS,
988 1007 1013 1046 fi
1042 1011 1209 1062 proprias
1232 1022 1351 1060 partes
1368 1015 1466 1050 tueri
1489 1017 1590 1064 velit,
1620 1030 1709 1056 con-

99 1062 198 1099 stitui
222 1060 389 1113 physicae
416 1074 498 1114 pars
528 1061 625 1112 quasi
654 1060 897 1101 nobiliss'ima.
954 1065 1183 1117 Quicunque
1209 1068 1313 1103 enim
1348 1067 1641 1117 superlunarium
1672 1077 1709 1112 ὃς

100 1116 356 1156 sublunarium
380 1117 538 1155 comicia
553 1118 716 1156 divortia
736 1118 1020 1171 contempserit,
1050 1123 1279 1159 &materiae
1304 1125 1488 1172 appetitus
1514 1129 1550 1163 δ(
1573 1125 1709 1176 passio-

98 1183 164 1209 nes
192 1170 352 1209 maxime
381 1173 581 1210 catholicas
615 1174 723 1222 (quae
752 1176 791 1211 in
815 1185 976 1228 utroque
998 1176 1119 1224 globo
1142 1176 1282 1214 validae
1310 1178 1407 1226 sunt,
1437 1181 1474 1217 &
1499 1181 1708 1222 univerfita-

97 1236 179 1265 tem
204 1238 330 1265 retum
359 1228 668 1277 transverberant)
695 1230 790 1266 bene
813 1228 1062 1281 perspexerit;
1093 1233 1122 1268 is
1145 1243 1187 1268 ex
1211 1231 1284 1269 illis
1308 1244 1404 1282 quae
1419 1235 1515 1286 apud
1531 1249 1601 1274 nos
1630 1251 1705 1276 cer-

98 1292 257 1330 nuntur,
295 1283 526 1320 luculentam
542 1286 661 1335 capiet
684 1284 730 1321 de
750 1285 859 1322 rebus
878 1285 1092 1323 coelestibus
1117 1285 1459 1330 informationem3
1489 1293 1525 1328 ὃ(
1549 1293 1594 1328 ab
1616 1291 1659 1330 iis
1683 1307 1704 1332 e

97 1342 242 1386 cohtra,
273 1349 368 1386 quae
388 1340 428 1375 in
452 1339 565 1375 coelo
584 1338 691 1386 finnt,
722 1338 819 1377 haud
838 1351 951 1389 pauca
971 1341 1017 1378 de
1042 1341 1210 1379 motibus
1231 1342 1484 1391 inferioribus,
1515 1346 1578 1394 qui
1602 1360 1706 1386 nunc

98 1392 228 1440 latent,
256 1392 459 1444 perdiscet3
488 1405 569 1430 non
584 1403 732 1432 tantum
747 1405 930 1442 quatenus
946 1396 983 1432 hi
1006 1396 1051 1432 ab
1066 1397 1140 1432 illis
1156 1408 1343 1446 regantur,
1373 1398 1434 1436 sed
1449 1411 1630 1449 quatenus
1646 1404 1706 1445 ha-

97 1448 210 1484 beant
237 1443 421 1498 passiones
449 1460 685 1486 communes.
741 1450 1003 1502 Quamobrem
1033 1450 1130 1487 hane
1154 1462 1299 1500 partem
1325 1453 1581 1503 astronomiae,
1611 1471 1706 1505 quae

95 1500 242 1554 phyfica
273 1501 333 1550 est,
363 1501 559 1540 defidcrari
582 1503 782 1542 statuimus.
838 1505 930 1541 Eam
956 1504 1226 1543 astronomiam
1255 1507 1377 1544 vivam
1409 1511 1704 1562 nominabimus,

95 1557 141 1594 ad
161 1556 412 1595 differentiam
437 1559 543 1596 bovis
565 1559 665 1596 illius
685 1559 903 1597 Promethei
929 1559 1169 1607 suffarcinati,
1199 1563 1236 1599 &
1256 1561 1504 1602 solummodo
1523 1566 1639 1616 figura
1655 1580 1707 1606 te-

95 1623 167 1650 nus
183 1613 299 1650 bovis.

107 1689 110 1691 ‡
147 1668 220 1704 AT
241 1666 438 1717 astrologia
458 1669 578 1705 multa
600 1667 856 1721 superstitione
881 1669 1017 1707 referta
1040 1670 1099 1717 est,
1129 1681 1171 1709 ut
1198 1670 1255 1709 vix
1284 1671 1423 1722 aliquid
1445 1673 1575 1713 sanum
1600 1679 1640 1714 in
1664 1692 1706 1716 ca

93 1725 308 1772 reperiatur.
363 1724 550 1761 Attamen
579 1737 661 1761 eam
686 1724 808 1774 potius
831 1726 1120 1777 expurgandam,
1150 1738 1264 1775 quam
1285 1728 1433 1777 prorsus
1456 1730 1705 1775 abjiciendam

75 1773 382 1815 'ess‘e'e'ensemus
437 1779 553 1831 Quod
578 1778 602 1816 si
622 1782 704 1829 quis
729 1781 825 1818 hanc
851 1780 1044 1817 scientiam
1070 1784 1208 1819 nonin
1230 1785 1375 1820 ratione
1391 1795 1452 1822 aut
1472 1791 1722 1837 contempla-‘

91 1829 261 1870 tionibus
282 1832 448 1882 physicis,
477 1834 539 1871 sed
564 1836 603 1871 in
627 1847 732 1872 caeca
761 1837 999 1884 experientia,
1029 1838 1065 1873 ὅ(
1094 1838 1350 1889 complurium
1382 1838 1614 1878 saeculorum
1636 1845 1702 1880 ol)-

92 1887 300 1925 servatione
323 1889 517 1926 fundatam
542 1890 610 1927 effe
631 1891 849 1936 contendat,
886 1892 1048 1939 ideoque
1071 1894 1264 1929 rationum
1288 1892 1521 1944 physicarum
1545 1909 1700 1937 examen

92 1944 246 1990 rejiciat,
275 1944 378 1992 quod
400 1945 584 1991 jastabant
602 1945 806 1982 Chaldaei:
839 1948 867 1982 is
888 1948 1018 1982 eadem
1040 1958 1153 1996 opera
1177 1950 1213 1984 δε
1236 1951 1387 1997 auguria
1411 1962 1572 1998 revocet,
1603 1955 1638 1989 «Sc
1668 1967 1701 1991 a-

91 1997 327 2049 ruspicinam,
356 2001 393 2036 ὃς
417 2010 509 2047 exta,
539 2002 577 2037 &
603 2000 824 2050 omnigenas
840 2001 979 2038 fabulas
995 2001 1202 2050 deglutiat:
1233 2005 1336 2041 Nam
1366 2007 1402 2040 ὅ(
1433 2005 1522 2042 haee
1556 2010 1699 2055 onmia,

90 2063 133 2091 ut
156 2052 322 2091 diutinae
345 2056 603 2104 experientiae,
633 2058 670 2093 ὃς
693 2069 756 2108 per
781 2068 912 2093 manus
932 2056 1088 2093 traditae
1114 2056 1340 2109 distiplinae,
1371 2059 1572 2097 distaminzt
1597 2062 1701 2101 fuisse

90 2109 348 2146 afferebantur.
405 2111 490 2147 Nos
518 2122 609 2147 vero
633 2112 669 2147 δε
699 2121 739 2148 ut
765 2109 932 2163 physicae
955 2113 1188 2162 portionem,
1225 2112 1460 2163 astrologiam
1486 2118 1699 2165 recipimus,

89 2166 128 2201 ὃ(
156 2176 237 2200 non
257 2165 339 2215 plus
363 2163 407 2210 ei,
437 2177 550 2213 quam
572 2167 668 2203 ratio
689 2169 725 2203 ὃ(
741 2178 864 2204 reruni
889 2168 1077 2204 evidentia
1092 2168 1280 2215 concedit,
1309 2170 1510 2207 tribuimus
1531 2185 1542 2211 5
1571 2172 1700 2222 demp-

88 2220 138 2255 tis
158 2218 473 2268 superstitionibus
502 2222 538 2257 ὅ(
555 2223 795 2258 commentis.
854 2222 913 2260 Ut
941 2234 1033 2259 vero
1050 2234 1129 2258 rem
1151 2224 1265 2273 paulo
1280 2223 1456 2261 attentius
1473 2226 1699 2278 introspicia-

89 2285 199 2315 mus3
228 2275 366 2324 primo,
394 2286 507 2325 quam
537 2276 649 2312 inane
679 2277 771 2313 illud
797 2287 1091 2315 commentum3
1119 2278 1223 2324 quod
1248 2275 1380 2327 finguli
1402 2281 1571 2329 planetae
1598 2281 1697 2319 vicis-

88 2326 154 2365 fim
174 2341 242 2381 per
260 2328 371 2365 horas
391 2340 563 2379 regnent,
593 2341 633 2367 ut
650 2330 767 2380 spatio
782 2329 912 2379 viginti
930 2341 1090 2378 quatuor
1107 2331 1298 2378 horarum,
1328 2345 1440 2382 regna
1470 2334 1530 2372 sua
1558 2345 1617 2372 ter
1645 2350 1698 2374 re-

89 2393 230 2434 petant,
259 2393 405 2434 praeter
420 2385 529 2421 horas
549 2396 622 2422 tres
643 2385 1003 2435 super-munerarius?
1038 2385 1222 2423 Attamen
1243 2387 1316 2424 hoc
1339 2400 1604 2428 commentum
1630 2405 1698 2429 no-

90 2439 148 2476 bis
172 2436 392 2477 divisionem
420 2440 680 2477 hebdomadae
709 2441 803 2487 (rem
831 2450 910 2476 tam
934 2439 1126 2488 antiquam
1150 2443 1186 2478 ὅ(
1207 2452 1284 2478 tam
1308 2443 1381 2479 late
1402 2448 1603 2493 receptam)
1635 2460 1695 2498 pc-

89 2495 199 2545 perit,
227 2504 269 2530 ut
290 2505 333 2530 ex
346 2495 597 2533 alternatione
617 2496 767 2533 dierum
784 2492 1077 2532 manifestissime
1098 2506 1196 2545 patet
1209 2514 1221 2538 ‚-
1252 2508 1338 2534 cum
1363 2499 1402 2534 in
1418 2500 1605 2552 principio
1621 2503 1696 2540 diei

90 2548 288 2598 sequentis,
318 2560 449 2598 regnet
464 2549 607 2600 semper
622 2552 781 2600 plancta,
809 2564 830 2588 a
849 2551 998 2600 planeta
1013 2552 1148 2600 prioris
1163 2551 1237 2588 diei
1254 2562 1424 2599 quartu33
1453 2565 1608 2606 propter
1623 2567 1698 2594 tres

87 2604 169 2641 illas
191 2604 310 2650 horas,
339 2616 427 2652 quas
455 2605 615 2643 diximus
640 2605 987 2656 supernumerariaS.
1046 2607 1233 2652 Secundo,
1263 2619 1332 2659 pro
1346 2619 1572 2648 commento
1597 2623 1698 2649 vano

90 2660 242 2704 rejicere
258 2671 338 2695 non
358 2659 584 2708 dubitamus,
613 2660 824 2698 doctrinam
841 2660 886 2697 de
906 2661 1136 2698 thematibus
1158 2662 1268 2708 coeli,
1297 2662 1341 2698 ad
1362 2664 1498 2714 puncta
1513 2669 1696 2717 temporis

90 2724 201 2760 certa,
230 2724 318 2750 cum
338 2713 598 2752 distributione
617 2716 848 2756 domorum3
878 2715 969 2766 ipsas
998 2715 1137 2753 scilicet
1162 2716 1379 2766 astrologiae
1399 2718 1572 2761 delicia53
1602 2734 1698 2769 quae

89 2768 328 2806 Bacchanalia
348 2770 530 2818 quaedam
546 2772 586 2807 in
603 2771 820 2808 coelestibus
844 2782 1089 2807 exercuerunt
1108 2785 1114 2806 :
1147 2773 1230 2809 Nec
1255 2772 1336 2808 satis
1353 2771 1477 2810 mirari
1491 2777 1695 2823 postumus,

89 2825 190 2860 viros
218 2823 401 2871 quosdam
430 2827 600 2874 egregios
621 2828 657 2863 ὃς
688 2828 727 2862 in
755 2825 951 2873 astrologia
982 2827 1177 2874 principes,
1207 2837 1283 2863 tani
1300 2828 1371 2864 levi
1392 2828 1436 2864 ad
1454 2829 1514 2866 ista
1539 2831 1695 2867 astruen-

89 2878 136 2914 da
150 2889 377 2927 argumento
393 2881 542 2916 innixos
557 2880 639 2917 ess'e.
695 2880 815 2917 Aiunt
838 2880 952 2926 enini,
981 2882 1135 2931 quando
1151 2882 1243 2917 illud
1259 2883 1386 2933 prodit
1407 2884 1628 2932 experientia
1644 2887 1696 2937 ip-

72 2932 136 2979 ·fa,
166 2931 323 2980 solstitia,
351 2935 599 2982 acquinoffia,
629 2935 834 2978 novilunia,
863 2936 1081 2984 plenilunia,
1112 2938 1148 2972 ὅ(
1183 2934 1397 2981 hujusmodi
1427 2939 1611 2976 stellarum
1643 2953 1695 2976 re-

74 2987 304 3024 avolationes
328 2990 500 3034 majorca
530 2988 725 3027 manifesto
746 2993 781 3027 ὃ(
803 2990 994 3038 insigniter
1017 2992 1162 3041 operari
1184 2990 1289 3040 super
1309 3004 1468 3042 corpora
1490 2993 1694 3034 naturalia3

90 3041 231 3080 neeeffe
253 3041 334 3089 effe,
363 3053 403 3083 ut
420 3042 600 3094 positurae
621 3043 808 3083 stellarum
834 3046 950 3093 magis
966 3046 1108 3082 exactae
1126 3047 1159 3084 ὃς
1179 3045 1397 3093 subtiliore>2
1428 3047 1578 3085 effectus
1604 3061 1696 3096 quo-

217 3107 233 3135 Ι
1623 3116 1697 3150 quc

1765 223 1855 255 101
