2040 3439
75 166 173 219 Lib.
200 165 258 211 11.
486 162 785 209 NOVUM
857 162 1296 216 ORGANUM.

102 259 155 307 μς
169 265 252 294 {Ml
264 265 288 291 L
300 263 316 291 1
327 264 350 290 r
364 264 435 299 ER,
465 250 649 293 situatum
665 249 836 300 inquisita
852 263 979 290 motus
997 251 1059 289 ille
1080 252 1281 304 rapidus&
1295 261 1430 302 potens
1448 251 1678 305 expansionis

76 310 236 363 parvm-is
252 307 345 358 pytii
373 306 412 346 in
440 307 653 352 flammatum
682 307 782 344 unde
802 318 925 346 tantae
945 308 1066 344 moles
1081 306 1358 354 subvertuntur,
1387 317 1490 345 tanta
1510 309 1677 358 pondera

76 365 313 412 emittuntur,
340 372 478 414 quanta
494 360 538 398 «in
565 360 747 400 cuniculis
770 362 971 408 majoribus
995 364 1034 400 ὅ(
1057 360 1271 399 bombardis
1294 362 1475 413 videmus.
1531 364 1680 402 Bivium

76 423 173 461 circa
187 420 281 467 hanc
312 427 482 462 naturam
500 417 581 454 tale
607 416 675 453 est:
705 427 767 454 aut
805 418 985 456 excitatur
1013 415 1075 454 iste
1102 427 1229 455 motus
1248 429 1270 454 a
1299 429 1408 456 mero
1435 419 1601 468 corporis
1620 431 1681 470 ap-

77 478 196 527 petitu
225 474 261 510 se
287 470 477 518 dilatandi,
506 471 699 522 postquam
728 472 841 509 fuerit
869 471 1165 512 inflammatum;
1193 481 1257 508 aut
1287 472 1333 508 ab
1360 472 1523 524 appetitu
1558 475 1681 511 mixto

80 531 222 582 spiritus
247 528 364 572 erudi,
391 525 459 578 qui
484 525 609 575 rapide
636 526 731 575 fugit
757 528 899 576 ignem,
942 529 979 564 ὃ(
1007 538 1050 563 ex
1079 539 1126 563 eo
1154 525 1393 573 circumfuso,
1422 538 1603 577 tanquam
1637 542 1680 566 ex

79 592 235 631 car-cere,
265 578 642 630 violenterferumpit.
698 581 833 619 Schola
859 592 987 620 autem
1002 583 1039 618 ὅ(
1060 580 1218 630 vulgatis
1239 579 1373 630 opinio
1395 592 1542 620 tantum
1566 584 1683 622 versa-

80 650 142 686 tur
157 639 250 678 eirca
263 639 431 687 priorem
451 637 561 673 illum
581 635 799 687 appetitum.
854 637 993 674 Putant
1012 635 1114 673 enim
1129 637 1305 673 homines
1327 636 1362 673 se
1382 637 1535 686 pulchre
1559 638 1682 688 philo-

81 695 240 745 sophari,
269 691 294 729 fi
313 692 465 729 afferant
488 692 681 728 flammam
705 703 747 728 ex
769 691 892 728 forma
917 692 1098 729 elementi
1123 687 1336 728 necestitate
1354 693 1514 740 quadam
1537 693 1683 740 donari,

83 753 214 791 laeum
229 746 451 797 ampliorem
467 744 686 795 occupandi,
712 758 826 797 quam
846 745 946 784 idem
962 758 1095 797 corpus
1110 747 1329 795 expleverat,
1357 758 1444 784 cum
1460 746 1597 786 subiret
1609 749 1685 786 for-

83 804 372 855 mamrpulveris,
401 812 512 852 atque
532 801 620 838 inde
643 799 745 850 sequi
771 811 924 838 motum
944 800 1063 838 istum.
1121 802 1278 837 Interim
1300 799 1454 839 minime
1469 802 1679 851 advertunt,

84 859 177 906 lieet
193 859 267 896 hoc
287 869 416 895 verum
447 855 501 903 fit,
531 854 665 906 posito,
692 856 796 906 quod
823 856 976 893 flamma
1003 865 1214 905 generetur,
1243 866 1370 892 tamen
1390 857 1489 908 poss'e
1513 856 1686 907 impediri

83 915 255 966 flammae
270 913 552 962 generationem
567 923 587 948 a
607 920 708 948 tanta
723 911 838 958 mole,
853 923 948 959 quae
964 911 1068 947 illam
1084 909 1332 959 comprimere
1349 912 1385 947 ὃς
1402 911 1581 949 suffocare
1598 925 1683 960 que-

85 967 143 1014 at&
171 978 214 1009 ut
241 979 321 1005 non
347 966 550 1004 deducatur
575 977 630 1002 res
645 965 689 1002 ad
717 964 820 1002 istam
843 961 1110 1011 necessitatem,
1138 964 1185 1002 de
1213 977 1284 1013 qua
1305 966 1524 1014 loquuntur.
1581 969 1686 1005 Nam

85 1024 189 1074 quod
209 1022 349 1060 necesse
373 1019 414 1059 fit
429 1020 503 1058 fieri
531 1018 805 1070 exparifionem,
834 1030 944 1070 atque
977 1019 1064 1057 inde
1093 1019 1193 1068 sequi
1209 1016 1459 1067 emissionem,
1487 1032 1550 1058 aut
1565 1034 1687 1059 remo-

85 1082 233 1125 tionem
260 1076 426 1126 corporis
453 1077 556 1128 quod
580 1075 711 1122 obstat,
748 1073 773 1111 fi
800 1085 997 1125 generetur
1015 1075 1177 1121 flamma,
1208 1076 1305 1112 reste
1327 1085 1469 1124 putant.
1529 1078 1601 1114 Sed
1625 1077 1687 1114 ista

82 1130 280 1177 necessitas
295 1134 402 1184 plane
419 1133 587 1178 evitatur,
615 1128 642 1167 fi
669 1131 791 1167 moles
813 1131 876 1168 illa
892 1130 1008 1168 solida
1028 1131 1221 1167 flammam
1238 1129 1452 1179 supprimat,
1481 1126 1686 1181 antequam

87 1199 298 1240 generetur.
356 1187 486 1236 Atque
523 1186 694 1225 videmus
727 1185 932 1232 flammam,
974 1185 1188 1235 praesertim
1217 1184 1257 1222 in
1287 1184 1405 1236 prIma
1434 1187 1689 1236 generatione,

88 1245 248 1282 mollem
271 1243 340 1280 effe
361 1245 399 1279 ὅ(
418 1244 557 1288 lenem,
587 1242 622 1277 ὅ(
646 1239 830 1289 requirere
845 1252 990 1288 cavum,
1020 1243 1058 1278 in
1082 1252 1160 1291 quo
1185 1240 1392 1291 experiri&
1412 1242 1540 1279 ludere
1564 1239 1687 1292 possit.

88 1301 215 1351 Itaque
230 1308 332 1336 tanta
346 1299 528 1334 violentia
542 1295 627 1333 huie
641 1296 695 1332 rei
714 1307 779 1347 per
795 1295 831 1333 se
843 1292 1015 1345 assignari
1038 1307 1121 1333 non
1144 1295 1273 1347 potest.
1333 1295 1405 1332 Sed
1429 1297 1521 1333 illud
1537 1309 1692 1336 verum;

88 1355 373 1404 generationem
392 1351 606 1397 hujusmodi
622 1350 859 1387 flammarum
876 1351 1166 1395 flatulentarum‚
1197 1352 1233 1386 &
1248 1349 1362 1387 veluti
1377 1362 1578 1388 ventorum
1592 1353 1694 1401 igne-

89 1420 216 1455 orum,
244 1408 324 1445 fieri
340 1419 387 1444 ex
400 1407 578 1444 conflictu
594 1406 758 1443 duorum
773 1417 990 1456 corporum,
1021 1417 1231 1453 eorumque
1251 1415 1403 1441 naturae
1419 1408 1516 1443 inter
1529 1406 1563 1443 se
1583 1409 1692 1456 plane

87 1465 318 1508 contrariam
345 1463 497 1499 alterius
515 1460 724 1498 admodum
738 1459 1026 1507 inflammabilis,
1054 1472 1148 1508 quae
1177 1471 1305 1507 natura
1318 1458 1415 1509 viget
1431 1463 1471 1499 in
1495 1460 1692 1511 sulphure5

91 1517 241 1557 alterius
260 1518 454 1554 flammam
482 1516 726 1562 exhorrentis,
765 1517 883 1564 qualis
911 1516 959 1553 est
986 1515 1129 1568 spiritus
1156 1515 1304 1561 eruduS,
1333 1514 1397 1563 qui
1424 1516 1472 1553 est
1502 1517 1542 1552 in
1570 1519 1694 1557 nitr03

87 1574 188 1620 ,adeo
211 1583 252 1611 ut
280 1572 341 1610 fiat
367 1568 561 1609 conflictus
589 1569 782 1617 mirabilis,
811 1569 1069 1608 inflammante
1094 1569 1129 1608 se
1158 1569 1330 1622 sulphure
1353 1581 1538 1621 quantum
1566 1571 1696 1620 potest,

95 1627 204 1677 (nam
215 1628 370 1665 tertium
385 1639 529 1676 corpus,
559 1624 740 1662 nimirum
756 1626 869 1663 carbo
894 1624 1019 1672 salicis,
1048 1627 1104 1662 nil
1117 1625 1218 1662 aliud
1234 1625 1311 1662 fere
1333 1625 1499 1674 praestat,
1527 1638 1641 1674 quam
1657 1638 1698 1663 ut

94 1682 262 1722 illa-duo
278 1694 435 1734 corpora
455 1683 686 1733 incorporet,
717 1682 753 1717 &
768 1681 974 1718 commode
991 1678 1114 1728 uniat)
1145 1682 1182 1718 ὅ(
1206 1690 1427 1732 erumpente
1451 1679 1580 1730 spiritu
1608 1682 1701 1718 nitri

86 1748 280 1788 ÷quantum
296 1737 425 1789 potest,
455 1739 491 1774 &
504 1749 578 1773 una
595 1735 630 1773 se
644 1734 833 1782 dilatante,
864 1735 965 1782 (nam
981 1736 1055 1773 hoc
1063 1734 1202 1772 faciunt
1218 1737 1256 1772 δε
1276 1737 1348 1782 aer,
1377 1737 1413 1772 δε
1429 1737 1558 1773 onmia
1575 1736 1700 1782 cruda,

97 1796 136 1831 &
156 1804 263 1842 aqua,
292 1802 335 1829 ut
358 1804 377 1829 a
402 1793 526 1829 calore
548 1790 763 1838 dilatentur)
795 1793 831 1827 ὃς
851 1802 915 1840 per
939 1791 1041 1828 istam
1058 1791 1185 1840 fugam
1210 1793 1246 1827 δε
1266 1792 1520 1839 eruptionem,
1548 1789 1700 1828 interim

97 1849 289 1886 flammam
306 1846 501 1896 sulphuris,
528 1856 708 1894 tanquam
724 1845 877 1883 follibus
900 1847 1071 1889 occultis,
1101 1845 1348 1896 undequaque
1364 1842 1575 1882 exufflante.

152 1905 217 1941 1³0
229 1914 319 1940 TER
332 1914 396 1939 AN
408 1914 432 1939 T
462 1911 588 1938 autem
604 1901 672 1937 effe
691 1900 882 1938 instantiae
901 1903 1017 1938 erucis
1033 1899 1128 1937 circa
1142 1900 1216 1937 hoc
1236 1899 1439 1943 subjectum
1455 1900 1619 1938 duorum
1643 1911 1705 1949 ge-

100 1970 250 1997 nerum.
304 1957 480 1993 Alterum
497 1967 857 2004 eorumcorporum,
886 1968 979 2006 quae
992 1954 1152 1992 maxime
1163 1955 1245 1992 sunt
1261 1954 1554 2001 inflammabilia,
1582 1956 1705 2003 qualia

101 2013 186 2051 sunt
214 2012 377 2062 sulphur,
406 2012 576 2061 eaphura,
607 2011 782 2059 naphtha,
811 2012 847 2047 ὅ(
876 2010 1103 2056 hujusmodi,
1132 2021 1217 2047 cum
1248 2022 1383 2046 eorum
1411 2009 1582 2050 misturis5
1612 2022 1706 2057 quae

99 2066 416 2106 citius&faci1ius
445 2065 662 2118 concipiunt
678 2066 871 2103 flammam
900 2078 1012 2115 quam
1044 2066 1162 2116 pulvis
1180 2067 1317 2114 pyrius,
1345 2062 1370 2101 fi
1394 2077 1475 2101 non
1503 2065 1707 2114 impedian-

102 2134 184 2161 tur:
212 2124 264 2160 Ex
291 2134 371 2173 quo
398 2123 516 2170 liquet
532 2122 738 2170 appetitum
753 2120 1014 2157 inflammandi
1031 2132 1093 2169 per
1109 2119 1143 2157 se
1159 2120 1336 2157 effectum
1359 2118 1467 2157 illum
1486 2119 1708 2169 stupendum

103 2191 187 2216 non
197 2176 348 2228 operari.
405 2176 584 2214 Alterum
600 2188 748 2222 eorum,
777 2186 871 2223 quae
893 2174 1083 2211 flammam
1105 2174 1254 2224 fugiunt
1280 2177 1317 2211 &
1341 2175 1555 2221 exhorrent,
1584 2175 1708 2222 qualia

103 2233 190 2271 sunt
213 2232 300 2269 sales
315 2243 460 2269 omneS.
518 2231 700 2269 Videmus
728 2232 845 2276 enim,
874 2228 899 2266 fi
923 2229 1101 2274 jaciantur
1122 2229 1161 2266 in
1185 2229 1325 2279 ignem,
1355 2229 1521 2280 spiritum
1549 2240 1710 2280 aqueum

103 2298 303 2336 erumpere
314 2298 401 2323 cum
420 2287 579 2335 fragore,
608 2296 807 2336 antequam
823 2284 973 2321 flamma
986 2283 1240 2335 concipiatur3
1269 2286 1372 2331 quod
1390 2285 1504 2321 etiam
1521 2283 1653 2321 leniter
1668 2283 1709 2320 fit

106 2346 148 2382 in
176 2342 279 2379 foliis
307 2342 420 2393 paulo
440 2339 797 2385 contumacioribus,
827 2349 928 2388 parte
951 2351 1066 2388 aquea
1089 2350 1324 2389 erumpente,
1352 2350 1554 2387 antequam
1585 2338 1711 2376 oleosa

105 2399 294 2446 concipiat
311 2396 514 2433 flammam.
573 2396 644 2433 Sed
678 2397 839 2433 maxime
855 2396 1020 2432 cernitur
1040 2394 1113 2431 hoc
1142 2396 1180 2431 in
1206 2405 1363 2443 argento
1378 2397 1478 2441 vivo,
1507 2393 1611 2442 quod
1629 2404 1709 2430 non

108 2453 208 2490 male
241 2452 377 2489 dicitur
399 2462 493 2499 aqua
524 2449 717 2488 minei-alis.
774 2451 858 2487 Hoe
883 2451 986 2486 enim
1013 2449 1148 2497 absque
1170 2449 1484 2496 inflammatione,
1514 2461 1577 2500 per
1610 2460 1713 2499 erup-

82 2530 84 2532 *
109 2509 258 2545 tionem
278 2509 314 2543 ὃ(
344 2503 604 2555 expansionem
627 2503 846 2554 simplicem,
874 2506 970 2541 vires
997 2505 1158 2553 pulveris
1182 2503 1275 2556 pyrii
1293 2503 1368 2541 fere
1388 2504 1582 2555 adaequat5
1611 2502 1713 2552 quod

113 2564 227 2600 etiam
251 2562 460 2598 admixtum
489 2561 630 2612 pulveri
654 2561 775 2612 pyrio,
804 2560 882 2602 ejus
904 2561 997 2596 vires
1016 2558 1260 2608 multiplicare
1285 2558 1432 2596 dicitur.

167 2618 376 2655 S1M1L1r
390 2628 463 2662 ER,
492 2614 533 2654 fit
557 2626 687 2652 natura
701 2613 883 2664 inquilini,
912 2612 1120 2652 transitoria
1136 2624 1266 2651 natura
1289 2614 1462 2651 flammae
1478 2615 1514 2650 &
1535 2612 1713 2650 extinffio

112 2673 192 2716 ejus
221 2681 500 2708 momentanea.
541 2673 652 2708 .Non
682 2669 785 2707 enim
812 2668 959 2708 videtur
982 2680 1113 2706 natura
1128 2669 1300 2706 flammea
1321 2668 1380 2706 hic
1403 2668 1497 2719 apud
1514 2681 1584 2705 nos
1599 2667 1660 2717 figi
1676 2670 1713 2704 ἃ*

113 2725 317 2771 consistere,
349 2725 408 2762 sed
437 2724 587 2775 singulis
601 2722 700 2774 quast
725 2723 931 2762 momentiS
956 2722 1134 2774 generari,
1163 2726 1200 2760 ὅ(
1221 2724 1340 2760 statim
1363 2724 1540 2772 extingui.
1598 2721 1717 2759 Mani>-

114 2781 245 2819 festum
266 2783 370 2818 enim
387 2780 434 2817 est
454 2781 494 2817 in
516 2778 689 2826 flammis,
719 2792 815 2828 quae
836 2779 897 2816 hic
916 2778 1184 2816 continuantur
1203 2781 1240 2816 ὅ(
1260 2779 1409 2825 durant,
1440 2778 1540 2815 istam
1557 2779 1719 2815 duratio-

116 2848 205 2873 nem
222 2848 302 2873 non
318 2836 387 2872 effe
402 2835 566 2878 ejusdem
581 2835 754 2872 flammae
768 2836 807 2872 in
819 2832 1027 2877 individuo,
1057 2833 1116 2871 sed
1133 2833 1211 2870 fieri
1227 2845 1291 2883 per
1308 2830 1578 2871 luccess'ionem
1600 2844 1719 2870 novae

114 2891 287 2928 flammae
305 2890 463 2927 seriatim
491 2890 888 2939 generatae,-minime
915 2899 1042 2926 autem
1065 2901 1215 2926 manere
1248 2889 1405 2926 eandem
1438 2889 1628 2925 flammam
1657 2900 1720 2923 nu-

77 2981 81 2984 Δ
117 2957 246 2985 mer0;
278 2947 313 2983 id
336 2945 440 2996 quod
463 2944 570 2981 facile
597 2944 815 2996 perspicitur
849 2956 891 2980 ex
921 2945 1005 2987 hoc,
1033 2943 1344 2991 quod‘subtrasto
1359 2945 1545 2981 alimento
1577 2941 1645 2979 sive
1666 2942 1723 2977 fo-

120 3002 212 3036 mite
242 3000 425 3047 flammae,
456 2999 606 3037 flamma
632 2998 752 3036 statim
782 3009 918 3049 pereat.
975 2999 1123 3036 Bivium
1150 3010 1276 3036 autem
1300 3000 1396 3036 circa
1424 2999 1520 3035 hauc
1550 3007 1722 3034 naturam

1652 3052 1724 3087 tale

1753 182 1849 230 357
