2040 3439
30 1395 40 1415 u
22 1329 41 1359 ,ὑ

66 207 287 275 Cap.111.
327 208 425 254 DE
462 209 987 257 AUGMENTIS
1037 214 1664 264 SCIENTIARUM.

68 314 230 365 denique
253 311 481 358 obtinemus,
512 313 549 348 δε
577 311 812 357 hujusmon
841 324 881 351 ut
904 327 988 352 vere
1015 316 1222 352 admodum
1247 317 1387 354 diCtum
1410 316 1462 362 sit,
1493 321 1563 356 vita
1587 319 1659 357 siue

68 365 271 422 proposito,
300 365 472 415 languida
499 368 535 403 <Sc
558 378 646 416 vaga
674 367 732 404 est.
789 370 904 419 Quod
928 368 1033 407 simul
1060 373 1095 407 ὃς
1122 372 1366 420 prudentibus
1390 375 1425 408 &
1445 371 1658 411 stultilliniis

69 423 264 473 competit,
294 431 334 458 ut
357 419 406 458 ait
432 421 640 461 Solomon;
671 420 754 459 Pro
772 420 946 472 desiderio
969 426 1122 477 quaesiit
1146 424 1367 477 ccrehrofits,
1397 427 1566 465 ommam
1589 431 1656 466 ,⁴:12⁴

69 476 274 534 mg'fcetst’.
331 477 552 526 Quinetiam
577 477 759 522 videmus,
789 490 890 527 reges
918 477 1211 528 potentillimos,
1240 483 1284 518 ad
1312 494 1476 530 quorum
1506 495 1654 529 nutum,

68 543 307 583 quaecunque
333 528 490 567 sensibus
513 541 612 580 grata
636 531 732 578 sunt,
760 535 876 581 parari
905 534 1060 583 possent,
1089 535 1336 574 nihilominus
1360 538 1562 588 procurasse
1593 539 1656 576 libi

69 587 260 628 interdum
281 583 456 622 desideria
485 584 689 622 humilia&
718 586 841 624 inania
871 588 1206 637 (quemadmodum
1232 591 1371 628 cithara
1399 592 1468 630 fuit
1494 593 1655 640 Neroni,

67 642 286 694 gladiatoria
308 641 546 686 Commodo,
574 640 783 678 Antonino
811 642 1001 692 aurigatio,
1032 646 1067 681 ὃς
1086 646 1156 682 alia
1182 644 1275 692 aliis)
1303 659 1395 697 quae
1424 658 1549 684 tamen
1576 646 1657 697 ipfis

68 695 208 738 fuerint
224 694 331 733 omni
357 691 547 732 affluentia
566 697 803 745 voluptatum
827 697 1048 735 sensualium
1075 701 1236 748 potiora.
1268 702 1396 738 Tanto
1424 704 1657 752 voluptatem

69 753 252 799 inajorem
271 749 375 786 affert
400 759 440 786 ut
456 748 591 800 aliquid
620 763 782 800 agamus,
812 764 925 799 quam
941 763 981 789 ut
1001 753 1178 790 fruamur.

121 809 284 846 ILLUD
311 806 464 841 interim
488 806 600 854 paulo
622 807 797 843 attentius
825 807 1035 844 notandum
1065 808 1124 854 est,
1154 808 1298 847 bonum
1329 810 1498 858 adivam,
1528 813 1657 851 indivi-

67 862 186 915 duale,
215 873 233 897 a
249 860 355 897 bono
370 862 654 897 communionis
664 862 810 912 prorsus
826 860 992 902 differre3
1022 875 1236 910 quanquam
1251 877 1525 914 nonnunquam
1542 869 1656 905 ambo

64 916 294 959 ‚coincidann
349 914 528 966 Qamvis
561 917 665 952 enim
681 916 826 953 bonum
843 916 934 952 istud
958 915 1192 963 individuale,
1222 917 1392 965 aCtivum,
1423 920 1525 970 laepe
1544 934 1656 971 opera

67 971 333 1013 beneficentiae
376 970 483 1017 (quae
512 982 554 1006 ex
592 969 789 1007 virtutibus
825 969 1108 1008 communionis
1137 971 1202 1020 est)
1242 975 1355 1023 pariat
1385 977 1421 1011 ὃ(
1450 976 1653 1024 producam

64 1025 159 1066 illud
174 1036 300 1064 tamen
320 1024 478 1070 interest,
508 1025 610 1071 quod
627 1025 690 1062 illa
705 1037 817 1074 opera
832 1025 876 1062 ab
889 1025 1104 1063 hominibus
1118 1027 1286 1078 plurimis
1301 1028 1401 1075 fiant,
1431 1042 1510 1067 non
1528 1030 1657 1068 animo

63 1083 157 1129 'QUOS
177 1077 322 1128 juvandi
339 1090 400 1117 aut
416 1079 562 1126 beandi,
590 1080 652 1117 sed
671 1080 780 1129 plane
794 1090 946 1132 propter
962 1081 996 1118 se
1011 1091 1119 1133 atque
1140 1084 1347 1131 potentiam
1379 1087 1415 1122 &
1443 1086 1655 1135 amplitudi-

63 1138 153 1186 Jnem
168 1134 366 1187 propriam.
421 1134 462 1171 Id
487 1135 590 1183 quod
607 1137 752 1187 optime
766 1134 939 1181 cernitur,
968 1137 1120 1187 quando
1135 1137 1280 1175 bonum
1295 1137 1452 1177 astivum
1465 1139 1502 1177 in
1518 1139 1655 1189 aliquid

65 1189 252 1244 impingit,
269 1190 372 1238 quod.
382 1187 423 1226 fit
433 1189 539 1226 bono
547 1189 831 1228 communionis
841 1193 1083 1228 contrarium.
1126 1191 1317 1239 Siquidem
1325 1196 1496 1243 gigantea
1506 1197 1568 1232 illa
1577 1198 1653 1232 ani-

63 1244 119 1284 'mi
132 1245 315 1293 conditio,
345 1257 417 1293 qua
432 1243 661 1294 abripiuntur
676 1248 802 1295 magni
818 1243 875 1282 isti
891 1246 992 1283 orbis
1007 1257 1189 1284 terrarum
1205 1249 1488 1298 perturbatores,
1520 1249 1653 1300 (qualis

0 1333 14 1338 ,.
63 1301 137 1340 fuit
147 1302 189 1339 L.
208 1302 318 1349 Sylla,
349 1302 385 1336 ὃ(
403 1300 557 1351 plurimi
580 1301 654 1347 alii,
683 1301 770 1338 licet
795 1303 835 1337 in
852 1300 1013 1337 modulo
1029 1303 1142 1350 longe
1165 1300 1354 1351 minore:)
1384 1306 1449 1352 qui
1478 1304 1651 1342 videntur

62 1357 107 1394 ad
123 1357 197 1395 hoc
211 1355 392 1401 anhelare,
423 1365 464 1392 ut
479 1367 613 1391 omnes
628 1354 751 1392 felices
771 1357 806 1392 ὃ(
821 1354 1032 1392 aerumnosi
1047 1354 1128 1402 sint,
1159 1367 1269 1408 prout
1288 1354 1352 1394 fibi
1369 1358 1504 1396 fuerint
1526 1362 1649 1406 amici,

62 1409 301 1451 vel-inimicis
330 1420 440 1459 atque
453 1420 496 1446 ut
518 1410 680 1448 mundus
701 1422 878 1459 tanquam
901 1409 1064 1459 ipsorum
1087 1411 1264 1460 praeferat
1287 1409 1509 1462 imaginem:
1542 1409 1654 1463 (quae

63 1463 148 1504 vcra
167 1465 215 1503 est
243 1462 506 1513 theomachia)
537 1464 626 1501 haec
653 1463 804 1516 inquam
827 1465 900 1514 ipsa
926 1463 1054 1516 aspirat
1078 1465 1123 1502 ad
1152 1466 1296 1503 bonum
1323 1466 1493 1514 afflvum,
1523 1469 1651 1506 indivi-

63 1521 184 1575 duale,
211 1518 339 1557 saltem
356 1531 543 1571 apparens,
572 1517 636 1557 etfi
650 1532 670 1557 a
685 1521 790 1557 bono
805 1518 1085 1556 communionis
1100 1521 1275 1557 omnium
1292 1520 1450 1559 maxime
1467 1524 1623 1561 recedat.

80 1575 84 1578 ’
115 1574 190 1614 AT
220 1575 365 1612 bonum
395 1570 576 1623 paflivum
605 1576 820 1623 partiemur,
850 1576 890 1611 in
919 1574 1066 1612 bonum
1094 1571 1405 1624 conservativum,
1437 1580 1471 1614 δ’(
1507 1579 1654 1616 honum

62 1629 314 1684 perfcfflvum.
372 1627 522 1666 Etenim
558 1627 695 1667 inditus
721 1630 769 1666 est
789 1629 989 1677 unicuique
1014 1631 1067 1667 rei
1092 1631 1226 1679 triplex
1251 1631 1443 1681 appetituS,
1471 1644 1652 1683 quatenus

62 1683 110 1741 ad
133 1686 281 1724 bonum
304 1681 453 1731 suitatis,
480 1681 550 1721 five
574 1684 768 1722 individui.
826 1684 982 1730 Primus,
1012 1695 1053 1721 ut
1074 1684 1109 1721 se
1136 1685 1348 1723 conservet:
1379 1688 1580 1735 Secundus,
1610 1701 1652 1727 ut

64 1739 101 1784 se
133 1738 313 1793 perficiat:
369 1738 531 1786 Tertius,
559 1749 600 1776 ut
630 1739 665 1776 se
685 1738 907 1789 multiplicet
936 1737 1005 1776 five
1039 1738 1233 1777 diffundat.
1290 1741 1492 1791 Atquehic
1513 1742 1650 1794 postre-

61 1796 146 1833 mus
168 1795 349 1844 appetitus
361 1794 406 1830 ad
427 1795 572 1831 bonum
588 1794 748 1832 activum
766 1795 933 1841 refertur,
962 1795 1008 1831 de
1027 1796 1193 1844 quoiam
1210 1796 1330 1832 modo
1359 1795 1528 1834 diximus
1585 1801 1650 1836 Su-

61 1849 211 1901 perfunt
226 1848 337 1899 igitur
360 1850 501 1897 reliqua
516 1858 662 1886 tantum
690 1850 779 1895 duo,
808 1862 900 1901 quac
927 1848 1084 1886 diximus
1109 1850 1226 1891 bona:
1256 1852 1308 1887 Ex
1337 1851 1468 1899 quibus
1494 1856 1649 1903 praecel-

62 1907 107 1944 lit
135 1903 386 1955 perfc&ivum.
442 1905 572 1940 Minus
600 1906 704 1940 enim
734 1905 911 1952 quiddam
939 1904 998 1951 est,
1027 1904 1242 1941 conservare
1268 1917 1345 1941 rem
1376 1907 1413 1941 in
1444 1905 1509 1942 suo
1538 1908 1647 1945 statu:

62 1961 185 2013 Majus
206 1971 307 2006 vcro,
337 1958 495 1996 eandem
519 1959 564 1996 ad
588 1969 756 1996 naturam
775 1958 1030 1996 sublimiorem
1059 1959 1223 1996 evehere.
1282 1959 1531 2010 Reperiuntur
1544 1960 1649 2011 liqui-

61 2012 152 2054 dem
164 2027 229 2068 per
256 2016 310 2051 r'es
325 2011 519 2060 universas,
548 2023 699 2051 naturae
714 2015 855 2062 aliquae
880 2013 1092 2060 nobiliores,
1121 2014 1165 2050 ad
1194 2026 1350 2061 quarum
1372 2014 1589 2063 dignitatem
1613 2020 1651 2055 δε

61 2068 330 2116 excellentiam,
359 2067 508 2106 naturae
530 2069 727 2105 inferiores
751 2069 920 2118 aspirant,
951 2070 1064 2106 veluti
1093 2070 1137 2106 ad
1161 2067 1325 2119 origines
1351 2072 1387 2107 ὃς
1406 2070 1530 2108 fontes
1554 2070 1648 2109 suos.

63 2124 122 2163 Sic
143 2125 189 2163 de
209 2124 427 2161 hominibus
444 2136 523 2160 non
540 2125 636 2161 male
651 2123 782 2161 cecinit
803 2123 883 2160 ille:

116 2177 258 2232 Igneus
273 2176 324 2229 est
342 2177 430 2216 ollis
445 2179 557 2230 vigor
573 2175 620 2220 ὠ
635 2177 794 2228 coelestis
808 2180 922 2230 origo.
980 2179 1137 2216 Homini
1153 2178 1265 2223 enim,
1297 2179 1494 2232 assumptio
1513 2191 1574 2218 aut
1589 2194 1648 2231 ap-

59 2232 285 2286 proximatio
309 2233 351 2270 acl
370 2234 534 2270 divinam
563 2244 625 2270 aut
654 2236 859 2282 angelicam
887 2243 1068 2279 naturam,
1099 2232 1150 2270 est
1180 2234 1324 2270 formae
1354 2234 1436 2271 suae
1461 2236 1646 2284 perfeclio.

63 2290 183 2334 Cuius
208 2289 362 2337 quidem
393 2286 483 2325 boni
511 2288 700 2337 perfeffivi
716 2301 822 2337 prava
850 2290 886 2324 ex
914 2287 1139 2339 praepostera
1160 2290 1336 2334 imitatio,
1366 2290 1469 2338 pestis
1497 2289 1544 2326 est
1575 2289 1649 2339 ipsa

61 2344 156 2384 vitae
184 2343 378 2389 humanae,
412 2345 448 2380 &
480 2343 592 2379 turbo
615 2343 767 2394 quidam
798 2343 955 2391 rapidus,
984 2344 1046 2393 qui
1073 2342 1199 2379 onmia
1228 2342 1357 2393 abripit
1387 2346 1422 2380 ὅ(
1457 2344 1646 2383 subvertit.

62 2397 268 2445 Nimirum,
297 2398 390 2435 dum
423 2396 608 2444 homines,
636 2399 868 2434 exaltationis
896 2396 971 2434 vice
1000 2397 1167 2434 formalis
1183 2408 1290 2445 atque
1311 2398 1513 2444 ess‘entialiS,
1543 2412 1648 2437 caeca

60 2452 265 2493 ambitione
276 2453 451 2490 advolant
466 2452 510 2489 ad
523 2454 785 2489 exaltationem
803 2453 1254 2489 tantummodolocalem.
1312 2454 1649 2504 Qicmadmodum

63 2511 167 2547 enim
186 2509 298 2558 aegri,
328 2508 536 2545 remedium
561 2509 648 2544 mali
670 2506 720 2544 sui
746 2520 826 2544 non
848 2506 1087 2553 invenientes,
1115 2507 1160 2543 de
1183 2508 1271 2543 loco
1293 2507 1331 2543 in
1360 2508 1487 2544 locum
1516 2520 1649 2558 corpus

59 2566 199 2614 agitant
219 2563 444 2603 &volvunt5
474 2560 572 2609 quast
595 2575 636 2600 cx
654 2563 862 2600 mutatione
886 2563 959 2598 loei
976 2573 994 2598 a
1017 2561 1050 2598 se
1067 2559 1142 2612 ipsis
1161 2562 1362 2606 ableedere,
1393 2565 1428 2598 δε
1452 2565 1647 2606 internum.

63 2620 205 2658 malum
233 2617 396 2668 effugere
412 2614 570 2669 poliint:
600 2618 745 2654 Eodem
768 2617 887 2653 modo
903 2616 1308 2662 evenitinambitione,
1337 2627 1378 2653 ut
1394 2616 1578 2663 homines,
1609 2618 1647 2655 fi-

62 2673 255 2712 mulachro
278 2673 444 2722 quodam
467 2671 559 2709 falso
579 2683 730 2709 naturae
756 2672 836 2708 suae
863 2672 1073 2708 exaltat-idac
1103 2670 1253 2722 abrepti,
1285 2670 1376 2708 nihil
1400 2672 1498 2709 aliud
1520 2672 1647 2722 adipis-

62 2739 202 2774 cantur,
230 2741 343 2779 quam
359 2727 433 2764 loci
447 2728 634 2775 quandam
649 2725 902 2764 celsitudinem
921 2729 954 2762 S<
971 2726 1164 2774 lastigium.

105 2785 176 2833 ,130
189 2795 258 2833 NU
272 2795 306 2820 M
335 2795 425 2820 vero
444 2782 740 2819 conservativum
763 2781 853 2818 nihil
871 2781 968 2817 aliud
986 2779 1048 2826 est,
1077 2793 1190 2827 quam
1207 2782 1370 2829 receptio
1390 2783 1426 2817 δ(
1450 2780 1581 2819 fruitio
1596 2795 1649 2819 re-

64 2851 148 2886 rum
175 2849 326 2876 naturae
346 2836 488 2874 nostrae
519 2838 823 2885 congruentium.
880 2837 963 2872 Hoc
991 2847 1081 2872 vero
1111 2836 1267 2881 bonum,
1297 2837 1383 2872 licet
1416 2839 1578 2873 maxime
1608 2837 1648 2874 iit.

64 2893 214 2943 simplex
236 2896 272 2930 ὃς
303 2891 491 2932 nativum3
520 2903 647 2929 tamen
673 2904 714 2928 ex
732 2892 841 2927 bonis
864 2891 1009 2927 videtur
1035 2886 1299 2927 mollillimum
1327 2900 1438 2938 atquc
1458 2891 1646 2928 intimum.

63 2951 170 3000 (ζῴη
185 2950 220 2984 δί
235 2948 308 2985 hoc
323 2947 441 2996 ipsum
457 2948 603 2984 bonum
628 2945 755 2997 recipit
778 2944 1025 2981 differentiam
1050 2946 1286 2989 nonnullam,
1315 2946 1412 2981 circa
1435 2958 1545 2992 quam
1571 2958 1647 2997 par-

65 3005 135 3040 tim
155 3001 333 3040 vacillavit
361 3000 538 3047 judicium
565 3000 778 3046 hominum,
808 3002 940 3048 partim
957 3000 1085 3036 omiffa
1101 3002 1146 3035 eit
1164 2998 1363 3047 inquiiirio.
1421 3000 1518 3035 Boni
1548 2999 1649 3047 siqui-

67 3059 154 3095 dem
173 3056 371 3106 fruitionis,
399 3056 469 3095 sive
494 3056 597 3105 quod
620 3057 735 3105 vulgo
759 3053 905 3100 dicitur,
935 3055 1086 3100 jucundi
1114 3053 1269 3102 dignitas
1296 3057 1331 3091 ee
1355 3056 1652 3099 commendatio,

118 3112 227 3148 Vor..
258 3113 285 3150 Ι.
822 3110 855 3146 C
886 3121 905 3145 c
1596 3118 1659 3146 aut
