2040 3439
802 153 1326 208 INDEX.

220 268 335 306 saliva
353 267 500 304 hominis
519 262 694 313 quomodo
710 262 783 309 agit
813 261 846 296 in
866 267 1045 306 argentum

273 319 408 361 vivum,
798 358 804 364 .
869 310 954 356 Pag.
977 307 1044 354 378

221 368 385 412 Sallustius
402 367 445 401 de
463 363 658 413 principum
678 359 835 407 ingeniis,

221 418 406 454 Salvatoris
436 413 541 449 nostri
570 412 605 447 in
632 420 757 446 terram
784 408 964 448 adventus,
990 408 1047 447 48.

270 464 465 502 Potentiam
482 461 629 497 ostendit
646 459 796 507 primam
815 457 847 492 in
866 455 1051 504 profligan-

270 516 317 550 da
343 510 547 561 ignorantia,
573 509 651 545 ibid.
704 509 800 543 Duos
829 505 925 541 nobis
950 504 1052 539 libros

271 559 661 613 proponitevolvendos‚
680 570 741 604 49.
793 554 878 604 Ejus
896 553 1053 601 responsa

271 613 362 648 haud
381 623 500 659 pauca,
527 607 652 656 qualia,
982 601 1051 636 266

224 661 351 699 Samuel
366 659 464 706 Jeffai
483 659 570 694 filios
587 657 717 699 videns,
986 662 1054 693 ¹40

226 714 359 747 Sanitas
377 708 555 756 quomodo
574 706 711 747 tuenda,
988 713 1001 735 1
1011 711 1052 745 23

229 762 363 807 Sapiens
381 760 406 795 fi
423 770 501 793 cum
519 756 620 792 stulto
647 753 834 796 contendit,
862 764 930 788 non
960 750 1054 785 inve-

277 810 347 844 niet
374 808 537 855 requiem,
575 807 656 840 218.
708 805 872 850 Sapientes
899 808 1057 838 avertunt

275 858 546 899 calamitatem,2
555 867 567 891 1
574 867 607 902 9.
619 854 751 890 Eorum
760 852 929 889 erroribus
937 861 1056 898 quam-

278 908 331 942 vis
349 905 520 942 leviffimis
537 904 625 940 haud
637 902 736 939 facile
750 901 947 948 ignoscitur,
975 909 1056 934 220.

279 957 465 1004 Sapientior
481 965 584 1002 quam
614 962 764 1001 oportet,
793 951 875 987 226.
926 950 1058 994 Sapiens

280 1004 516 1042 dominabitur
526 1003 633 1045 astris,
647 1013 728 1048 229.
757 1002 872 1048 Fingit
886 999 1058 1035 fortunam

284 1055 360 1097 fibi,
979 1045 1058 1082 ibid.

233 1105 403 1151 Sapientia
420 1102 629 1138 Graecorum
646 1099 791 1149 pueritia
813 1096 994 1146 quaedam,
1023 1106 1058 1141 7,

283 1164 344 1200 47.
393 1153 581 1197 Sapientiae
597 1150 728 1185 donum
746 1160 789 1184 ex
818 1147 983 1195 petitione
999 1146 1060 1179 So-

283 1202 445 1243 lomonis,
463 1202 521 1245 48.
547 1201 651 1247 Super
667 1198 786 1234 omnia
799 1196 984 1245 praevalet,
1004 1194 1061 1229 60.

284 1252 452 1298 Sapientia
471 1249 636 1285 mirabilis
651 1248 875 1288 Graecorum,
992 1255 1009 1278 2
1019 1255 1062 1285 14

232 1302 402 1348 Sapientia
421 1297 599 1335 habitualis
615 1310 635 1334 a
652 1307 786 1333 natante
806 1296 841 1330 in
857 1294 996 1330 cerebro
1008 1293 1061 1328 di-

282 1351 414 1392 stincta,
993 1342 1063 1377 226

235 1401 403 1441 Saraceni,
1015 1394 1061 1436 48

236 1449 356 1492 Sarah,
381 1447 520 1484 rationis
539 1446 655 1494 imago
671 1443 844 1487 naturalis,
993 1441 1062 1486 263

239 1499 402 1535 Satellites
418 1496 533 1542 Jovis,
994 1491 1064 1537 360

239 1550 399 1585 saxoniae
415 1547 496 1588 dux,
516 1545 699 1591 Johannes,
718 1552 864 1579 mortem
879 1540 1064 1589 appropin-

290 1607 451 1645 quantem
468 1595 613 1637 subrifit,
999 1602 1011 1624 1
1023 1601 1035 1623 1
1045 1591 1063 1624 8

238 1646 364 1693 Scapha
381 1645 441 1680 sub
458 1644 567 1692 aquis,
995 1640 1063 1685 385

242 1699 358 1733 Scenae
366 1695 399 1730 in
407 1694 513 1729 vitam
527 1691 771 1729 transferendae
780 1689 1013 1731 deformitaS,2
1023 1700 1036 1722 1
1044 1688 1066 1722 6

241 1745 415 1782 Sceleratos
432 1743 631 1778 ulciscentur
649 1754 757 1777 mores
772 1741 832 1782 sui,
996 1748 1062 1781 241

242 1795 380 1841 Sceptici
397 1792 590 1840 philosophi
604 1803 682 1826 cum
696 1788 895 1826 academicis
912 1786 1067 1822 scientiae

288 1841 524 1879 certitudinem
544 1840 756 1882 sustulerunt,
798 1849 859 1884 45,
890 1847 969 1878 121,
1001 1847 1063 1877 141

243 1893 448 1931 Schaccorum
465 1890 574 1929 ludus,

243 1941 481 1986 Schematismus
499 1938 669 1981 materiae,
1001 1946 1067 1980 105

244 1990 493 2036 Schemattsmus,
513 2000 595 2037 279,
626 1998 706 2035 291.
757 1984 884 2021 Latens
898 1983 932 2018 in
946 1995 1066 2032 corpo-

292 2041 395 2080 ribus,
425 2040 504 2085 316.
556 2037 638 2085 Ejus
655 2036 840 2078 anatomia,
860 2033 940 2079 316.
979 2034 1070 2068 Sche-

292 2089 505 2136 matismerum
521 2086 710 2123 differentia
737 2084 900 2132 primaria
929 2082 1072 2118 sumitur

293 2152 336 2176 ex
365 2139 464 2186 copia
489 2138 545 2173 vel
577 2136 741 2184 paucitate
769 2133 942 2174 materiae,
989 2132 1070 2178 362.

294 2187 511 2233 Schematismi
529 2185 707 2233 simplices,
1001 2192 1071 2228 390

245 2239 357 2274 Schola
374 2237 549 2280 Paracelfi,
575 2234 719 2270 cultores
744 2231 924 2268 immodici
941 2232 1074 2279 magiae

296 2286 466 2328 naturalis,
1005 2293 1017 2315 1
1026 2293 1072 2327 34

246 2337 358 2373 Schola
378 2333 584 2375 Democriti,
607 2343 689 2380 279,
704 2333 785 2367 280.
836 2330 884 2366 Et
902 2329 1073 2378 Leucippi

297 2384 593 2425 commendantur,
613 2384 695 2419 280.
735 2380 896 2422 Zenonis,
915 2379 1073 2422 Socratis,

297 2434 451 2482 Epicuri,
466 2432 664 2480 Pyrrhonis,
683 2429 870 2471 &Herilli‚
903 2430 982 2475 198,
1007 2441 1073 2477 199

248 2484 429 2520 Scholarum
447 2483 658 2530 publicarum
677 2482 856 2522 neceffitaS,
876 2478 932 2514 60.
966 2478 1074 2514 Com-

296 2533 396 2568 moda
413 2544 526 2567 earum
545 2531 705 2579 plurima,
1006 2539 1070 2575 192

249 2581 503 2625 scholasticorum
530 2580 632 2627 stylus
658 2590 810 2627 tempore
829 2577 988 2619 Lutheri,
1017 2589 1074 2624 39.

299 2630 468 2667 Doctrina
478 2642 595 2666 eorum
606 2627 777 2677 despeClmi
790 2627 916 2668 habita,
943 2638 1001 2674 39,
1015 2639 1074 2671 41.

296 2679 504 2715 Subtilitates
518 2679 554 2714 δε
569 2679 683 2714 inanes
696 2676 962 2725 quaestiunculae
975 2686 1075 2723 atque

296 2729 530 2764 altercationes
547 2739 710 2775 quantum
726 2726 828 2761 literis
842 2735 996 2767 noceant,
1014 2737 1074 2769 40.

299 2776 556 2826 Operofiffimas
570 2777 753 2812 conficiunt
765 2776 858 2818 telas,
876 2775 950 2810 ibid.
969 2775 1076 2810 Com-

299 2836 459 2877 parantur
476 2825 619 2872 Scyllae,
645 2838 703 2870 41.
753 2825 945 2860 Aristotelis
962 2824 1075 2873 philo-

300 2875 455 2924 sophiam
499 2874 654 2921 religioni
687 2874 956 2916 immiscuerunt,
995 2884 1076 2920 297.

301 2924 545 2962 Subtilitatibus
558 2923 760 2958 immensum
775 2922 990 2966 indulserunt,
1009 2925 1075 2968 308

252 2975 393 3011 Scientia
411 2973 508 3022 quid,
1007 2984 1079 3019 274

252 3025 465 3060 Scientiarum
478 3021 671 3058 instauratio
683 3020 772 3055 unde
783 3021 941 3066 petenda,
959 3032 990 3066 3.
1011 3022 1079 3056 Ea-

302 3087 379 3109 rum
397 3073 508 3115 status,
528 3082 560 3118 7.
598 3069 834 3110 celebrantur,
853 3081 919 3103 non
939 3082 1079 3115 promo-

302 3133 438 3165 ventur,
466 3123 499 3158 8.
549 3119 725 3155 DiElatura
743 3116 907 3164 quaedam
930 3118 960 3151 in
970 3118 1076 3162 scien-

304 3174 376 3214 tiis,
395 3172 474 3207 ibid.
528 3170 647 3204 inflare
665 3168 802 3208 dicitur,
823 3176 935 3200 tamen
950 3179 1014 3201 non
1033 3168 1078 3200 in-

302 3222 372 3263 flat,
401 3224 457 3263 28,
480 3231 535 3267 29.
584 3219 662 3255 Sine
679 3216 840 3254 charitate
853 3216 939 3250 haud
961 3217 1076 3262 magni

998 1885 1069 1928 264

1133 255 1246 340 pretii,
1269 267 1325 303 29.
1377 255 1442 291 Per
1459 255 1491 292 se
1504 254 1667 304 jucunda,
1690 266 1745 301 30.
1779 257 1916 295 Lumen

1151 316 1277 347 iccum,

1140 414 1253 441 mente
1270 404 1435 446 Platonis,
1465 414 1522 450 27.
1574 403 1657 451 Ejus
1672 404 1867 441 excellentia
1881 407 1918 442 δε

1140 453 1327 500 opprobria
1355 465 1397 489 ex
1425 454 1639 501 quorundam
1677 453 1821 501 placitiS,
1863 454 1919 493 28.

1140 502 1261 550 Qalis
1271 502 1422 550 Lapsum
1437 502 1582 550 peperit,
1596 504 1768 550 appetitus
1781 503 1920 549 nimius,

1143 562 1201 598 29.
1254 552 1404 587 Nullum
1415 553 1478 587 effe
1491 552 1681 600 periculum
1696 565 1715 588 a
1731 553 1922 599 quantitate

1141 600 1196 636 sed
1214 613 1233 636 a
1251 601 1409 648 qualitate
1420 601 1576 647 scientiae
1587 612 1733 644 tantum,
1753 601 1830 638 ibid.
1853 603 1922 639 Sci-

1144 651 1250 684 entiae
1268 649 1404 693 limites,
1426 662 1486 698 29,
1515 662 1571 696 30.
1623 652 1782 686 Scientiae
1796 651 1921 688 subin-

1145 699 1211 735 itiis
1229 699 1425 747 viguerunt,
1452 710 1486 734 at
1504 712 1571 734 non
1602 711 1702 740 arteS,
1727 711 1785 744 42.
1839 700 1924 749 Ejus

1144 748 1290 795 dignitas
1319 749 1353 784 in
1385 749 1552 784 attributis
1583 749 1622 784 δε
1655 750 1738 785 actis
1755 749 1836 792 Dei,
1860 751 1921 795 46.

1144 799 1301 834 Scientiae
1320 811 1386 834 non
1406 798 1549 838 satietas,
1578 810 1636 845 57.
1688 800 1870 846 Aquarum
1883 800 1923 835 fi-

1147 847 1252 890 milis,
1278 851 1353 884 viz.
1380 848 1519 883 coelitus
1531 848 1740 890 descendens»,
1761 848 1816 884 vel
1830 848 1924 885 ema-

1147 909 1228 932 nans
1245 910 1263 932 e
1279 908 1378 940 terra,
1406 909 1462 945 93.
1514 899 1673 932 Scientiae
1703 896 1806 933 instar
1822 910 1926 947 pyra-

1148 947 1296 988 midum,
1328 959 1405 994 109.
1456 946 1537 992 Ejus
1554 947 1706 982 officium
1727 947 1925 984 abbreviare

1149 995 1252 1043 longa
1267 997 1397 1039 itinera,
1418 997 1496 1032 ibid.
1524 998 1666 1031 Scientia
1680 995 1783 1032 nostri
1798 1007 1838 1032 ex
1850 1008 1927 1033 ora-

1149 1045 1240 1087 culo,
1273 1059 1285 1081 1
1297 1046 1351 1082 16.
1404 1046 1466 1081 Est
1494 1045 1572 1081 finis
1593 1045 1819 1092 scientiarum,
1849 1054 1863 1082 1
1875 1057 1928 1094 17.

1151 1096 1294 1129 Scientia
1313 1095 1475 1143 pabulum
1494 1095 1611 1136 animi,
1643 1096 1720 1141 138.
1770 1096 1929 1131 Scientiae

1150 1143 1350 1179 hauriuntur
1365 1157 1406 1179 ex
1424 1145 1547 1192 linguis
1559 1145 1708 1186 eruditis,
1732 1144 1810 1180 160.
1859 1146 1930 1180 Sci-

1151 1195 1240 1227 entia
1255 1203 1417 1241 tanquam
1432 1195 1497 1229 tela
1511 1194 1726 1241 pertexenda,
1760 1193 1837 1240 165.
1889 1195 1929 1230 In

1143 1241 1291 1288 scientiis
1305 1243 1474 1278 tradendis
1486 1243 1677 1285 methodus,
1701 1242 1780 1287 167.
1822 1244 1930 1279 Scien-

1150 1294 1272 1327 tiaram
1299 1292 1520 1328 architestura
1552 1292 1600 1328 est
1627 1291 1818 1333 methodus,
1849 1293 1929 1329 168.

1154 1341 1285 1376 Earum
1303 1342 1485 1389 longitudo
1502 1342 1539 1376 δε
1558 1341 1718 1382 latitudo,
1738 1341 1818 1378 ibid.
1846 1342 1936 1378 Non‘

1153 1390 1201 1425 est
1210 1389 1368 1437 stientiae
1381 1392 1520 1434 satietas,
1552 1394 1627 1437 185.
1679 1391 1837 1426 Scientiae
1847 1391 1930 1427 civi-

1155 1439 1196 1475 lis
1213 1439 1414 1488 subjeffifflm,
1434 1452 1452 1475 2
1463 1453 1515 1487 15.
1558 1439 1713 1476 Postulat
1725 1450 1858 1476 tantum
1872 1441 1933 1477 bo·

1155 1490 1296 1525 nitatem
1314 1500 1499 1533 externam,
1519 1489 1596 1525 ibid.
1634 1489 1722 1526 Tres
1738 1489 1841 1526 habet
1854 1502 1933 1538 par-

1157 1549 1218 1581 tes,
1243 1539 1321 1575 ibid.
1374 1540 1428 1574 De
1445 1539 1697 1575 conversatione
1725 1551 1745 1574 a
1763 1540 1935 1576 nonnullis

1156 1588 1326 1634 eleganter
1339 1589 1491 1630 transsata,
1520 1588 1601 1624 216.
1651 1589 1812 1623 Scientiae
1822 1589 1934 1625 civilis

1155 1637 1353 1680 desiderata,
1381 1648 1463 1682 242.
1512 1639 1725 1673 Scientiarum
1747 1638 1935 1682 calamitas,

1159 1686 1241 1724 286.
1267 1687 1427 1722 Scientiae
1439 1687 1503 1722 suis
1516 1687 1653 1723 haerent
1664 1686 1828 1734 vestigiis,
1847 1689 1932 1735 289.

1158 1736 1227 1771 Cur
1245 1748 1366 1783 parum
1384 1737 1634 1784 promoverint,
1654 1746 1740 1783 290,
1759 1747 1844 1784 291,
1863 1737 1936 1775 &a

1156 1786 1370 1820 Scientiarum
1399 1785 1656 1833 impedimenta,
1685 1796 1755 1831 293
1780 1805 1830 1813 --
1855 1789 1937 1833 298.

1159 1835 1300 1870 Scientia
1317 1834 1474 1870 essentiae
1494 1835 1620 1882 imago,
1650 1845 1730 1881 307.
1780 1836 1940 1871 Scientiae

1157 1884 1201 1918 ab
1229 1883 1306 1931 ipsis
1341 1883 1567 1920 fundamentis
1604 1884 1814 1928 excitandae,
1854 1895 1939 1931 314.

1160 1933 1252 1968 Vera
1270 1945 1328 1980 per
1344 1933 1463 1974 causas,
1870 1946 1939 1982 313

1109 1983 1275 2018 Scintillae
1292 1995 1354 2030 per
1367 1983 1607 2029 percussionem
1619 1995 1658 2017 ex
1674 1982 1854 2019 substantia
1869 1985 1938 2020 fili-

1162 2032 1206 2068 cis
1222 2043 1278 2067 aut
1305 2031 1469 2079 chalybis,
1498 2043 1580 2078 323.
1630 2033 1678 2067 Et
1702 2032 1777 2068 ideo
1793 2045 1940 2082 vergunt

1160 2081 1330 2122 deorsum,
1859 2082 1942 2120 ibid.

1115 2133 1220 2178 Scipio
1239 2143 1402 2178 magnum
1422 2130 1604 2166 memoriae
1623 2131 1734 2172 decus,
1873 2134 1939 2169 118

1116 2183 1206 2217 Scire
1223 2193 1315 2222 vere,
1341 2180 1386 2215 est
1405 2193 1464 2228 per
1481 2179 1590 2215 causas
1597 2180 1698 2226 scire,
1871 2193 1941 2229 313

1120 2231 1232 2266 Scotiae
1249 2229 1388 2265 historia
1406 2228 1522 2277 qualis,
1895 2242 1939 2279 73

1117 2279 1281 2316 Scribendi
1298 2279 1420 2314 modus
1437 2278 1633 2326 aptiffimus‚
1870 2291 1890 2316 2
1897 2284 1941 2317 28

1116 2331 1256 2375 Scriptio
1277 2329 1463 2364 memoriae
1481 2327 1741 2370 adminiculum,
1775 2329 1852 2374 156.
1887 2331 1944 2367 De

1167 2378 1383 2425 Scriptoribus
1395 2377 1606 2419 authenticis,
1622 2389 1640 2412 2
1647 2390 1703 2425 57.
1746 2376 1944 2416 Multitudo

1166 2441 1283 2463 eorum
1304 2440 1346 2463 ne
1366 2427 1403 2462 fit
1417 2427 1565 2462 enormis
1584 2427 1616 2461 in
1634 2428 1723 2475 lege,
1865 2429 1943 2465 ibid.

1117 2479 1149 2515 S.
1161 2479 1352 2523 Scripturae
1371 2475 1600 2523 interpretatio
1618 2478 1796 2522 quomodo
1815 2477 1946 2515 institu-

1171 2527 1271 2569 enda,
1299 2526 1383 2571 265,
1411 2526 1448 2559 &
1482 2525 1546 2572 seq.
1599 2526 1681 2561 Non
1716 2528 1852 2569 eodem,
1877 2540 1948 2576 quo

1164 2576 1285 2624 scripta
1299 2576 1460 2617 humana,
1479 2574 1585 2610 modo
1598 2575 1860 2623 interpretanda,
1875 2578 1948 2613 266

1119 2628 1216 2662 Scuta
1232 2624 1411 2672 gentilitia,

1120 2675 1240 2721 Scyllae
1256 2674 1387 2717 fabula,
1877 2638 1946 2721 ²23

1121 2724 1265 2770 Scythae,
1900 2728 1946 2770 48

1121 2774 1181 2810 Ad
1190 2775 1317 2809 Secreta
1325 2781 1460 2808 naturae
1470 2772 1644 2808 reseranda
1653 2773 1840 2821 sumptibus
1846 2787 1946 2823 opus,

1901 2826 1945 2859 62

1121 2872 1370 2908 Secretarioram
1383 2870 1512 2906 inscitia
1525 2871 1562 2906 ὅτ,
1575 2871 1760 2919 imperitia,
1781 2873 1858 2917 164.
1877 2873 1946 2909 Eo-

1172 2934 1246 2957 rum
1265 2920 1429 2962 officium,
1884 2935 1951 2970 194

1122 2971 1268 3006 Secundis
1286 2978 1342 3004 aut
1360 2969 1463 3004 tertiis
1492 2969 1649 3016 gradibus
1678 2970 1782 3005 etiam
1803 2971 1879 3007 licet
1896 2985 1951 3007 ac-

1174 3019 1354 3067 quiescere,
1879 3033 1948 3068 239

1125 3070 1331 3104 Sedentariae
1344 3075 1427 3101 artes
1439 3067 1655 3102 mechanicae
1668 3068 1871 3104 militaribus
1883 3070 1948 3105 ani-

1176 3118 1239 3151 mis
1257 3115 1455 3157 contrariae,
1485 3126 1566 3160 245.
1620 3116 1668 3151 Et
1697 3117 1773 3153 ideo
1792 3119 1950 3166 alienige-

1175 3166 1225 3200 nis
1244 3176 1298 3200 aut
1317 3164 1419 3199 servis
1437 3165 1709 3209 committantur,
1771 3179 1852 3213 245,
1882 3170 1950 3212 246

1864 3218 1952 3253 Sedes

1772 306 1824 341 Pa
1850 336 1857 344 ,
1925 322 1940 329 -·

976 357 1045 391 208
1087 355 1230 390 Scientia
1240 354 1324 390 nihil
1338 355 1431 390 aliud
1451 366 1553 402 quam
1571 319 1852 399 Reminiscentiz‘i,
1871 320 1918 393 ’ἒξ

2021 304 2035 471 μῴὣῇμ-
2023 150 2031 298 a—u—
2019 132 2027 142 =
