2040 3439
74 259 256 324 Caph.
296 261 392 305 DE
447 257 946 305 AUGMENTIS
993 257 1601 307 SCIENTIARUM.

701 412 742 457 C
781 413 826 458 A
863 410 912 457 P.
986 412 1042 457 ΙΙ.

71 487 272 527 ‘Domina
298 488 343 527 de
368 487 542 527 methodo
555 487 746 541 firmanis
775 486 1020 539 constituitur
1043 495 1089 527 ut
1105 497 1205 541 pars
1227 484 1451 528 traditivae
1461 486 1674 541 fitbstanti-

121 557 176 582 va
203 540 250 587 ὠ
269 543 526 597 priuctpalis:
566 542 721 582 Nomen
744 543 780 580 ei
801 541 954 583 inditur
969 541 1186 596 prudentia
1209 542 1443 583 traditivae.
1507 543 1675 583 Enume-

123 607 261 658 rantur
289 598 459 692 rtczlethodi
479 611 624 651 genera
651 596 808 650 diversa
822 616 838 641 ,-
884 595 930 642 ὠν
945 597 1237 652 sicbjunguntur
1262 609 1387 637 eorum
1415 598 1607 638 commoda
1629 598 1678 645 ό

120 666 304 692 mcommo
333 667 368 692 a.

195 765 223 800 E
235 763 340 802 NIA
351 765 392 801 M
405 765 447 804 U
457 766 479 802 S
495 764 541 801 ad
556 763 766 800 doctrinam
782 763 829 802 de
844 763 1030 801 methodo
1046 759 1241 801 sermonis.
1294 764 1348 800 Ea
1362 774 1403 802 ut
1418 776 1498 814 pars
1512 765 1673 803 dialecti-

213 831 275 856 cae
290 820 435 857 tractari
460 818 666 856 consuevit.
723 819 848 856 Etiam
871 820 1001 856 locum
1018 821 1058 855 in
1073 819 1260 856 rhetorica
1283 830 1347 868 per
1363 831 1508 857 nomen
1524 819 1672 870 disposs⁴

64 875 180 918 tionis
202 876 347 924 reperit.
407 876 552 912 Verum
573 874 778 910 collocatio
798 875 874 918 ejus
890 875 929 910 in
953 872 1142 910 famulitio
1161 874 1317 910 aliarum
1337 874 1475 910 artium
1501 875 1542 911 in
1567 875 1674 914 causa

0 946 9 968 ι.
63 927 145 975 fuit,
182 939 223 966 ut
248 929 422 980 plurima,
459 941 553 980 quae
578 928 622 965 ad
647 927 763 979 ipsam
790 928 963 978 spectant,
1002 926 1158 977 cognitu
1180 926 1285 965 utilia
1308 928 1559 977 praetermissa
1586 927 1669 967 fint.

63 979 197 1033 Visum
219 985 331 1033 igitur
355 985 403 1021 est
426 984 537 1021 nobis
564 983 775 1020 doctrinam
797 983 1058 1021 substantivam
1082 984 1118 1020 ὃ(
1140 983 1388 1034 principalem
1412 983 1458 1020 de
1482 983 1671 1022 methodo

63 1037 297 1086 constituere,
327 1051 440 1087 quam
464 1040 624 1075 nomine
644 1039 805 1087 generali
827 1038 1065 1088 prudentiam
1088 1037 1283 1075 traditivae
1305 1039 1542 1087 appellamus.
1601 1040 1670 1078 Ita—

63 1093 335 1144 quewmethodi
368 1106 502 1143 genera
534 1093 634 1139 (cum
663 1094 760 1129 varia
787 1090 869 1141 lint)
902 1092 1207 1130 enumerabimus
1235 1091 1360 1142 potius
1392 1105 1506 1141 quam
1534 1096 1666 1143 partie-

63 1151 158 1186 mur.
219 1147 349 1198 Atque
381 1150 427 1186 de
458 1148 565 1186 unica
595 1148 779 1184 methodo
808 1151 844 1185 ὃ(
874 1148 1120 1184 dichotomiis
1148 1148 1336 1199 perpetuis
1364 1149 1419 1184 nil
1447 1148 1583 1186 attinet
1612 1150 1665 1186 di-

61 1205 167 1240 cere:
204 1204 286 1241 Fuit
311 1206 415 1241 enim
440 1203 622 1240 nubecula
638 1205 818 1250 quaedam
839 1203 1044 1250 doetrinae,
1074 1214 1168 1251 quae
1191 1201 1268 1239 cito
1289 1200 1450 1239 transsit:
1485 1215 1543 1240 res
1565 1214 1666 1242 certe

60 1255 166 1295 fimul
187 1261 224 1296 δε
247 1257 334 1296 levis
361 1261 397 1296 ὅ(
422 1257 579 1295 scientiis
599 1254 887 1294 damnolillima.
944 1259 1098 1294 Etenim
1121 1256 1336 1301 hujusmodi
1357 1257 1546 1304 homines,
1575 1271 1666 1296 cum

59 1313 231 1350 methodi
253 1313 334 1350 suae
352 1314 494 1364 legibus
519 1325 573 1350 res
588 1320 810 1361 torqu‘eant3
841 1315 877 1349 ὅ(
892 1324 1138 1361 quaecunque
1152 1313 1193 1348 in
1208 1312 1460 1349 dichotomias
1480 1313 1562 1350 illas
1583 1326 1665 1351 non

56 1377 141 1417 apte
161 1368 298 1405 cadunt
323 1380 385 1406 aut
401 1370 593 1414 omittant,
624 1378 685 1404 aut
710 1377 851 1418 praeter
866 1377 1038 1403 naturam
1064 1367 1278 1406 inflectar-ln
1308 1366 1382 1404 hoc
1409 1363 1593 1415 efficiunt,
1623 1379 1665 1409 ut

57 1420 158 1471 quast
180 1422 354 1461 nuclei&
377 1436 492 1473 grana
510 1422 742 1460 scientiarum
768 1421 931 1468 exiliant,
963 1419 1025 1470 ipsi
1046 1422 1163 1457 aridas
1178 1431 1329 1458 tautum
1352 1424 1389 1458 ὅ(
1408 1421 1570 1459 desertas
1594 1421 1665 1460 ffli-

56 1488 146 1526 quas
164 1476 353 1527 stringant.
410 1480 538 1526 ltaque
559 1477 683 1514 inania
709 1477 935 1526 compendia
962 1477 1058 1526 parit
1079 1476 1153 1512 hoc
1179 1487 1297 1525 genus
1318 1476 1522 1526 methodi„
1544 1476 1665 1516 solida

57 1531 293 1570 scIentiarum
310 1533 472 1570 destruit.

111 1587 518 1625 CONSTITUATUR
542 1587 656 1636 igitur
679 1587 798 1638 prima
821 1584 1033 1623 differentia
1052 1583 1238 1632 methodi,
1268 1594 1308 1623 ut
1328 1582 1370 1622 fit
1394 1595 1456 1623 aut
1478 1587 1666 1636 magistra-

56 1641 102 1678 lis
129 1652 192 1679 aut
220 1640 413 1680 initiativa.
477 1645 614 1690 Neque
643 1653 736 1679 vero
764 1640 921 1678 verbum
949 1639 1154 1679 initiativae
1182 1641 1233 1677 ita
1258 1641 1522 1690 intelligimu5‚
1562 1640 1664 1690 quast

53 1695 144 1734 haec
163 1695 270 1734 initia
296 1697 534 1736 scientiarum
555 1707 705 1735 tantum
729 1695 906 1743 traderet,
943 1697 1008 1735 illa
1036 1695 1251 1733 doctrinam
1274 1696 1486 1744 integram3
1525 1709 1660 1735 verum

56 1762 189 1790 contra
223 1752 462 1800 (vocabulum
497 1765 516 1790 a
547 1751 650 1790 sacris
678 1751 906 1800 mutuantes)
938 1763 1020 1788 eam
1053 1751 1215 1788 dicimus
1248 1750 1476 1788 methodum
1509 1749 1663 1789 initiati-

55 1818 154 1854 vam,
191 1819 285 1859 quae
314 1808 388 1860 ipsa
416 1807 658 1845 scientiarum
686 1805 855 1856 mysteria
880 1806 1045 1844 recludat
1072 1808 1109 1843 ὅ(
1137 1806 1315 1843 denudet.
1372 1803 1592 1854 Magistralis
1622 1805 1662 1844 fi-

53 1863 208 1911 quidcm
221 1863 331 1900 docet
344 1876 354 1904 ς
371 1862 553 1902 initiativa
569 1864 739 1900 intimat:
757 1859 976 1910 Magistralis
991 1860 1122 1912 poscit,
1139 1871 1179 1897 ut
1190 1860 1281 1897 fides
1296 1860 1475 1897 habeatur
1488 1859 1548 1902 iis3
1565 1874 1660 1909 quae

53 1919 251 1958 dicuntur3
279 1917 460 1956 initiativa
484 1931 574 1956 vero
589 1919 713 1967 potius
735 1927 778 1954 ut
795 1928 950 1954 examen
974 1916 1145 1954 subeant:
1174 1914 1309 1951 Altera
1324 1913 1493 1951 scientias
1517 1915 1659 1953 discen-

54 1974 152 2010 tium
168 1974 284 2022 vulgo
298 1987 308 2013 ς
339 1974 452 2010 altera
467 1984 647 2022 tanquam
666 1973 751 2009 filiis
767 1971 1008 2009 scientiarum
1024 1970 1160 2011 tradit3
1189 1970 1352 2018 denique
1369 1971 1482 2006 altera
1496 1982 1566 2020 pro
1581 1970 1658 2008 fine

55 2027 165 2065 habet
184 2027 419 2066 scientiarum
444 2029 583 2077 (quales
599 2029 672 2073 jam
696 2027 792 2073 sunt)
811 2026 940 2067 usum3
971 2027 1084 2063 altera
1105 2024 1308 2062 earundem
1323 2026 1657 2063 continuationem

54 2084 93 2120 &
107 2084 328 2121 ulteriorem
343 2083 584 2134 progr-cisum.
642 2085 784 2120 Harum
805 2080 985 2131 posterior
1000 2082 1058 2118 via
1072 2080 1219 2118 videtur
1235 2078 1377 2116 deserta
1393 2081 1429 2116 ὃς
1448 2077 1656 2117 interclusa.

52 2138 105 2174 Ita
121 2140 226 2175 enim
241 2138 361 2175 adhuc
376 2137 547 2175 scientiae
563 2134 660 2175 tradi
675 2135 962 2183 consueverunt,
982 2133 1081 2184 quasi
1097 2148 1138 2172 cx
1153 2134 1273 2186 paeto,
1292 2144 1370 2171 tam
1386 2134 1526 2171 docens
1543 2146 1658 2183 quarn

53 2193 197 2230 discens
217 2205 361 2230 errores
382 2193 552 2230 asciscere
576 2191 736 2242 cupiant.
792 2193 945 2228 Etenim
969 2192 1033 2239 qui
1057 2191 1181 2236 docet,
1212 2201 1259 2226 eo
1282 2189 1394 2225 docet
1414 2189 1548 2235 modo,
1578 2201 1659 2237 quo

51 2250 215 2285 maxime
238 2248 344 2285 dietis
361 2247 431 2285 suis
446 2248 535 2285 fides
555 2249 743 2293 astruatur,
773 2258 853 2283 non
881 2258 958 2293 quo
975 2247 1038 2282 illa
1062 2239 1368 2282 commodiffime
1390 2245 1553 2280 examini
1576 2243 1656 2281 sub-

49 2302 226 2348 jiciantur
236 2318 242 2339 :
273 2305 308 2339 ὅ(
324 2305 387 2351 qui
405 2302 522 2349 discit,
551 2301 613 2339 sibi
629 2302 818 2350 extemplo
834 2299 1007 2344 satisfieri,
1037 2312 1115 2336 non
1131 2299 1341 2348 legitimam
1357 2296 1656 2345 disquisitionem

51 2357 273 2406 praestolari,
296 2360 452 2409 expetit;
475 2369 513 2395 ut
530 2359 647 2406 magis
660 2355 701 2393 fit
716 2358 749 2392 ei
762 2355 869 2392 cordi
886 2367 965 2391 non
980 2355 1162 2400 dubitare,
1185 2364 1296 2401 quam
1314 2364 1393 2389 non
1410 2364 1541 2390 errare.
1599 2354 1655 2391 Ita

51 2405 99 2450 ut‘
115 2416 152 2451 δε
175 2413 342 2462 magister
368 2425 497 2449 amore
513 2414 653 2462 gloriae
681 2411 938 2447 infirmitatem
959 2408 1132 2446 scientiae
1161 2406 1244 2444 suae
1264 2407 1423 2456 prodere
1447 2417 1583 2454 caveat,
1618 2410 1656 2446 ὅτ.

21 2472 24 2476 ’
50 2467 246 2520 discipulus
274 2469 413 2505 laboris
440 2469 531 2504 odio
559 2469 654 2505 vires
684 2467 850 2515 proprias
879 2465 1039 2513 experiri
1068 2461 1176 2500 nolit.
1236 2463 1397 2498 Scientia
1417 2473 1519 2508 vero,
1558 2474 1654 2510 quae

50 2524 130 2560 aliis
146 2535 323 2572 tanquam
343 2525 415 2559 tela
432 2522 654 2571 perrexenda
670 2521 837 2566 traditur,
867 2520 998 2556 eadem
1016 2518 1202 2555 methodo
1221 2514 1258 2563 (fi
1279 2517 1358 2553 fieri
1374 2512 1501 2566 possit)
1520 2518 1654 2554 animo

53 2577 198 2616 alterius
227 2578 274 2615 cst
300 2576 528 2625 insinuanda,
569 2590 640 2625 qua
667 2577 840 2625 primitus
870 2573 1019 2611 iuventa
1048 2572 1106 2610 cst.
1163 2572 1294 2619 Atque
1324 2570 1396 2607 hoc
1425 2571 1547 2620 ipsum
1572 2571 1652 2609 fleri

51 2631 135 2670 sane
161 2632 279 2683 potest
303 2635 341 2669 in
369 2633 518 2669 seientia
540 2644 604 2684 per
634 2631 895 2668 inductionem
923 2625 1116 2676 acquisita:
1153 2626 1214 2664 sed
1243 2628 1283 2663 in
1310 2627 1510 2675 anticipata·
1528 2626 1590 2663 ista
1615 2629 1652 2664 δε

52 2699 282 2736 praematura
307 2688 456 2724 scientia
483 2689 566 2738 (qua
591 2685 743 2731 utimur)
763 2697 842 2722 non
866 2682 971 2720 facile
990 2682 1085 2720 dicat
1107 2683 1201 2731 quis,
1230 2692 1308 2729 quo
1330 2679 1461 2717 itinere
1485 2680 1530 2717 ad
1557 2692 1654 2729 eam,

54 2755 166 2791 quam
192 2743 316 2780 nntius
340 2743 398 2789 cst,
431 2742 621 2779 scientiam
645 2741 867 2792 pervenerit.
924 2739 1110 2775 Attamen
1134 2736 1218 2774 sane
1246 2735 1451 2773 secundum
1476 2736 1594 2779 majus
1615 2739 1652 2774 δε

55 2799 180 2834 miuus
205 2795 315 2847 pollit
342 2800 422 2846 quis
450 2797 640 2834 scientiam
669 2795 858 2845 propriam
884 2792 1051 2840 revisere,
1090 2795 1125 2829 ὃ(
1145 2792 1294 2840 vestigia
1317 2789 1399 2827 suae
1423 2788 1653 2839 cognitionis

55 2850 160 2890 simul
184 2856 219 2890 ἀ
240 2852 438 2890 consensus*
464 2853 653 2891 remetiri3
685 2861 793 2897 atque
815 2849 888 2885 hoc
912 2848 1018 2899 pasto
1041 2847 1232 2884 scientiam
1253 2843 1299 2883 fic
1318 2845 1586 2897 transplantare
1609 2847 1651 2882 in

53 2910 223 2944 animum
237 2907 413 2953 alienum,
432 2905 519 2944 ficut
533 2905 644 2943 etex-it
657 2908 694 2942 in
710 2904 785 2941 suo.
808 2901 963 2940 Artibus
973 2903 1075 2938 enim
1090 2903 1191 2938 idem
1204 2900 1373 2938 usuvenit
1383 2900 1486 2949 quod
1499 2901 1652 2949 plantis:

56 2961 77 2998 fi
103 2965 225 3012 planta
241 2966 361 3011 aliqua
387 2964 441 2999 uti
457 2962 494 2998 in
519 2963 650 2998 animo
674 2960 816 3003 habeaS,
846 2958 892 2994 de
915 2957 1035 2994 radice
1050 2955 1139 3005 quid
1160 2956 1236 3003 fiat,
1264 2956 1320 2992 nil
1343 2955 1456 2992 refert
1475 2969 1482 2991 :
1512 2953 1537 2991 fi
1560 2966 1653 2992 vcro

55 3019 251 3055 transferre
267 3019 389 3068 cupias
412 3019 448 3053 in
467 3017 565 3053 aliud
584 3015 717 3060 solum,
747 3012 861 3050 tutius
876 3012 924 3050 est
947 3010 1130 3049 radicibus
1145 3012 1212 3057 uti,
1241 3022 1353 3059 quam
1370 3009 1532 3048 surculis.
1590 3009 1652 3045 Sic

55 3072 217 3117 trajam,
261 3074 365 3122 (quae
391 3084 491 3108 nunc
521 3073 558 3107 in
581 3070 644 3107 usu
669 3069 727 3117 cst)
761 3068 907 3104 exhibet
936 3067 1044 3116 plane
1073 3078 1252 3115 tanquam
1277 3076 1432 3103 truncos
1463 3062 1653 3112 (pulchros

56 3129 139 3164 illos
162 3128 327 3176 quidem)
348 3126 609 3163 itionum-uma
648 3124 706 3161 sed
732 3134 858 3161 tamen
878 3122 1013 3170 absque
1034 3122 1217 3159 radicibus
1240 3120 1350 3158 fabro
1366 3119 1528 3169 lignario
1550 3128 1650 3208 cgtte

1410 3184 1567 3210 commo
1596 3183 1650 3218 os,

1725 264 1820 328 165
