2040 3439
72 243 1707 364 FRANCISCUS

259 661 355 766 V
408 672 489 768 E
541 672 627 768 R
684 662 781 770 U
839 673 921 768 L
980 674 1075 769 A
1126 665 1247 771 M
1296 675 1339 769 I
1391 673 1484 771 O

484 893 632 966 Sic
706 887 1271 977 COGITAVIT,

64 1099 320 1174 ‘salemque
362 1096 489 1173 apud
536 1108 578 1154 se
615 1109 839 1157 rationem
883 1109 1105 1170 instituit3
1162 1129 1302 1175 quam
1342 1116 1591 1164 viventibus
1633 1122 1677 1166 Sc

274 1179 455 1246 posteris
491 1190 648 1226 notam
681 1177 794 1236 fieri,
829 1180 1028 1244 ipsorum
1054 1183 1258 1231 interesse
1278 1188 1466 1248 putavit.

253 1363 350 1403 UM
376 1360 431 1399 illi
453 1373 524 1412 pro
543 1371 745 1413 comperto
765 1363 863 1410 effer,
899 1363 1135 1401 intellectum
1155 1365 1367 1403 humanum
1389 1365 1453 1404 fibi
1474 1366 1537 1419 ipfi
1561 1382 1676 1420 nego-

271 1419 369 1455 tium
402 1417 584 1463 faeeffere,
626 1428 750 1465 neque
783 1416 922 1455 auxiliis
955 1420 1050 1456 veris
1080 1418 1192 1468 (quae
1220 1420 1259 1456 in
1295 1421 1465 1458 hominis
1498 1425 1677 1475 potestate

272 1472 369 1521 sunt)
403 1474 457 1509 uti
484 1471 606 1508 sobrie
635 1473 672 1509 ὅ(
696 1472 923 1513 commode5
967 1474 1068 1510 unde
1093 1475 1289 1524 multiplex
1318 1488 1445 1514 rerum
1471 1480 1677 1527 ignoratio,

162 1532 166 1536 '
198 1526 201 1528 ’
271 1531 308 1565 &
327 1540 370 1565 ex
390 1525 631 1576 ignoratione
650 1538 777 1564 rerum
805 1527 1034 1565 detrimenta
1057 1529 1276 1566 innumera:
1316 1533 1426 1568 omni
1449 1544 1522 1584 ope
1546 1536 1677 1572 conni-

62 1585 225 1623 tendum
250 1583 480 1629 existimavit‚
516 1580 543 1618 st
565 1594 643 1632 quo
667 1583 790 1619 modo
813 1585 1091 1621 commercium
1111 1584 1204 1621 istud
1230 1587 1369 1622 mentis
1388 1589 1425 1624 δε
1451 1600 1577 1626 rerum
1601 1590 1676 1635 (cui

60 1642 123 1679 'vix
144 1639 287 1688 aliquid
310 1637 350 1675 in
368 1638 489 1684 terris,
526 1647 588 1674 aut
612 1636 741 1674 saltem
766 1639 807 1675 in
831 1640 1001 1686 terrenis,
1031 1638 1068 1676 se
1092 1638 1253 1677 ostendit
1273 1639 1408 1691 simile)
1431 1642 1569 1682 restitui
1592 1646 1676 1693 pos-

63 1695 117 1734 set
139 1696 182 1733 in
200 1696 406 1744 integrum,
434 1702 497 1731 aut
513 1692 643 1730 saltem
664 1694 705 1729 in
724 1694 860 1732 melius
875 1693 1022 1732 deduci.
1080 1695 1140 1735 Ut
1160 1707 1252 1733 vero
1266 1708 1410 1733 errores
1426 1700 1490 1746 qui
1515 1698 1676 1737 invalue-

64 1759 169 1797 runt,
207 1750 348 1798 quique
374 1747 414 1786 in
437 1758 633 1786 aeternum
651 1747 842 1787 invalituri
867 1748 963 1797 sunt,
1001 1749 1065 1787 alii
1089 1750 1169 1800 post
1194 1750 1285 1788 alios
1312 1750 1350 1798 (fi
1373 1764 1479 1789 mens
1508 1752 1570 1791 fibi
1596 1767 1676 1804 per-

0 1822 7 1829 ·
62 1802 254 1854 mittatur)
284 1802 347 1856 ipsi
375 1803 410 1841 se
438 1802 681 1853 corrigerent,
721 1805 781 1843 vel
810 1817 853 1842 ex
883 1806 918 1843 vi
947 1806 1159 1843 intellectus
1178 1808 1341 1856 propria,
1382 1809 1503 1846 velex
1533 1810 1676 1848 auxiliis

63 1872 177 1910 atque
205 1859 440 1898 adminiculis
469 1857 690 1907 dialecticae,
727 1860 831 1897 nulla
859 1861 1009 1910 prorsus
1034 1861 1178 1898 suberat
1206 1862 1306 1913 spcs;
1344 1874 1543 1913 propterea
1572 1868 1676 1916 quod

62 1917 244 1954 notiones
265 1926 393 1953 rerum
416 1916 570 1965 primae,
600 1927 689 1966 quas
704 1927 812 1952 mens
837 1914 964 1954 haustu
980 1916 1079 1953 facili
1104 1919 1141 1954 ὃ(
1166 1916 1300 1968 supino
1323 1920 1469 1967 excipit,
1501 1922 1676 1958 recondit

64 1981 176 2020 atque
199 1970 409 2008 accumulat
435 1969 555 2019 (unde
575 1969 716 2019 reliqua
738 1969 868 2008 omnia
891 1969 1031 2020 fluunt)
1056 1970 1209 2009 vitiosae
1230 1970 1311 2013 sint,
1352 1976 1388 2010 δε
1412 1975 1599 2021 confusae,
1638 1979 1675 2013 ὅ(

63 2030 207 2064 temere
227 2037 247 2062 a
266 2025 373 2062 rebus
390 2025 583 2062 abstractae
596 2040 606 2067 5
644 2038 766 2074 neque
789 2027 920 2063 minor
943 2023 984 2063 fit
1008 2028 1048 2063 in
1070 2026 1240 2065 secundis
1261 2030 1297 2064 §t
1319 2030 1471 2077 reliquis
1496 2031 1616 2067 libido
1639 2034 1677 2068 ἃ

64 2081 332 2119 inconstantia:
370 2093 414 2117 ex
437 2093 516 2129 quo
536 2080 590 2128 fit,
620 2091 661 2118 ut
682 2080 852 2118 universa
875 2080 935 2118 ista
961 2082 1057 2118 ratio
1080 2082 1256 2128 humana,
1294 2096 1366 2131 qua
1387 2087 1529 2121 utimur
1549 2087 1675 2133 quoad

63 2134 350 2185 inquisitionem
379 2146 545 2181 naturae,
585 2148 666 2173 non
697 2137 793 2173 bene
822 2137 995 2185 congesta
1025 2140 1061 2174 δε
1089 2137 1280 2175 aedificata
1309 2136 1363 2183 fit,
1404 2139 1461 2176 scd
1493 2150 1672 2188 tanquam

63 2193 186 2230 moles
214 2192 337 2238 aliqua
366 2190 561 2240 magnifica
587 2189 662 2227 fine
690 2192 954 2229 fundamento.
1011 2193 1117 2229 Dum
1145 2194 1250 2229 enim
1276 2193 1380 2230 salins
1412 2196 1548 2231 mentis
1577 2196 1674 2232 vires

65 2245 249 2284 mirantur
277 2245 452 2282 homines
477 2247 514 2282 ὅ(
540 2246 750 2285 celebrant3
786 2258 889 2283 veras
918 2246 1083 2289 ejusdem
1104 2259 1199 2295 quae
1227 2248 1296 2284 effe
1320 2245 1460 2296 pollint
1489 2247 1526 2294 (fi
1551 2249 1676 2287 debita

64 2304 100 2340 ei
122 2301 368 2338 adhibeantur
387 2302 531 2347 auxilia,
561 2310 671 2349 atque
693 2300 765 2350 ipsa
783 2303 890 2337 rebus
916 2303 1106 2349 morigera
1130 2299 1183 2348 fit,
1214 2314 1284 2338 nec
1309 2303 1541 2355 impotenter
1566 2305 1674 2342 rebus

65 2356 232 2403 insultet)
261 2365 499 2407 praetereunt
526 2358 563 2392 ὅ(
588 2356 775 2404 perdunt:
814 2355 984 2393 Restabat
1005 2356 1099 2393 illud
1126 2368 1260 2403 unum,
1297 2368 1338 2394 ut
1365 2371 1422 2394 res
1445 2359 1493 2395 de
1522 2361 1675 2408 integro

64 2421 245 2458 tentetur,
274 2410 498 2447 melioribus
521 2408 730 2461 praesidii53
767 2420 880 2461 utque
905 2410 967 2447 fiat
984 2408 1223 2448 scientiarum
1248 2413 1284 2448 ὅ(
1300 2414 1437 2449 artium
1459 2423 1571 2462 atquc
1592 2427 1672 2451 om-

65 2465 124 2504 nis
151 2467 337 2504 humanae
364 2464 555 2502 dostrinae
585 2467 625 2502 in
654 2463 866 2503 universum
897 2465 1124 2513 instauratio,
1161 2478 1180 2503 a
1204 2466 1340 2504 debitis
1361 2470 1516 2506 excitata
1545 2469 1674 2507 fimen-

66 2523 217 2560 men-tis.
272 2522 358 2557 Hoc
380 2533 471 2559 vcro
493 2522 579 2557 licet
603 2520 766 2570 aggressu
788 2520 981 2558 infinitum
1008 2521 1187 2569 quiddam
1208 2520 1325 2558 videri
1346 2520 1470 2571 polilt,
1508 2536 1549 2560 ae
1570 2524 1675 2574 supra

66 2579 164 2614 vires
186 2577 385 2616 mortales;
422 2585 550 2613 tamen
576 2576 678 2613 idem
698 2576 854 2613 tractatu
878 2576 1009 2612 sanum
1032 2578 1246 2613 invenietur
1271 2589 1313 2613 ac
1340 2577 1518 2623 sobrium,
1556 2583 1675 2629 magis

65 2643 181 2681 quam
203 2643 244 2668 ca
267 2643 360 2679 quae
383 2631 504 2668 adhuc
527 2631 619 2668 facta
644 2631 739 2668 sunt.
796 2632 925 2667 Exitus
951 2629 1053 2668 enim
1073 2631 1181 2674 hujus
1207 2633 1259 2668 rei
1283 2632 1331 2668 cst
1356 2635 1574 2671 nonnullus.
1634 2637 1675 2672 In

67 2688 113 2724 iis
140 2698 245 2733 vero,
287 2698 381 2734 quae
409 2687 485 2733 jam
515 2686 611 2723 fiunt
639 2687 737 2723 c'rca
763 2684 945 2733 scientias,
986 2685 1035 2722 est
1063 2688 1210 2736 vertigo
1238 2687 1421 2734 quaedam
1452 2691 1487 2726 ἃ
1518 2691 1675 2738 agitatio

66 2752 244 2794 perpetua
268 2743 305 2778 δ(
328 2742 508 2778 circulus:
545 2698 683 2789 Nequit
706 2753 793 2778 eum
815 2741 923 2790 fugit,
961 2751 1100 2789 quanta
1123 2743 1163 2777 in
1185 2741 1387 2779 solitudine
1411 2744 1575 2781 venetur
1600 2746 1673 2782 hoe

67 2797 382 2848 experimentum,
408 2798 444 2833 &
464 2807 576 2847 quam
601 2796 738 2833 durum
755 2798 791 2833 ὃς
816 2796 1034 2833 incredibile
1060 2794 1100 2833 fit
1123 2796 1167 2833 ad
1193 2796 1401 2834 faciendam
1426 2799 1550 2835 fidem.
1608 2802 1676 2838 M-

67 2851 291 2897 hilominus,
321 2863 392 2888 nec
406 2862 500 2898 rem,
529 2863 599 2887 nec
615 2850 770 2900 seipsum
788 2850 1033 2888 deserendum
1051 2853 1216 2900 putavitz
1246 2852 1337 2900 quin
1353 2855 1464 2900 viam,
1494 2867 1675 2902 quaeum

68 2906 254 2944 humanae
272 2907 390 2943 menti
415 2907 539 2957 pervia
559 2905 618 2952 est,
656 2916 818 2942 tentaret
842 2915 953 2953 atque
971 2907 1105 2942 iniret:
1142 2908 1297 2944 Praestat
1319 2910 1422 2945 enini
1448 2911 1674 2960 principium

69 2962 156 2998 dare
176 2961 242 3005 rei,
271 2973 364 3009 quae
388 2963 527 2998 exitum
550 2960 684 2997 habere
709 2957 835 3011 polin,
874 2973 1000 3008 qnam,
1031 2963 1068 2997 in
1095 2963 1138 2997 iis
1163 2974 1256 3009 quac
1281 2965 1420 2999 exitum
1444 2966 1590 3000 nullum
1619 2965 1675 2999 lm*

65 3015 173 3061 bem,
214 3026 391 3067 perpetua
421 3017 670 3060 contentione
702 3019 737 3053 ὃς
767 3016 887 3053 [ludio
918 3016 1111 3067 implicari.
1172 3018 1264 3056 Viae
1296 3030 1417 3055 autem
1450 3031 1467 3055 c
1488 3022 1678 3066 vnit-inpii-

123 3071 231 3111 VOL.
263 3071 289 3107 I.
844 3070 877 3106 Α
906 3081 923 3105 27
1589 3085 1683 3109 time

1804 175 1838 234 ¹3
