2040 3439
81 205 325 274 'CapXIIL
363 209 460 256 DE
509 209 1002 259 AUGMENTIS
1055 211 1572 262 SCIENTIARU
1593 215 1658 262 M.

81 308 237 353 fuerint,
263 316 375 355 atque
394 305 560 356 pedibus,
589 319 671 344 non
693 306 859 345 humeris
872 308 1038 350 additae3
1067 308 1154 358 quia
1179 322 1259 348 non
1275 320 1354 348 tam
1378 312 1418 349 in
1441 314 1571 361 primis
1594 315 1685 354 belli

78 358 315 412 aggressibus,
344 373 459 410 quam
480 360 518 398 in
540 361 581 399 iis
597 375 691 411 quae
711 362 917 412 sequuntur
933 367 969 401 δε
992 364 1121 413 primis
1137 363 1299 402 subsidio
1314 366 1411 414 sunt,
1440 367 1607 406 celeritas
1632 382 1684 407 re-

78 419 252 467 quiritur.
309 418 447 454 Nullus
470 418 573 454 enim
594 429 698 454 error
718 420 757 455 in
775 419 877 456 bello
902 419 1016 469 magis
1037 419 1211 469 frequens
1227 421 1311 466 fuit,
1342 417 1455 470 quarn
1471 424 1575 472 quod
1598 437 1685 476 pro-

78 473 288 510 secutiones
314 474 349 508 δε
370 469 570 509 subsidiarii
594 473 758 522 impetus
779 473 978 512 initiorum
1002 476 1180 512 alacritati
1205 489 1287 513 non
1311 476 1572 527 respondeant.
1628 481 1686 518 At

77 528 182 577 galea
209 525 382 564 Plutonis
412 527 521 575 (quae
549 527 726 566 homines
759 527 958 566 invisibiles
987 530 1141 567 reddere
1174 530 1328 579 solebat)
1360 534 1552 571 manifesta
1584 547 1685 584 para-

78 583 166 620 bola
184 582 245 620 est.
303 583 406 620 Nam
432 580 679 620 consiliorum
702 583 907 621 occultatio
927 584 1008 634 post
1034 587 1265 623 celeritatem
1285 589 1439 625 maximi
1466 589 1511 626 ad
1536 590 1684 628 bellum

75 637 127 675 est
155 638 368 674 momenti:
410 637 529 683 Cujus
551 639 665 674 etiam
691 640 858 676 celeritas
887 640 962 691 ipsa
990 651 1071 689 pars
1100 652 1235 690 magna
1264 641 1323 679 est.
1382 644 1565 681 Celeritas
1585 644 1689 683 enim

75 690 321 730 confiliorum
337 692 616 741 evulgationem
633 693 843 745 praevertit.
896 694 961 732 Ad
976 696 1121 744 galeam
1136 697 1309 734 Plutonis
1326 696 1346 733 s
1341 698 1498 746 pectant,
1529 711 1570 736 ut
1586 712 1683 737 unus

76 747 179 785 bello
194 745 333 796 praeiit,
361 759 449 784 cum
463 748 647 785 mandatis
662 749 811 790 liberis3
840 749 1135 788 consultationes
1151 750 1254 787 enim
1269 764 1355 789 cum
1373 755 1513 795 multis,
1546 754 1685 793 habent

75 803 218 850 aliquid
241 803 367 854 potius
385 814 428 838 cx
450 801 564 839 cristis
586 804 732 849 Martis,
768 816 882 853 quam
909 817 962 857 ex*
978 806 1081 854 galea
1103 807 1287 843 Plutonis.
1346 808 1491 844 Eodem
1520 809 1682 858 speciant

75 867 285 910 praetextus
304 857 406 903 varii,
436 859 472 894 ὃς
492 856 764 907 designationes
779 860 970 908 ancipites,
1002 863 1037 896 δε
1053 860 1173 897 famae
1192 862 1405 908 emiffiiriae,
1435 869 1528 910 qua'e
1550 866 1684 902 oeulos

75 914 280 951 hominum
305 921 366 949 aut
383 913 634 964 perstringunt
656 924 719 950 aut
743 923 928 962 avertunt,
958 924 1069 962 atquc
1092 927 1175 952 vera
1196 915 1442 954 consiliorum
1460 919 1498 954 in
1520 918 1682 957 obscuro

75 977 239 1020 ponunt.
294 965 417 1003 Etiam
441 970 634 1005 cautiones
654 967 852 1018 diligentes
875 971 912 1006 ὅ(
936 968 1145 1019 suspicacCS,
1175 970 1221 1007 de
1243 969 1367 1018 literis,
1398 972 1444 1008 dc
1470 972 1608 1022 legatis,
1637 975 1685 1012 de

18 1052 23 1056 .
76 1023 252 1076 perfugiS,
268 1024 318 1059 .&
341 1024 537 1073 complura
558 1024 639 1069 alia,
667 1025 812 1072 galeam
836 1023 1008 1061 Plutonis
1025 1035 1165 1062 otnant
1186 1029 1222 1063 ὅ(
1239 1028 1464 1064 rcvinciunt.
1520 1029 1576 1064 At
1602 1041 1684 1067 non

76 1080 203 1115 minus
236 1076 396 1124 interest,
441 1076 590 1115 consilia
622 1077 782 1116 hostium
812 1081 1016 1128 explorare,
1058 1092 1171 1128 quam
1200 1080 1262 1118 sua
1296 1084 1509 1119 occultare:
1554 1085 1684 1133 ltaque

73 1134 198 1183 galeae
223 1130 395 1169 Plutonis
418 1134 701 1182 adjungendum
725 1134 773 1171 est
800 1134 990 1185 speculum
1016 1136 1184 1181 Palladis,
1222 1149 1286 1187 per
1310 1138 1414 1185 quod
1444 1138 1605 1175 hostium
1632 1142 1684 1177 vi-

74 1199 146 1235 res,
176 1188 317 1236 inopia,
347 1190 488 1226 occulti
511 1189 686 1234 fautores,
723 1186 870 1226 dissidia
893 1193 930 1227 δε
955 1191 1148 1236 ῐαᾶἱοιῑςε,
1175 1192 1396 1242 progress'nS,
1424 1191 1578 1230 consilia
1605 1207 1681 1232 cer·

73 1253 223 1280 nantur.
280 1244 475 1295 Qioniam
502 1256 591 1281 vcro
615 1254 763 1280 tantum
788 1244 1040 1283 fortuitorum
1058 1245 1203 1295 suscipit
1227 1247 1324 1284 ratio
1345 1249 1448 1294 belli,
1483 1259 1524 1285 ut
1550 1261 1620 1286 nec
1640 1252 1681 1287 in

73 1296 234 1335 consiliis
247 1299 408 1348 propriis
423 1299 664 1344 occultandis,
687 1312 756 1337 nec
772 1299 810 1336 in
825 1298 988 1337 hostium
1003 1302 1251 1352 explorandis,
1281 1315 1351 1339 nec
1368 1304 1407 1339 in
1424 1304 1612 1341 celeritate
1630 1306 1682 1356 ip-

74 1353 123 1400 sa,
151 1353 318 1390 multum
339 1353 493 1391 fiduciae
508 1355 729 1403 ponendum
746 1353 800 1401 lit,
828 1355 916 1391 ideo
929 1366 1016 1393 ante
1039 1358 1170 1392 omnia
1187 1356 1411 1394 sumendum
1427 1359 1584 1395 Palladis
1606 1360 1681 1397 scu-

74 1419 173 1455 tum,
200 1407 458 1457 providentiae
485 1408 634 1455 scilicet,
672 1420 713 1446 ut
729 1422 842 1458 quam
868 1408 1071 1447 minimum
1096 1411 1271 1449 fortunae
1296 1413 1538 1463 relinquatur.
1599 1416 1683 1452 Huc

71 1465 264 1514 pertinent
280 1464 471 1514 explorato
495 1466 569 1501 vias
584 1466 693 1511 inire,
722 1465 831 1501 castra
847 1465 1048 1514 diligenter
1065 1467 1226 1512 munire,
1259 1467 1374 1515 (quod
1393 1469 1432 1504 in
1449 1467 1582 1505 militia
1599 1481 1681 1506 mo-

71 1518 188 1556 derna
208 1519 249 1554 in
273 1517 559 1556 desuetudinem
584 1519 660 1556 fere
686 1520 799 1560 abiit3
828 1518 936 1557 castra
956 1532 1047 1557 vero
1068 1521 1176 1557 instar
1201 1521 1300 1558 urbis
1324 1523 1503 1567 munitae,
1543 1526 1684 1561 Roma-

72 1575 132 1611 nis
146 1573 192 1610 ad
213 1572 385 1610 adversos
400 1576 534 1624 proelii
560 1584 714 1612 eventus
730 1577 848 1622 erant)
874 1576 969 1612 acies
991 1575 1125 1612 stabilis
1149 1579 1185 1613 &
1200 1578 1385 1623 ordinata,
1419 1590 1500 1614 non
1518 1581 1682 1616 nimium

71 1628 226 1666 fidendo
241 1624 462 1666 cohortibus
479 1628 564 1666 levis
580 1640 799 1676 armaturae,
828 1640 890 1667 aut
911 1632 1025 1666 etiam
1040 1632 1212 1679 equitnm
1233 1634 1387 1672 turmi53
1417 1633 1581 1681 denique
1599 1647 1681 1671 om-

71 1685 135 1721 nia
157 1695 251 1732 quae
271 1682 316 1719 ad
337 1682 495 1720 solidam
520 1687 556 1721 δε
580 1684 764 1722 solicitam
791 1683 1015 1722 defenfivam
1042 1685 1232 1737 spetPtant':
1263 1699 1351 1724 cum
1370 1685 1451 1737 plus
1470 1695 1586 1726 valeat
1611 1692 1682 1726 uti-

73 1741 208 1788 quein
225 1736 329 1775 bellis
349 1737 496 1776 scutum
521 1741 677 1777 Palladis
694 1752 806 1789 qnam
830 1742 974 1789 gladius
999 1740 1074 1790 ipse
1098 1741 1241 1779 Martis.
1299 1744 1443 1781 Verum
1470 1744 1603 1780 Perseo
1626 1756 1683 1782 nt-

71 1805 220 1843 cunque
243 1795 361 1842 copiis
384 1804 446 1831 aut
466 1794 598 1832 animis
624 1796 812 1842 insti-usto,
850 1796 956 1832 restat
979 1797 1079 1834 aliud
1101 1795 1304 1846 quidpiam,
1336 1799 1489 1834 maximi
1510 1811 1575 1848 per
1599 1812 1681 1836 om-

71 1850 136 1886 nia
150 1850 353 1894 momenti,
383 1860 584 1898 antequam
601 1851 743 1888 bellum
759 1851 959 1900 incipiatur
974 1864 981 1886 :
1001 1850 1209 1899 Nimirum,
1238 1863 1280 1890 nt
1295 1853 1453 1891 divertat
1469 1854 1513 1890 ad
1532 1855 1678 1893 Graeci&

73 1905 214 1942 Graeac
235 1913 360 1940 autem
376 1904 607 1956 proditiones
631 1905 727 1951 sunt,
757 1906 946 1943 bellorum
968 1905 1106 1944 scilicet
1123 1907 1280 1954 sorores,
1310 1921 1391 1945 non
1415 1921 1615 1958 germanae
1637 1912 1679 1946 il-

70 1958 128 1997 lae
141 1959 308 2010 quidem,
339 1958 398 1996 scd
419 1962 565 2010 generis
581 1960 779 1998 nobilitate
803 1959 900 2009 quasi
915 1960 1092 2011 impares:
1122 1963 1222 1999 Bella
1237 1964 1342 1999 enim
1363 1963 1561 2013 gencrosa3
1591 1976 1676 2013 pro-

72 2014 237 2052 ditiones
256 2014 458 2063 degeneres
479 2018 515 2052 &
538 2025 674 2068 turpeS.
732 2018 871 2054 Earum
892 2016 1094 2066 descriptio
1118 2019 1265 2067 elegans
1285 2019 1344 2065 est,
1375 2028 1416 2056 ut
1440 2031 1551 2056 canae
1574 2031 1594 2056 a
1617 2032 1678 2056 na-

70 2071 216 2107 tivitate
238 2067 307 2106 sint
323 2072 360 2107 &
382 2080 562 2119 tanquam
586 2072 744 2118 vetulae,
775 2082 929 2121 propter
949 2083 1142 2125 perpetuas
1161 2072 1399 2122 proditorum
1424 2086 1527 2111 curas
1548 2075 1584 2110 ὅ(
1608 2084 1679 2111 trc-

68 2125 291 2175 pidationes.
346 2126 484 2163 Earum
505 2136 631 2163 autem
652 2128 706 2164 vis
728 2127 943 2175 (antequam
965 2129 1005 2164 in
1027 2128 1258 2165 manifestam
1279 2129 1533 2166 dcfectioncm
1558 2141 1680 2166 crum-

70 2181 173 2230 pant)
202 2190 263 2216 aut
288 2181 327 2216 in
352 2183 467 2218 oculo
491 2191 554 2218 aut
578 2183 618 2218 in
641 2182 754 2219 dente
779 2182 848 2218 est:
887 2182 1026 2219 Omnis
1046 2185 1149 2220 enim
1176 2183 1301 2230 faeiio,
1341 2196 1360 2220 a
1378 2182 1471 2220 statu
1497 2186 1679 2233 quopiam

71 2236 241 2280 alienata,
275 2234 364 2272 &in
388 2236 650 2287 proditionem
673 2237 867 2286 propensa,
898 2239 935 2273 ὃς
959 2237 1166 2286 speculatur
1184 2241 1220 2275 ὃς
1246 2239 1408 2275 mordet.
1465 2238 1594 2286 Atque
1614 2239 1681 2277 hu-

70 2286 237 2337 jusmodi
254 2291 385 2327 oculus
406 2293 443 2328 ὅ(
466 2291 558 2327 dens
577 2301 756 2342 tanquam
776 2291 992 2329 communis
1016 2294 1076 2329 est.
1134 2294 1238 2329 Nam
1262 2292 1442 2344 quicquid
1466 2292 1679 2332 didicerunt

72 2348 109 2384 &
124 2355 326 2391 noverunt,
355 2344 432 2382 fcre
448 2358 515 2397 per
535 2358 668 2384 manus
683 2347 729 2382 ab
745 2358 817 2383 nna
838 2346 883 2382 ad
898 2347 1053 2383 alteram
1070 2345 1195 2384 traniit
1214 2351 1248 2383 ὅ(
1265 2350 1455 2397 percurrit.
1511 2349 1559 2385 Et
1573 2349 1679 2397 quod

71 2401 117 2438 ad
137 2400 293 2438 dentem
311 2401 457 2447 attinet,
487 2413 569 2438 uno
592 2400 691 2450 quasi
714 2413 781 2438 ore
802 2402 993 2446 mordent,
1023 2405 1059 2439 ὅ(
1075 2403 1204 2439 cadem
1228 2402 1393 2439 scandala
1410 2403 1561 2446 jactans
1590 2414 1632 2440 ut
1655 2403 1680 2442 sn

71 2467 189 2493 unam
203 2455 327 2493 audias
342 2467 476 2493 omnes
491 2454 625 2493 audias.
682 2457 810 2505 Itaque
826 2455 961 2494 Perseo
977 2456 1061 2494 sunt
1077 2457 1159 2494 istae
1177 2458 1318 2494 Graeac
1333 2457 1601 2505 conciliandae,
1629 2469 1680 2496 at-

73 2523 146 2560 que
166 2509 206 2548 in
226 2510 404 2548 auxilium
417 2510 671 2558 adducendae,
700 2511 913 2563 praesertim
931 2521 971 2548 ut
991 2513 1146 2549 oculum
1164 2515 1199 2549 ἅ
1222 2513 1377 2549 dentem
1400 2512 1505 2549 suum
1522 2516 1556 2550 ei
1578 2526 1681 2551 com-

73 2566 255 2608 modent3
283 2567 441 2603 oculum
464 2566 509 2603 acl
527 2566 687 2607 indicia3
716 2567 872 2603 dentem
888 2566 933 2603 ad
957 2575 1128 2604 tumores
1145 2567 1319 2604 serendos
1336 2570 1371 2604 ἃ
1396 2566 1576 2605 invidiam
1592 2581 1682 2606 con-

73 2620 250 2668 flandam,
279 2623 316 2658 δε
337 2623 486 2658 animos
501 2621 706 2659 hominum
730 2620 983 2659 solicitandos.
1041 2622 1238 2671 Postquam
1254 2635 1345 2660 vero
1365 2622 1496 2660 omnia
1513 2624 1608 2661 bene
1629 2625 1682 2661 fu-

75 2677 173 2714 erint
196 2677 240 2713 ad
257 2676 401 2714 bellum
431 2688 642 2729 praeparate
666 2674 853 2726 disposita,
896 2677 987 2714 illud
1010 2679 1194 2729 imprimis
1217 2678 1433 2724 curandam,
1461 2679 1566 2730 quod
1596 2681 1681 2716 Pcr-

75 2730 154 2769 scus
166 2731 268 2778 fecit,
289 2741 330 2768 ut
346 2731 502 2768 Medusa
516 2733 708 2769 dormiens
725 2731 945 2769 inveniatur.
992 2734 1158 2769 Prudens
1173 2734 1277 2769 enim
1289 2733 1377 2770 belli
1393 2732 1579 2783 susceptor
1592 2734 1683 2771 sem-

74 2799 138 2838 per
154 2786 230 2824 fere
246 2786 389 2824 hostem
410 2786 607 2836 ass'equitur
629 2788 864 2837 imparatum,
895 2789 930 2823 δε
948 2786 1130 2824 securitati
1150 2789 1383 2838 propiorem.
1439 2789 1614 2840 Denique
1641 2791 1682 2826 in

76 2839 157 2890 ipsis
171 2841 260 2878 belli
283 2841 490 2879 affionibus
505 2853 615 2890 atquc
636 2841 844 2887 insultibus,
882 2840 943 2878 ille
964 2844 1121 2879 intuitus
1150 2843 1190 2879 in
1213 2842 1402 2891 speculum
1418 2845 1586 2890 Palladis,
1623 2846 1683 2881 ad-

76 2897 286 2948 operandus
317 2897 376 2933 est.
434 2898 591 2933 Plurimi
621 2898 724 2933 enim
754 2907 839 2933 ante
870 2895 943 2945 ipsa
972 2896 1132 2945 pericula
1159 2909 1215 2934 res
1248 2897 1408 2935 hostium
1435 2910 1540 2935 acute
1569 2902 1605 2936 ὅ(
1632 2910 1682 2935 at-

75 2961 180 2988 tente
195 2949 437 3002 introspicere
457 2951 606 3002 possunt
623 2965 632 2992 5
663 2963 698 2988 at
716 2950 753 2987 in
775 2950 855 3000 ipso
870 2952 1025 3002 periculi
1047 2951 1205 2989 articulo
1220 2963 1282 2990 aut
1305 2963 1449 2990 terrore
1473 2953 1677 2990 offundun-

76 3016 151 3052 tur,
178 3016 242 3043 aut
268 3004 432 3055 pericula
457 3001 619 3044 nimium
642 3008 856 3057 praecipites
880 3009 916 3043 ὃς
941 3019 961 3043 a
981 3007 1108 3043 fronte
1135 3007 1319 3057 spectanm
1356 3009 1456 3045 unde
1480 3010 1519 3045 in
1547 3010 1608 3045 illa
1633 3018 1684 3044 tc-

76 3072 180 3098 mere
206 3070 332 3107 ruunt,
374 3061 549 3100 vincendi
572 3073 769 3107 memores,
808 3061 949 3098 vitandi
977 3061 1098 3099 obliti.
1155 3062 1210 3100 At
1236 3074 1415 3101 neutrum
1438 3064 1580 3102 horum
1606 3062 1686 3098 fieti

132 3117 240 3155 VOL.
272 3117 297 3153 Ι.
871 3116 914 3153 Μ
1563 3118 1687 3163 deber,
