2040 3439
177 203 242 263 48

403 191 503 246 DE
556 185 1058 245 AUGMENTIS
1108 186 1724 240 SCIENTIARUM.
1795 195 1934 242 Lib.1.

319 295 597 347 hemisphaerio
611 307 692 333 non
709 303 927 332 cernuntur.
989 294 1102 330 Circa
1117 293 1406 342 generationem
1416 294 1658 331 animalium:
1680 294 1937 346 Annon-ficut

320 349 386 390 lac
402 348 555 402 mulsisti
569 362 639 397 me,
656 346 813 400 &ficut
828 347 977 400 castum
992 344 1199 400 coagulasti
1213 359 1270 384 me
1284 345 1306 385 ,ἲ
1335 350 1405 385 διε.
1463 348 1578 386 Circa
1594 361 1673 386 rem
1691 352 1936 400 metallicam,

320 403 438 444 habet
460 411 664 458 argentum
688 414 877 441 venarum
889 402 1054 455 sitarum
1067 401 1280 454 principia,
1313 398 1361 444 dy
1384 413 1477 440 auro
1492 400 1670 464 locus-est
1691 405 1734 442 in
1756 417 1830 458 quo
1854 419 1936 444 con—

279 465 281 468 ·
314 459 443 512 flatur
457 474 469 497 .·
494 460 651 512 ferrum
673 455 721 495 de
744 465 852 495 terra
875 455 1044 505 tollitur,
1075 453 1123 499 ό
1146 454 1248 509 lapis
1259 455 1419 509 filutus
1442 455 1570 496 calore
1593 469 1636 496 m
1658 471 1725 497 aes
1749 461 1938 499 vertitur.

327 519 373 554 Et
391 516 581 563 sequentia
596 515 637 551 in
653 513 790 550 eodem
806 514 938 564 capite.

373 572 600 608 PARITER
629 570 666 606 δε
695 569 736 604 in
765 566 923 619 persona
951 568 1047 616 regis
1077 567 1302 604 Solomonis
1335 567 1506 605 videmus
1533 568 1683 606 donum
1718 568 1933 620 sapientiae,

321 636 404 663 tum
420 626 460 661 in
475 625 662 674 petitione
678 620 798 672 ipsius,
826 633 909 660 tum
925 621 964 659 in
979 618 1222 659 concessione
1238 621 1376 670 divina,
1405 624 1586 661 omnibus
1601 634 1772 661 terrenae
1793 628 1830 663 &
1844 636 1937 664 tem-·

321 680 458 730 poralis
473 679 661 715 felicitatis
679 679 790 714 bonis
805 678 1024 728 praelatum.
1083 676 1235 715 Virtute
1251 677 1354 721 cujus
1368 677 1463 714 doni
1480 680 1516 715 ὅ(
1531 675 1798 727 concessionis,
1829 682 1936 720 Solo-

319 747 415 772 mon
439 735 588 783 egregie
603 733 812 780 instruitus,
841 745 923 770 non
947 732 1071 769 solum
1088 730 1225 784 scripsit
1247 730 1407 782 insignes
1422 733 1503 770 illas
1526 734 1719 786 parabolas
1734 732 1806 773 sive
1824 737 1939 786 apho-

321 789 456 827 rismos
478 789 524 825 de
545 789 672 826 diviua
693 798 805 836 atque
822 789 959 825 morali
979 787 1238 839 philosophia3
1268 799 1397 825 verum
1423 789 1537 825 etiam
1553 789 1768 838 composuit
1794 801 1943 830 natura-

320 847 398 882 lem
419 842 610 881 historiam
630 845 809 881 omnium
824 843 1107 893 vegetabilium,
1136 855 1161 879 a
1175 839 1285 880 cedro
1297 840 1416 895 fitper
1432 849 1610 891 montem,
1639 842 1756 897 qfque
1771 842 1828 883 ad
1842 840 1941 901 mus:

319 910 405 937 cum
423 897 540 952 ficper
569 909 729 945 murum,
771 898 879 947 (quae
906 897 1003 935 nihil
1032 898 1080 935 est
1107 898 1221 945 aliud,
1260 909 1375 947 quam
1407 898 1670 936 rudimentum
1700 900 1849 949 plantae
1875 913 1940 952 pu-

320 955 479 992 tredinis
502 953 688 991 &herbae
713 954 896 1001 medium)
913 954 1168 1002 omniumque
1190 954 1317 999 etiam,
1345 965 1441 1002 quae
1457 952 1638 1005 respirant
1658 956 1695 992 ὅ(
1716 966 1933 996 moventur.

322 1012 409 1047 Imo
433 1009 535 1046 idem
564 1022 626 1046 rex
651 1010 856 1055 Solomon,
892 1010 1062 1057 quamvis
1090 1009 1306 1046 excelluerit
1330 1009 1478 1060 opibus,
1515 1007 1794 1058 magnificentia
1819 1012 1941 1051 aedifi-

321 1067 485 1111 ciorum,
515 1064 634 1111 class'e,
664 1065 868 1111 famulitio,
897 1064 1067 1101 nominis
1091 1064 1319 1110 celebritate,
1349 1066 1386 1101 &
1410 1064 1564 1113 reliquis
1586 1076 1681 1112 quae
1705 1065 1752 1102 ad
1771 1066 1938 1115 gloriam

320 1121 526 1171 pertinent,
566 1119 663 1156 nihil
692 1129 833 1166 tamen,
872 1131 915 1156 ex
943 1117 1004 1155 ista
1033 1118 1175 1168 gloriae
1206 1119 1341 1168 segete,
1381 1117 1446 1156 sibi
1473 1116 1540 1170 ipfi
1566 1119 1734 1169 decerpit
1760 1130 1825 1159 aut
1851 1122 1940 1162 affu-

321 1176 408 1220 mit‚
438 1184 583 1224 praeter
597 1175 709 1212 decus
729 1173 944 1225 inquirendi
961 1176 997 1211 &
1017 1173 1238 1211 inveniendi
1252 1175 1462 1212 veritatem.
1521 1174 1581 1212 Sic
1597 1176 1702 1212 enim
1718 1174 1856 1214 diserte
1865 1178 1940 1220 ait;

324 1228 463 1268 Gloria
482 1227 571 1268 ‘Det
591 1226 643 1279 est
669 1227 793 1266 celare
808 1226 981 1275 verbum,
1012 1225 1060 1271 ὠ*
1074 1226 1207 1280 gloria
1221 1228 1325 1281 regis
1345 1226 1580 1281 investtgare
1592 1228 1821 1281 sbrmonem.
1875 1233 1940 1272 Ac

321 1283 348 1321 si
362 1285 488 1321 divina
511 1282 674 1327 majestas
697 1285 859 1321 innoxio
882 1285 953 1320 illo
974 1285 1011 1320 &
1037 1284 1227 1321 benevolo
1242 1295 1450 1333 puerorum
1472 1285 1566 1321 ludo
1588 1285 1846 1334 delectaretur,
1873 1289 1940 1338 qui

322 1341 411 1378 ideo
436 1339 469 1375 se
492 1337 741 1386 abscondunt,
769 1349 811 1376 ut
827 1339 1093 1376 inveniantur:
1122 1337 1296 1388 quasique
1317 1340 1431 1376 etiam
1456 1339 1553 1376 nihil
1576 1338 1664 1377 effer
1686 1339 1940 1381 honorificen-

323 1399 397 1433 tius
418 1394 578 1443 regibus,
610 1406 725 1442 quam
745 1395 820 1431 Dei
840 1392 1046 1431 collusores
1066 1393 1135 1430 ess'e
1156 1395 1197 1431 in
1217 1394 1356 1431 eodem
1378 1394 1492 1434 ludo;
1531 1393 1749 1447 praesertim
1769 1407 1858 1434 eum
1880 1409 1941 1436 tot

323 1451 486 1499 ingeniis
509 1451 710 1499 imperent,
739 1449 933 1498 tantasque
955 1460 1046 1499 opes
1059 1449 1203 1501 praesto
1225 1449 1399 1496 habeant,
1428 1448 1562 1501 quibus
1587 1451 1714 1487 omnis
1731 1449 1859 1490 secreti
1883 1454 1939 1492 in-

325 1503 516 1554 vestigatio
529 1503 670 1542 absolvi
690 1500 816 1556 poffir.

337 1600 340 1601 ⁷
381 1561 486 1597 Nec
519 1571 611 1597 vero
639 1562 745 1597 aliter
774 1560 864 1597 haec
897 1559 1120 1610 dispensavit
1149 1561 1265 1608 Deus,
1307 1558 1502 1610 postquam
1540 1560 1709 1599 Salvator
1742 1562 1867 1600 noster
1897 1565 1939 1602 in

324 1614 513 1652 mundum
537 1615 701 1652 venisset.
759 1616 825 1653 Ille
849 1617 952 1653 enim
973 1615 1073 1665 prius
1093 1616 1306 1664 potentiam
1330 1615 1491 1653 ostendit
1515 1614 1618 1653 suam
1644 1617 1684 1652 in
1707 1616 1941 1668 profliganda

323 1671 552 1720 ignorantia,-
590 1670 654 1707 ubi
678 1682 765 1708 cum
781 1671 1001 1708 doctoribus
1025 1673 1062 1708 ὅ(
1082 1670 1334 1708 sacerdotibus
1356 1671 1544 1708 dissereret
1560 1672 1600 1707 in
1623 1672 1784 1721 templo,
1823 1685 1941 1723 quam

325 1727 366 1763 in
390 1724 618 1774 subjuganda
640 1736 783 1773 natura,
813 1737 873 1763 tot
889 1729 926 1764 &
946 1727 1060 1764 tantis
1075 1726 1185 1763 editis
1210 1727 1410 1763 miraculis.
1466 1725 1667 1763 Adventus
1682 1738 1837 1776 quoque
1859 1729 1939 1782 8Ρίί

325 1782 419 1818 ritus
435 1780 558 1817 Sancti
573 1782 769 1830 praecipue
784 1781 1025 1819 adumbratus
1038 1791 1151 1830 atque
1171 1780 1352 1830 expressus
1366 1781 1437 1819 fuit
1454 1783 1494 1818 in
1510 1779 1758 1819 similitudine
1773 1794 1815 1820 ac
1829 1782 1939 1822 dono

327 1837 557 1886 linguarum,
586 1848 680 1884 quae
698 1835 780 1873 sunt
796 1837 974 1874 duntaxat
990 1837 1160 1873 vehicula
1175 1837 1361 1873 scientiae.

380 1892 464 1928 ITA
490 1892 530 1927 in
555 1889 754 1940 seligendis
782 1893 855 1929 illis
875 1891 1141 1938 instrumentis,
1177 1903 1273 1940 quae
1301 1891 1471 1929 adhibuit
1500 1891 1603 1930 Deus
1629 1891 1674 1929 ad
1694 1891 1810 1931 fidem
1836 1894 1940 1933 diffe-

326 1945 560 1994 rninandam,
581 1947 695 1983 initio
710 1946 885 1984 homines
901 1948 1069 1985 evocavit
1083 1948 1194 1996 plane
1208 1947 1384 1984 indedios
1399 1949 1435 1984 &
1451 1948 1660 1994 illiteratos,
1682 1958 1941 2000 praeterquam

323 1995 428 2050 duod
447 2001 604 2052 Spiritus
629 2002 754 2039 SanCti
770 1998 898 2040 afflatu
924 2001 1090 2040 instruffl
1105 2001 1278 2043 fuifl‘ent5
1307 2014 1386 2050 quo
1402 2002 1612 2040 evidentius
1632 2005 1812 2041 virtutem
1836 2004 1941 2043 suam

322 2056 584 2094 immediatam
600 2058 637 2094 ὅ(
651 2056 820 2094 divinam
836 2057 1052 2104 declararet,
1080 2068 1316 2105 omnemque
1336 2057 1541 2094 humanam
1572 2056 1790 2108 sapientiam
1817 2059 1939 2113 depri-

326 2121 457 2149 meret.
514 2113 810 2163 Quamprimum
826 2123 953 2150 autem
966 2110 1165 2150 confilium
1181 2112 1342 2149 suumin
1358 2111 1425 2149 hac
1436 2122 1539 2163 parte
1555 2114 1823 2163 perimpletum
1841 2115 1940 2163 esset,

324 2179 415 2204 mox
430 2167 471 2203 in
486 2168 657 2215 proxima
673 2163 902 2205 succeffione
917 2178 1148 2218 temporum,
1173 2166 1338 2204 divinam
1353 2168 1549 2205 veritatem
1565 2167 1681 2216 suam,
1711 2168 1790 2207 aliis
1805 2167 1942 2209 doctri·

324 2224 383 2260 nis
402 2222 519 2259 veluti
542 2220 762 2271 pedissequis
781 2224 1016 2270 comitatam,
1049 2224 1091 2259 in
1106 2222 1293 2260 mundum
1314 2219 1480 2259 immisit.
1537 2223 1665 2272 Itaque
1688 2225 1737 2261 D.
1754 2225 1860 2263 Pauli
1883 2237 1938 2264 ca-

324 2280 457 2323 lamus,
490 2277 569 2326 (qui
585 2278 684 2314 inter
700 2276 907 2326 Apostolos
922 2277 1022 2316 solus
1037 2279 1206 2316 literatus
1226 2276 1309 2327 fuit)
1327 2279 1367 2315 in
1384 2277 1574 2329 scripturis
1589 2280 1681 2317 novi
1696 2279 1940 2328 Testamenti,

327 2334 522 2384 praecipue
541 2344 562 2369 a
581 2333 668 2370 Deo
683 2332 870 2370 adhibitus
886 2332 945 2371 est.

383 2388 462 2424 Sic
489 2389 524 2425 ὅ(
540 2389 730 2435 novimus,
759 2389 976 2440 complures
990 2399 1033 2425 ex
1047 2387 1209 2438 antiquis
1230 2387 1423 2439 Episcopis
1447 2389 1484 2426 ὃ(
1497 2389 1674 2437 patribus,
1705 2391 1854 2439 egregie
1878 2390 1934 2429 fu—

328 2441 389 2478 isse
405 2444 444 2478 in
460 2444 569 2479 omni
585 2443 828 2481 ethnicorum
845 2442 1058 2482 eruditione
1072 2444 1246 2481 versatos.
1302 2443 1419 2481 Adeo
1435 2454 1476 2480 ut
1490 2442 1653 2481 edietum
1667 2443 1825 2497 Juliani,
1855 2457 1937 2495 quo

329 2507 479 2533 cautum
503 2496 563 2543 est,
600 2511 648 2535 ne
675 2498 876 2536 Christiani
897 2499 942 2536 ad
968 2498 1110 2536 scholas
1129 2501 1166 2536 &
1189 2496 1378 2549 gymnasia
1402 2499 1656 2545 mitterentur,
1695 2499 1938 2548 perniciosior

327 2551 500 2587 machina
515 2553 559 2588 ad
574 2554 858 2603 expugnandam
875 2554 989 2591 fidem
1006 2553 1269 2601 Christianam,
1298 2565 1411 2602 quam
1427 2563 1602 2590 cruentae
1619 2553 1853 2605 superiorum
1870 2557 1938 2594 im-

327 2616 546 2655 peratorum
570 2608 857 2657 persecutiones,
886 2609 1059 2646 habitum
1075 2608 1200 2646 fuerit.
1258 2610 1396 2656 Neque
1420 2608 1595 2657 Gregorii
1611 2607 1736 2660 primi,
1765 2610 1939 2662 Episcopi

329 2662 499 2698 Romani
525 2661 682 2707 (caetera
704 2666 773 2701 viri
799 2666 953 2714 egregii)
979 2665 1185 2702 aemulatio
1208 2665 1245 2701 ὃ(
1268 2664 1488 2709 invidentia,
1525 2664 1590 2711 qui
1612 2664 1855 2704 ethnicorum
1878 2679 1937 2705 au—

328 2715 484 2753 thorum
510 2718 546 2752 &
567 2718 833 2766 antiquitatum
855 2720 1082 2758 memoriam
1106 2719 1308 2756 obliterare
1333 2717 1513 2764 studebat,
1550 2719 1590 2754 in
1615 2719 1756 2757 bonam
1778 2731 1937 2772 partem,

329 2772 443 2807 etiam
463 2770 558 2820 apud
579 2770 675 2808 viros
694 2775 788 2823 pios,
818 2785 966 2826 accepta
986 2775 1046 2812 est.
1102 2774 1294 2827 Quinimo
1313 2772 1390 2811 sola
1407 2771 1618 2811 Christiana
1639 2772 1808 2823 Ecclesia,
1836 2775 1935 2816 inter

328 2826 597 2862 inundationes
619 2827 838 2875 Scytharum
854 2842 872 2867 a
888 2829 1002 2880 plagis
1017 2829 1370 2880 septentrionalibus
1387 2830 1424 2866 ὅ(
1445 2830 1735 2867 sarracenorum
1751 2830 1798 2868 ab
1812 2833 1935 2870 orien-

330 2881 476 2926 talibus,
512 2880 691 2929 pretiosas
717 2886 867 2931 gentilis
892 2886 1116 2923 eruditionis
1145 2885 1332 2933 reliquias,
1368 2885 1520 2930 jamjam
1544 2883 1713 2921 funditus
1740 2886 1937 2937 perituras,

328 2932 409 2972 sinu
431 2937 469 2972 ὅ(
483 2937 632 2984 gremio
655 2935 722 2973 suo
737 2939 975 2977 conservavit.
1033 2942 1167 2993 Nuper
1190 2940 1303 2977 etiam
1318 2938 1455 2977 intueti
1479 2937 1734 2991 lieetJesuitas
1751 2941 1830 2989 (qui
1858 2953 1934 2992 par-

328 2990 402 3028 tim
428 2988 550 3028 studio
579 2990 746 3042 propriO,
786 2993 921 3042 partim
954 3008 996 3034 ex
1020 2996 1276 3034 aemulatione
1302 2994 1611 3041 adversariorum,
1648 2995 1768 3032 literis
1791 2995 1936 3034 strenue

1783 3052 1935 3089 incubu-
