<?xml version="1.0" encoding="UTF-8"?>
<!DOCTYPE html PUBLIC "-//W3C//DTD XHTML 1.0 Transitional//EN"
    "http://www.w3.org/TR/xhtml1/DTD/xhtml1-transitional.dtd">
<html xmlns="http://www.w3.org/1999/xhtml" xml:lang="en" lang="en">
 <head>
  <title>
</title>
<meta http-equiv="Content-Type" content="text/html;charset=utf-8" />
  <meta name='ocr-system' content='tesseract 3.04.00' />
  <meta name='ocr-capabilities' content='ocr_page ocr_carea ocr_par ocr_line ocrx_word'/>
</head>
<body>
  <div class='ocr_page' id='page_1' title='image "./worksoffrancisb01baco_0171.png"; bbox 0 0 2040 3439; ppageno 0'>
   <div class='ocr_carea' id='block_1_1' title="bbox 94 158 1617 230">
    <p class='ocr_par' dir='ltr' id='par_1_1' title="bbox 94 158 1617 230">
     <span class='ocr_line' id='line_1_1' title="bbox 94 158 1617 230; baseline -0.003 -1"><span class='ocrx_word' id='word_1_1' title='bbox 94 171 265 230; x_wconf 61' lang='lat' dir='ltr'>mn.</span> <span class='ocrx_word' id='word_1_2' title='bbox 314 181 412 227; x_wconf 88' lang='lat' dir='ltr'>DE</span> <span class='ocrx_word' id='word_1_3' title='bbox 462 165 963 227; x_wconf 83' lang='lat' dir='ltr'><strong>AUGMENTIS</strong></span> <span class='ocrx_word' id='word_1_4' title='bbox 1011 158 1617 225; x_wconf 58' lang='lat' dir='ltr'>summm-‘Rom</span> 
     </span>
    </p>
   </div>
   <div class='ocr_carea' id='block_1_2' title="bbox 86 277 1703 2586">
    <p class='ocr_par' dir='ltr' id='par_1_2' title="bbox 86 277 1703 1637">
     <span class='ocr_line' id='line_1_2' title="bbox 95 277 1703 330; baseline -0.001 -13"><span class='ocrx_word' id='word_1_5' title='bbox 95 279 308 317; x_wconf 63' lang='lat' dir='ltr'>docuinam</span> <span class='ocrx_word' id='word_1_6' title='bbox 336 289 495 316; x_wconf 89' lang='lat' dir='ltr'>omnem</span> <span class='ocrx_word' id='word_1_7' title='bbox 516 277 754 315; x_wconf 82' lang='lat' dir='ltr'>referendam</span> <span class='ocrx_word' id='word_1_8' title='bbox 774 277 843 315; x_wconf 83' lang='lat' dir='ltr'>effe</span> <span class='ocrx_word' id='word_1_9' title='bbox 862 278 907 314; x_wconf 90' lang='lat' dir='ltr'>ad</span> <span class='ocrx_word' id='word_1_10' title='bbox 937 277 1045 315; x_wconf 87' lang='lat' dir='ltr'>usum</span> <span class='ocrx_word' id='word_1_11' title='bbox 1065 279 1102 315; x_wconf 89' lang='lat'>&amp;</span> <span class='ocrx_word' id='word_1_12' title='bbox 1124 277 1327 324; x_wconf 65' lang='lat' dir='ltr'>astionem,</span> <span class='ocrx_word' id='word_1_13' title='bbox 1357 278 1455 315; x_wconf 72' lang='lat' dir='ltr'>reae</span> <span class='ocrx_word' id='word_1_14' title='bbox 1483 277 1600 330; x_wconf 86' lang='lat' dir='ltr'>sapit:</span> <span class='ocrx_word' id='word_1_15' title='bbox 1631 280 1703 316; x_wconf 82' lang='lat' dir='ltr'>V&#39;e-</span> 
     </span>
     <span class='ocr_line' id='line_1_3' title="bbox 94 331 1702 384; baseline 0 -12"><span class='ocrx_word' id='word_1_16' title='bbox 94 344 296 372; x_wconf 87' lang='lat' dir='ltr'>runtamen</span> <span class='ocrx_word' id='word_1_17' title='bbox 323 333 433 371; x_wconf 84' lang='lat' dir='ltr'>facile</span> <span class='ocrx_word' id='word_1_18' title='bbox 465 331 526 380; x_wconf 87' lang='lat' dir='ltr'>est,</span> <span class='ocrx_word' id='word_1_19' title='bbox 568 331 637 370; x_wconf 93' lang='lat' dir='ltr'>isto</span> <span class='ocrx_word' id='word_1_20' title='bbox 666 332 788 369; x_wconf 89' lang='lat' dir='ltr'>modo</span> <span class='ocrx_word' id='word_1_21' title='bbox 820 333 969 384; x_wconf 85' lang='lat' dir='ltr'>prolabi</span> <span class='ocrx_word' id='word_1_22' title='bbox 999 334 1038 369; x_wconf 90' lang='lat' dir='ltr'>in</span> <span class='ocrx_word' id='word_1_23' title='bbox 1073 344 1241 370; x_wconf 88' lang='lat' dir='ltr'>errorem</span> <span class='ocrx_word' id='word_1_24' title='bbox 1274 333 1396 379; x_wconf 91' lang='lat' dir='ltr'>illum,</span> <span class='ocrx_word' id='word_1_25' title='bbox 1435 345 1549 382; x_wconf 90' lang='lat' dir='ltr'>quem</span> <span class='ocrx_word' id='word_1_26' title='bbox 1578 332 1702 372; x_wconf 84' lang='lat' dir='ltr'>fabula</span> 
     </span>
     <span class='ocr_line' id='line_1_4' title="bbox 92 386 1703 440; baseline 0 -14"><span class='ocrx_word' id='word_1_27' title='bbox 92 390 315 439; x_wconf 84' lang='lat' dir='ltr'>perantiqua</span> <span class='ocrx_word' id='word_1_28' title='bbox 341 386 574 439; x_wconf 72' lang='lat' dir='ltr'>perstringits</span> <span class='ocrx_word' id='word_1_29' title='bbox 610 389 651 425; x_wconf 90' lang='lat' dir='ltr'>in</span> <span class='ocrx_word' id='word_1_30' title='bbox 685 399 759 436; x_wconf 91' lang='lat' dir='ltr'>qua</span> <span class='ocrx_word' id='word_1_31' title='bbox 786 396 930 425; x_wconf 89' lang='lat' dir='ltr'>caetera</span> <span class='ocrx_word' id='word_1_32' title='bbox 957 389 1128 440; x_wconf 88' lang='lat' dir='ltr'>corporis</span> <span class='ocrx_word' id='word_1_33' title='bbox 1153 388 1324 425; x_wconf 89' lang='lat' dir='ltr'>membra</span> <span class='ocrx_word' id='word_1_34' title='bbox 1350 388 1458 425; x_wconf 89' lang='lat' dir='ltr'>litem</span> <span class='ocrx_word' id='word_1_35' title='bbox 1488 390 1703 426; x_wconf 87' lang='lat' dir='ltr'>ventriculo</span> 
     </span>
     <span class='ocr_line' id='line_1_5' title="bbox 93 443 1701 495; baseline 0 -14"><span class='ocrx_word' id='word_1_36' title='bbox 93 443 350 490; x_wconf 79' lang='lat' dir='ltr'>intenderunt,</span> <span class='ocrx_word' id='word_1_37' title='bbox 388 443 493 492; x_wconf 90' lang='lat' dir='ltr'>quod</span> <span class='ocrx_word' id='word_1_38' title='bbox 528 455 652 491; x_wconf 89' lang='lat' dir='ltr'>neque</span> <span class='ocrx_word' id='word_1_39' title='bbox 685 453 838 480; x_wconf 90' lang='lat' dir='ltr'>motum</span> <span class='ocrx_word' id='word_1_40' title='bbox 872 443 1074 495; x_wconf 78' lang='lat' dir='ltr'>praeberet,</span> <span class='ocrx_word' id='word_1_41' title='bbox 1114 452 1156 481; x_wconf 89' lang='lat' dir='ltr'>ut</span> <span class='ocrx_word' id='word_1_42' title='bbox 1184 454 1295 490; x_wconf 88' lang='lat' dir='ltr'>artus,</span> <span class='ocrx_word' id='word_1_43' title='bbox 1333 455 1458 492; x_wconf 87' lang='lat' dir='ltr'>neque</span> <span class='ocrx_word' id='word_1_44' title='bbox 1481 443 1629 481; x_wconf 85' lang='lat' dir='ltr'>sensum</span> <span class='ocrx_word' id='word_1_45' title='bbox 1660 453 1701 481; x_wconf 91' lang='lat' dir='ltr'>ut</span> 
     </span>
     <span class='ocr_line' id='line_1_6' title="bbox 93 495 1702 551; baseline 0 -15"><span class='ocrx_word' id='word_1_46' title='bbox 93 508 230 551; x_wconf 88' lang='lat' dir='ltr'>caput:</span> <span class='ocrx_word' id='word_1_47' title='bbox 259 499 428 547; x_wconf 86' lang='lat' dir='ltr'>quamvis</span> <span class='ocrx_word' id='word_1_48' title='bbox 463 499 607 535; x_wconf 87' lang='lat' dir='ltr'>interea</span> <span class='ocrx_word' id='word_1_49' title='bbox 641 495 865 535; x_wconf 86' lang='lat' dir='ltr'>alimentum</span> <span class='ocrx_word' id='word_1_50' title='bbox 897 498 1049 536; x_wconf 67' lang='lat' dir='ltr'>costum</span> <span class='ocrx_word' id='word_1_51' title='bbox 1082 508 1195 547; x_wconf 87' lang='lat' dir='ltr'>atque</span> <span class='ocrx_word' id='word_1_52' title='bbox 1217 498 1436 536; x_wconf 58' lang='lat' dir='ltr'>confestum</span> <span class='ocrx_word' id='word_1_53' title='bbox 1469 499 1702 537; x_wconf 88' lang='lat' dir='ltr'>ventriculus</span> 
     </span>
     <span class='ocr_line' id='line_1_7' title="bbox 92 552 1703 604; baseline -0.001 -12"><span class='ocrx_word' id='word_1_54' title='bbox 92 555 160 592; x_wconf 86' lang='lat' dir='ltr'>ille</span> <span class='ocrx_word' id='word_1_55' title='bbox 192 555 232 590; x_wconf 87' lang='lat' dir='ltr'>in</span> <span class='ocrx_word' id='word_1_56' title='bbox 266 552 453 602; x_wconf 85' lang='lat' dir='ltr'>reliquum</span> <span class='ocrx_word' id='word_1_57' title='bbox 482 564 616 602; x_wconf 91' lang='lat' dir='ltr'>corpus</span> <span class='ocrx_word' id='word_1_58' title='bbox 643 553 856 592; x_wconf 85' lang='lat' dir='ltr'>divideret:</span> <span class='ocrx_word' id='word_1_59' title='bbox 893 554 1003 601; x_wconf 90' lang='lat' dir='ltr'>plane</span> <span class='ocrx_word' id='word_1_60' title='bbox 1033 553 1170 591; x_wconf 87' lang='lat' dir='ltr'>eodem</span> <span class='ocrx_word' id='word_1_61' title='bbox 1203 554 1338 601; x_wconf 90' lang='lat' dir='ltr'>modo,</span> <span class='ocrx_word' id='word_1_62' title='bbox 1375 552 1439 602; x_wconf 91' lang='lat' dir='ltr'>qui</span> <span class='ocrx_word' id='word_1_63' title='bbox 1467 555 1507 592; x_wconf 87' lang='lat' dir='ltr'>in</span> <span class='ocrx_word' id='word_1_64' title='bbox 1536 553 1703 604; x_wconf 84' lang='lat' dir='ltr'>philoso-</span> 
     </span>
     <span class='ocr_line' id='line_1_8' title="bbox 91 606 1700 659; baseline 0 -13"><span class='ocrx_word' id='word_1_65' title='bbox 91 607 178 659; x_wconf 83' lang='lat' dir='ltr'>phia</span> <span class='ocrx_word' id='word_1_66' title='bbox 204 620 247 646; x_wconf 89' lang='lat' dir='ltr'>ac</span> <span class='ocrx_word' id='word_1_67' title='bbox 275 608 660 658; x_wconf 89' lang='lat' dir='ltr'>contemplationibus</span> <span class='ocrx_word' id='word_1_68' title='bbox 700 607 973 646; x_wconf 86' lang='lat' dir='ltr'>universalibus</span> <span class='ocrx_word' id='word_1_69' title='bbox 1008 606 1170 659; x_wconf 77' lang='lat' dir='ltr'>politum</span> <span class='ocrx_word' id='word_1_70' title='bbox 1215 618 1334 646; x_wconf 89' lang='lat' dir='ltr'>omne</span> <span class='ocrx_word' id='word_1_71' title='bbox 1370 608 1544 656; x_wconf 87' lang='lat' dir='ltr'>studium,</span> <span class='ocrx_word' id='word_1_72' title='bbox 1587 611 1700 646; x_wconf 89' lang='lat' dir='ltr'>inane</span> 
     </span>
     <span class='ocr_line' id='line_1_9' title="bbox 91 661 1698 713; baseline 0.001 -12"><span class='ocrx_word' id='word_1_73' title='bbox 91 674 205 712; x_wconf 89' lang='lat' dir='ltr'>atque</span> <span class='ocrx_word' id='word_1_74' title='bbox 240 663 415 713; x_wconf 82' lang='lat' dir='ltr'>ignavum</span> <span class='ocrx_word' id='word_1_75' title='bbox 458 662 665 710; x_wconf 82' lang='lat' dir='ltr'>arbitratur,</span> <span class='ocrx_word' id='word_1_76' title='bbox 708 675 790 700; x_wconf 92' lang='lat' dir='ltr'>non</span> <span class='ocrx_word' id='word_1_77' title='bbox 825 662 1100 711; x_wconf 85' lang='lat' dir='ltr'>animadvertit,</span> <span class='ocrx_word' id='word_1_78' title='bbox 1138 662 1289 713; x_wconf 79' lang='lat' dir='ltr'>singulis</span> <span class='ocrx_word' id='word_1_79' title='bbox 1327 661 1622 713; x_wconf 85' lang='lat' dir='ltr'>profeffionibus</span> <span class='ocrx_word' id='word_1_80' title='bbox 1660 667 1698 702; x_wconf 71' lang='grc' dir='ltr'>ὅ(</span> 
     </span>
     <span class='ocr_line' id='line_1_10' title="bbox 92 694 1696 768; baseline 0.001 -13"><span class='ocrx_word' id='word_1_81' title='bbox 92 720 244 765; x_wconf 83' lang='lat' dir='ltr'>artibus,</span> <span class='ocrx_word' id='word_1_82' title='bbox 252 694 408 755; x_wconf 45' lang='lat' dir='ltr'>&amp;exinde</span> <span class='ocrx_word' id='word_1_83' title='bbox 433 717 584 755; x_wconf 89' lang='lat' dir='ltr'>succum</span> <span class='ocrx_word' id='word_1_84' title='bbox 611 720 648 755; x_wconf 74' lang='grc' dir='ltr'>ὅ(</span> <span class='ocrx_word' id='word_1_85' title='bbox 672 719 787 755; x_wconf 93' lang='lat' dir='ltr'>robur</span> <span class='ocrx_word' id='word_1_86' title='bbox 814 718 1053 767; x_wconf 66' lang='lat' dir='ltr'>suppeditari.</span> <span class='ocrx_word' id='word_1_87' title='bbox 1113 718 1241 767; x_wconf 84' lang='lat' dir='ltr'>Atque</span> <span class='ocrx_word' id='word_1_88' title='bbox 1266 730 1366 756; x_wconf 83' lang='lat' dir='ltr'>certe</span> <span class='ocrx_word' id='word_1_89' title='bbox 1391 719 1603 768; x_wconf 70' lang='lat' dir='ltr'>pei-limium</span> <span class='ocrx_word' id='word_1_90' title='bbox 1636 719 1696 757; x_wconf 88' lang='lat' dir='ltr'>ha-</span> 
     </span>
     <span class='ocr_line' id='line_1_11' title="bbox 92 771 1697 825; baseline 0.001 -15"><span class='ocrx_word' id='word_1_91' title='bbox 92 773 177 819; x_wconf 90' lang='lat' dir='ltr'>beo,</span> <span class='ocrx_word' id='word_1_92' title='bbox 205 773 301 810; x_wconf 86' lang='lat' dir='ltr'>hanc</span> <span class='ocrx_word' id='word_1_93' title='bbox 324 771 442 822; x_wconf 84' lang='lat' dir='ltr'>ipsam</span> <span class='ocrx_word' id='word_1_94' title='bbox 465 773 562 810; x_wconf 85' lang='lat' dir='ltr'>haud</span> <span class='ocrx_word' id='word_1_95' title='bbox 592 774 794 810; x_wconf 80' lang='lat' dir='ltr'><strong>minimam</strong></span> <span class='ocrx_word' id='word_1_96' title='bbox 821 772 967 810; x_wconf 75' lang='lat' dir='ltr'>caulam</span> <span class='ocrx_word' id='word_1_97' title='bbox 995 772 1113 817; x_wconf 83' lang='lat' dir='ltr'>fuiffe,</span> <span class='ocrx_word' id='word_1_98' title='bbox 1142 785 1206 810; x_wconf 91' lang='lat' dir='ltr'>cur</span> <span class='ocrx_word' id='word_1_99' title='bbox 1221 773 1369 811; x_wconf 81' lang='lat' dir='ltr'>felicior</span> <span class='ocrx_word' id='word_1_100' title='bbox 1390 774 1582 811; x_wconf 66' lang='lat' dir='ltr'>do&amp;riiiae</span> <span class='ocrx_word' id='word_1_101' title='bbox 1612 787 1697 825; x_wconf 91' lang='lat' dir='ltr'>pro-</span> 
     </span>
     <span class='ocr_line' id='line_1_12' title="bbox 90 803 1697 878; baseline 0.001 -13.001"><span class='ocrx_word' id='word_1_102' title='bbox 90 803 227 878; x_wconf 73' lang='lat' dir='ltr'>gresius</span> <span class='ocrx_word' id='word_1_103' title='bbox 242 828 430 876; x_wconf 80' lang='lat' dir='ltr'>huculque</span> <span class='ocrx_word' id='word_1_104' title='bbox 454 823 657 866; x_wconf 80' lang='lat' dir='ltr'>ietardatus</span> <span class='ocrx_word' id='word_1_105' title='bbox 685 826 709 864; x_wconf 85' lang='lat' dir='ltr'>s</span> <span class='ocrx_word' id='word_1_106' title='bbox 712 839 750 869; x_wconf 96' lang='lat' dir='ltr'>t</span> <span class='ocrx_word' id='word_1_107' title='bbox 780 827 884 876; x_wconf 91' lang='lat' dir='ltr'>quod</span> <span class='ocrx_word' id='word_1_108' title='bbox 905 839 1019 876; x_wconf 86' lang='lat' dir='ltr'>opera</span> <span class='ocrx_word' id='word_1_109' title='bbox 1045 827 1144 864; x_wconf 78' lang='lat' dir='ltr'>hilce</span> <span class='ocrx_word' id='word_1_110' title='bbox 1165 829 1512 866; x_wconf 83' lang='lat' dir='ltr'>fundamentalibus</span> <span class='ocrx_word' id='word_1_111' title='bbox 1532 829 1697 867; x_wconf 83' lang='lat' dir='ltr'>scientiis</span> 
     </span>
     <span class='ocr_line' id='line_1_13' title="bbox 91 876 1697 933; baseline 0.001 -13"><span class='ocrx_word' id='word_1_112' title='bbox 91 893 222 920; x_wconf 85' lang='lat' dir='ltr'>navata</span> <span class='ocrx_word' id='word_1_113' title='bbox 242 880 284 920; x_wconf 82' lang='lat' dir='ltr'>fit</span> <span class='ocrx_word' id='word_1_114' title='bbox 305 893 454 920; x_wconf 88' lang='lat' dir='ltr'>tantum</span> <span class='ocrx_word' id='word_1_115' title='bbox 475 882 514 919; x_wconf 89' lang='lat' dir='ltr'>in</span> <span class='ocrx_word' id='word_1_116' title='bbox 537 881 703 930; x_wconf 78' lang='lat' dir='ltr'>transitu,</span> <span class='ocrx_word' id='word_1_117' title='bbox 734 895 855 931; x_wconf 88' lang='lat' dir='ltr'>neque</span> <span class='ocrx_word' id='word_1_118' title='bbox 879 882 1024 920; x_wconf 82' lang='lat' dir='ltr'>haustus</span> <span class='ocrx_word' id='word_1_119' title='bbox 1043 883 1232 933; x_wconf 88' lang='lat' dir='ltr'>pleniores</span> <span class='ocrx_word' id='word_1_120' title='bbox 1261 876 1350 920; x_wconf 88' lang='lat' dir='ltr'>inde</span> <span class='ocrx_word' id='word_1_121' title='bbox 1373 885 1489 933; x_wconf 88' lang='lat' dir='ltr'>epoti.</span> <span class='ocrx_word' id='word_1_122' title='bbox 1547 886 1649 922; x_wconf 82' lang='lat' dir='ltr'>Nam</span> <span class='ocrx_word' id='word_1_123' title='bbox 1674 881 1697 921; x_wconf 75' lang='lat' dir='ltr'>si</span> 
     </span>
     <span class='ocr_line' id='line_1_14' title="bbox 90 913 1697 989; baseline 0.001 -14"><span class='ocrx_word' id='word_1_124' title='bbox 90 938 265 976; x_wconf 81' lang='lat' dir='ltr'>arborem</span> <span class='ocrx_word' id='word_1_125' title='bbox 280 937 394 976; x_wconf 87' lang='lat' dir='ltr'>solito</span> <span class='ocrx_word' id='word_1_126' title='bbox 414 913 703 975; x_wconf 60' lang='lat' dir='ltr'>frustuosiorem&#39;</span> <span class='ocrx_word' id='word_1_127' title='bbox 723 937 802 974; x_wconf 89' lang='lat' dir='ltr'>fieri</span> <span class='ocrx_word' id='word_1_128' title='bbox 827 936 962 988; x_wconf 80' lang='lat' dir='ltr'>cupias,</span> <span class='ocrx_word' id='word_1_129' title='bbox 991 937 1038 973; x_wconf 93' lang='lat' dir='ltr'>de</span> <span class='ocrx_word' id='word_1_130' title='bbox 1062 940 1174 974; x_wconf 90' lang='lat' dir='ltr'>ramis</span> <span class='ocrx_word' id='word_1_131' title='bbox 1200 937 1427 975; x_wconf 82' lang='lat' dir='ltr'>medicandis</span> <span class='ocrx_word' id='word_1_132' title='bbox 1453 937 1581 976; x_wconf 81' lang='lat' dir='ltr'>frustra</span> <span class='ocrx_word' id='word_1_133' title='bbox 1596 942 1697 989; x_wconf 78' lang='lat' dir='ltr'>cogi-</span> 
     </span>
     <span class='ocr_line' id='line_1_15' title="bbox 90 991 1697 1042; baseline 0.002 -13"><span class='ocrx_word' id='word_1_134' title='bbox 90 994 250 1034; x_wconf 78' lang='lat' dir='ltr'>taveris;</span> <span class='ocrx_word' id='word_1_135' title='bbox 287 1003 384 1030; x_wconf 85' lang='lat' dir='ltr'>terra</span> <span class='ocrx_word' id='word_1_136' title='bbox 412 992 487 1042; x_wconf 89' lang='lat' dir='ltr'>ipsa</span> <span class='ocrx_word' id='word_1_137' title='bbox 516 994 611 1030; x_wconf 88' lang='lat' dir='ltr'>circa</span> <span class='ocrx_word' id='word_1_138' title='bbox 643 993 806 1030; x_wconf 89' lang='lat' dir='ltr'>radicem</span> <span class='ocrx_word' id='word_1_139' title='bbox 836 991 1039 1041; x_wconf 82' lang='lat' dir='ltr'>subigenda</span> <span class='ocrx_word' id='word_1_140' title='bbox 1075 994 1112 1029; x_wconf 74' lang='grc' dir='ltr'>δε</span> <span class='ocrx_word' id='word_1_141' title='bbox 1144 994 1253 1042; x_wconf 80' lang='lat' dir='ltr'>gleba</span> <span class='ocrx_word' id='word_1_142' title='bbox 1285 994 1420 1031; x_wconf 89' lang='lat' dir='ltr'>laetior</span> <span class='ocrx_word' id='word_1_143' title='bbox 1448 994 1697 1041; x_wconf 79' lang='lat' dir='ltr'>admovenda,</span> 
     </span>
     <span class='ocr_line' id='line_1_16' title="bbox 89 1045 1697 1100; baseline 0.001 -15"><span class='ocrx_word' id='word_1_144' title='bbox 89 1057 153 1085; x_wconf 82' lang='lat' dir='ltr'>aut</span> <span class='ocrx_word' id='word_1_145' title='bbox 173 1048 269 1086; x_wconf 83' lang='lat' dir='ltr'>nihil</span> <span class='ocrx_word' id='word_1_146' title='bbox 284 1047 412 1098; x_wconf 83' lang='lat' dir='ltr'>egeris.</span> <span class='ocrx_word' id='word_1_147' title='bbox 458 1050 596 1096; x_wconf 84' lang='lat' dir='ltr'>Neque</span> <span class='ocrx_word' id='word_1_148' title='bbox 611 1047 734 1085; x_wconf 89' lang='lat' dir='ltr'>rursus</span> <span class='ocrx_word' id='word_1_149' title='bbox 748 1045 898 1084; x_wconf 82' lang='lat' dir='ltr'>silentio</span> <span class='ocrx_word' id='word_1_150' title='bbox 919 1048 1300 1098; x_wconf 88' lang='lat' dir='ltr'>praetermittendum</span> <span class='ocrx_word' id='word_1_151' title='bbox 1317 1049 1377 1095; x_wconf 88' lang='lat' dir='ltr'>est,</span> <span class='ocrx_word' id='word_1_152' title='bbox 1399 1048 1495 1085; x_wconf 86' lang='lat' dir='ltr'>hanc</span> <span class='ocrx_word' id='word_1_153' title='bbox 1515 1051 1697 1100; x_wconf 76' lang='lat' dir='ltr'>collegio-</span> 
     </span>
     <span class='ocr_line' id='line_1_17' title="bbox 89 1102 1698 1153; baseline 0.001 -13"><span class='ocrx_word' id='word_1_154' title='bbox 89 1114 176 1140; x_wconf 85' lang='lat' dir='ltr'>rum</span> <span class='ocrx_word' id='word_1_155' title='bbox 202 1105 239 1141; x_wconf 66' lang='grc' dir='ltr'>ὃς</span> <span class='ocrx_word' id='word_1_156' title='bbox 260 1102 494 1149; x_wconf 83' lang='lat' dir='ltr'>societatum,</span> <span class='ocrx_word' id='word_1_157' title='bbox 524 1104 563 1139; x_wconf 86' lang='lat' dir='ltr'>in</span> <span class='ocrx_word' id='word_1_158' title='bbox 586 1102 694 1140; x_wconf 87' lang='lat' dir='ltr'>usum</span> <span class='ocrx_word' id='word_1_159' title='bbox 724 1102 998 1140; x_wconf 88' lang='lat' dir='ltr'>tantummodo</span> <span class='ocrx_word' id='word_1_160' title='bbox 1030 1102 1220 1140; x_wconf 61' lang='lat' dir='ltr'>doetrinae</span> <span class='ocrx_word' id='word_1_161' title='bbox 1244 1103 1494 1153; x_wconf 76' lang='lat' dir='ltr'>professor-iae,</span> <span class='ocrx_word' id='word_1_162' title='bbox 1524 1104 1698 1143; x_wconf 81' lang='lat' dir='ltr'>dedicati-</span> 
     </span>
     <span class='ocr_line' id='line_1_18' title="bbox 91 1157 1697 1206; baseline 0.002 -12"><span class='ocrx_word' id='word_1_163' title='bbox 91 1169 222 1204; x_wconf 85' lang='lat' dir='ltr'>onem,</span> <span class='ocrx_word' id='word_1_164' title='bbox 252 1170 333 1195; x_wconf 90' lang='lat' dir='ltr'>non</span> <span class='ocrx_word' id='word_1_165' title='bbox 368 1157 489 1195; x_wconf 87' lang='lat' dir='ltr'>solum</span> <span class='ocrx_word' id='word_1_166' title='bbox 514 1157 755 1195; x_wconf 83' lang='lat' dir='ltr'>scientiarum</span> <span class='ocrx_word' id='word_1_167' title='bbox 781 1158 1025 1194; x_wconf 86' lang='lat' dir='ltr'>incrementis</span> <span class='ocrx_word' id='word_1_168' title='bbox 1051 1158 1247 1195; x_wconf 86' lang='lat' dir='ltr'>inimicam</span> <span class='ocrx_word' id='word_1_169' title='bbox 1276 1158 1392 1206; x_wconf 75' lang='lat' dir='ltr'>fuiss&#39;e,</span> <span class='ocrx_word' id='word_1_170' title='bbox 1424 1158 1484 1196; x_wconf 88' lang='lat' dir='ltr'>sed</span> <span class='ocrx_word' id='word_1_171' title='bbox 1511 1162 1625 1198; x_wconf 86' lang='lat' dir='ltr'>ctiam</span> <span class='ocrx_word' id='word_1_172' title='bbox 1656 1163 1697 1198; x_wconf 86' lang='lat' dir='ltr'>in</span> 
     </span>
     <span class='ocr_line' id='line_1_19' title="bbox 89 1209 1695 1265; baseline 0.002 -16"><span class='ocrx_word' id='word_1_173' title='bbox 89 1224 299 1262; x_wconf 84' lang='lat' dir='ltr'>regnorum</span> <span class='ocrx_word' id='word_1_174' title='bbox 321 1216 357 1250; x_wconf 88' lang='lat'>&amp;</span> <span class='ocrx_word' id='word_1_175' title='bbox 373 1213 738 1265; x_wconf 87' lang='lat' dir='ltr'>rerumpublicarum</span> <span class='ocrx_word' id='word_1_176' title='bbox 760 1213 1034 1249; x_wconf 82' lang='lat' dir='ltr'>detrimentum</span> <span class='ocrx_word' id='word_1_177' title='bbox 1061 1209 1208 1250; x_wconf 77' lang='lat' dir='ltr'>cessiss&#39;c.</span> <span class='ocrx_word' id='word_1_178' title='bbox 1265 1212 1363 1251; x_wconf 90' lang='lat' dir='ltr'>Hinc</span> <span class='ocrx_word' id='word_1_179' title='bbox 1381 1216 1485 1250; x_wconf 88' lang='lat' dir='ltr'>enim</span> <span class='ocrx_word' id='word_1_180' title='bbox 1501 1214 1581 1252; x_wconf 87' lang='lat' dir='ltr'>fieri</span> <span class='ocrx_word' id='word_1_181' title='bbox 1602 1216 1695 1254; x_wconf 89' lang='lat' dir='ltr'>solet</span> 
     </span>
     <span class='ocr_line' id='line_1_20' title="bbox 91 1266 1695 1319; baseline 0.002 -14"><span class='ocrx_word' id='word_1_182' title='bbox 91 1278 132 1306; x_wconf 87' lang='lat' dir='ltr'>ut</span> <span class='ocrx_word' id='word_1_183' title='bbox 158 1269 346 1319; x_wconf 87' lang='lat' dir='ltr'>principes</span> <span class='ocrx_word' id='word_1_184' title='bbox 373 1269 562 1305; x_wconf 71' lang='lat' dir='ltr'>delectum</span> <span class='ocrx_word' id='word_1_185' title='bbox 589 1266 752 1305; x_wconf 88' lang='lat' dir='ltr'>habituri</span> <span class='ocrx_word' id='word_1_186' title='bbox 784 1266 1052 1314; x_wconf 85' lang='lat' dir='ltr'>ministrorum,</span> <span class='ocrx_word' id='word_1_187' title='bbox 1092 1269 1157 1316; x_wconf 90' lang='lat' dir='ltr'>qui</span> <span class='ocrx_word' id='word_1_188' title='bbox 1196 1269 1304 1306; x_wconf 89' lang='lat' dir='ltr'>rebus</span> <span class='ocrx_word' id='word_1_189' title='bbox 1335 1270 1508 1306; x_wconf 81' lang='lat' dir='ltr'>civilibus</span> <span class='ocrx_word' id='word_1_190' title='bbox 1539 1272 1695 1309; x_wconf 69' lang='lat' dir='ltr'>trac&#39;tan—</span> 
     </span>
     <span class='ocr_line' id='line_1_21' title="bbox 88 1320 1695 1376; baseline 0.002 -16"><span class='ocrx_word' id='word_1_191' title='bbox 88 1322 144 1360; x_wconf 90' lang='lat' dir='ltr'>dis</span> <span class='ocrx_word' id='word_1_192' title='bbox 166 1320 234 1360; x_wconf 75' lang='lat' dir='ltr'>[int</span> <span class='ocrx_word' id='word_1_193' title='bbox 253 1324 408 1364; x_wconf 82' lang='lat' dir='ltr'>idonei3</span> <span class='ocrx_word' id='word_1_194' title='bbox 438 1322 624 1368; x_wconf 86' lang='lat' dir='ltr'>ejusmodi</span> <span class='ocrx_word' id='word_1_195' title='bbox 644 1322 850 1360; x_wconf 86' lang='lat' dir='ltr'>hominum</span> <span class='ocrx_word' id='word_1_196' title='bbox 874 1324 1012 1359; x_wconf 90' lang='lat' dir='ltr'>miram</span> <span class='ocrx_word' id='word_1_197' title='bbox 1037 1321 1277 1361; x_wconf 87' lang='lat' dir='ltr'>solitudinem</span> <span class='ocrx_word' id='word_1_198' title='bbox 1308 1322 1401 1360; x_wconf 86' lang='lat' dir='ltr'>circa</span> <span class='ocrx_word' id='word_1_199' title='bbox 1428 1324 1462 1361; x_wconf 91' lang='lat' dir='ltr'>se</span> <span class='ocrx_word' id='word_1_200' title='bbox 1487 1328 1695 1376; x_wconf 79' lang='lat' dir='ltr'>reperiant&#39;3</span> 
     </span>
     <span class='ocr_line' id='line_1_22' title="bbox 89 1377 1695 1429; baseline 0.002 -14"><span class='ocrx_word' id='word_1_201' title='bbox 89 1388 290 1429; x_wconf 85' lang='lat' dir='ltr'>propterea</span> <span class='ocrx_word' id='word_1_202' title='bbox 314 1378 419 1426; x_wconf 90' lang='lat' dir='ltr'>quod</span> <span class='ocrx_word' id='word_1_203' title='bbox 448 1391 529 1415; x_wconf 88' lang='lat' dir='ltr'>non</span> <span class='ocrx_word' id='word_1_204' title='bbox 559 1378 738 1425; x_wconf 83' lang='lat' dir='ltr'>habeatur</span> <span class='ocrx_word' id='word_1_205' title='bbox 767 1378 941 1414; x_wconf 85' lang='lat' dir='ltr'>educatio</span> <span class='ocrx_word' id='word_1_206' title='bbox 969 1378 1093 1425; x_wconf 83' lang='lat' dir='ltr'>aliqua</span> <span class='ocrx_word' id='word_1_207' title='bbox 1120 1377 1327 1427; x_wconf 77' lang='lat' dir='ltr'>collegiata,</span> <span class='ocrx_word' id='word_1_208' title='bbox 1356 1381 1396 1416; x_wconf 89' lang='lat' dir='ltr'>in</span> <span class='ocrx_word' id='word_1_209' title='bbox 1424 1379 1493 1416; x_wconf 89' lang='lat' dir='ltr'>hos</span> <span class='ocrx_word' id='word_1_210' title='bbox 1522 1381 1606 1418; x_wconf 87' lang='lat' dir='ltr'>usus</span> <span class='ocrx_word' id='word_1_211' title='bbox 1634 1383 1695 1420; x_wconf 88' lang='lat' dir='ltr'>de-</span> 
     </span>
     <span class='ocr_line' id='line_1_23' title="bbox 87 1431 1695 1486; baseline 0.003 -16"><span class='ocrx_word' id='word_1_212' title='bbox 87 1434 195 1470; x_wconf 79' lang='lat' dir='ltr'>stinat</span> <span class='ocrx_word' id='word_1_213' title='bbox 198 1444 229 1480; x_wconf 84' lang='lat' dir='ltr'>a,</span> <span class='ocrx_word' id='word_1_214' title='bbox 258 1434 323 1470; x_wconf 88' lang='lat' dir='ltr'>ubi</span> <span class='ocrx_word' id='word_1_215' title='bbox 354 1431 492 1470; x_wconf 90' lang='lat' dir='ltr'>scilicet</span> <span class='ocrx_word' id='word_1_216' title='bbox 516 1431 692 1470; x_wconf 88' lang='lat' dir='ltr'>homines</span> <span class='ocrx_word' id='word_1_217' title='bbox 716 1444 736 1469; x_wconf 90' lang='lat' dir='ltr'>a</span> <span class='ocrx_word' id='word_1_218' title='bbox 769 1442 902 1468; x_wconf 90' lang='lat' dir='ltr'>natura</span> <span class='ocrx_word' id='word_1_219' title='bbox 935 1431 982 1468; x_wconf 89' lang='lat' dir='ltr'>ad</span> <span class='ocrx_word' id='word_1_220' title='bbox 1009 1431 1084 1469; x_wconf 90' lang='lat' dir='ltr'>hoc</span> <span class='ocrx_word' id='word_1_221' title='bbox 1107 1432 1193 1469; x_wconf 75' lang='lat' dir='ltr'>faCti</span> <span class='ocrx_word' id='word_1_222' title='bbox 1223 1436 1259 1470; x_wconf 71' lang='grc' dir='ltr'>ὅ(</span> <span class='ocrx_word' id='word_1_223' title='bbox 1283 1436 1503 1483; x_wconf 85' lang='lat' dir='ltr'>comparati,</span> <span class='ocrx_word' id='word_1_224' title='bbox 1535 1436 1695 1486; x_wconf 87' lang='lat' dir='ltr'>(praeter</span> 
     </span>
     <span class='ocr_line' id='line_1_24' title="bbox 88 1486 1695 1542; baseline 0.003 -17"><span class='ocrx_word' id='word_1_225' title='bbox 88 1497 195 1527; x_wconf 74' lang='lat' dir='ltr'>artes</span> <span class='ocrx_word' id='word_1_226' title='bbox 206 1488 315 1536; x_wconf 76' lang='lat' dir='ltr'>alias)</span> <span class='ocrx_word' id='word_1_227' title='bbox 337 1486 521 1534; x_wconf 88' lang='lat' dir='ltr'>historiae,</span> <span class='ocrx_word' id='word_1_228' title='bbox 550 1489 689 1536; x_wconf 78' lang='lat' dir='ltr'>linguis</span> <span class='ocrx_word' id='word_1_229' title='bbox 712 1487 920 1533; x_wconf 88' lang='lat' dir='ltr'>modernis,</span> <span class='ocrx_word' id='word_1_230' title='bbox 948 1486 1052 1523; x_wconf 88' lang='lat' dir='ltr'>libris</span> <span class='ocrx_word' id='word_1_231' title='bbox 1076 1489 1112 1524; x_wconf 88' lang='lat'>&amp;</span> <span class='ocrx_word' id='word_1_232' title='bbox 1140 1488 1354 1525; x_wconf 71' lang='lat' dir='ltr'>tra&amp;atibus</span> <span class='ocrx_word' id='word_1_233' title='bbox 1388 1490 1565 1538; x_wconf 73' lang='lat' dir='ltr'>politiciS,</span> <span class='ocrx_word' id='word_1_234' title='bbox 1595 1504 1695 1542; x_wconf 85' lang='lat' dir='ltr'>prae-</span> 
     </span>
     <span class='ocr_line' id='line_1_25' title="bbox 87 1540 1696 1593; baseline 0.003 -13"><span class='ocrx_word' id='word_1_235' title='bbox 87 1543 213 1593; x_wconf 82' lang='lat' dir='ltr'>cipue</span> <span class='ocrx_word' id='word_1_236' title='bbox 210 1542 462 1588; x_wconf 77' lang='lat' dir='ltr'>incumbant·</span> <span class='ocrx_word' id='word_1_237' title='bbox 453 1567 463 1584; x_wconf 84' lang='lat'><strong>&gt;</strong></span> <span class='ocrx_word' id='word_1_238' title='bbox 500 1552 541 1579; x_wconf 90' lang='lat' dir='ltr'>ut</span> <span class='ocrx_word' id='word_1_239' title='bbox 565 1542 654 1580; x_wconf 88' lang='lat' dir='ltr'>inde</span> <span class='ocrx_word' id='word_1_240' title='bbox 681 1542 728 1579; x_wconf 89' lang='lat' dir='ltr'>ad</span> <span class='ocrx_word' id='word_1_241' title='bbox 754 1540 873 1580; x_wconf 88' lang='lat' dir='ltr'>civilia</span> <span class='ocrx_word' id='word_1_242' title='bbox 892 1553 1051 1579; x_wconf 87' lang='lat' dir='ltr'>munera</span> <span class='ocrx_word' id='word_1_243' title='bbox 1077 1543 1196 1592; x_wconf 81' lang='lat' dir='ltr'>magis</span> <span class='ocrx_word' id='word_1_244' title='bbox 1223 1542 1364 1580; x_wconf 84' lang='lat' dir='ltr'>habiles</span> <span class='ocrx_word' id='word_1_245' title='bbox 1387 1546 1424 1582; x_wconf 71' lang='grc' dir='ltr'>δε</span> <span class='ocrx_word' id='word_1_246' title='bbox 1454 1544 1619 1584; x_wconf 71' lang='lat' dir='ltr'>instruffi</span> <span class='ocrx_word' id='word_1_247' title='bbox 1641 1560 1696 1585; x_wconf 89' lang='lat' dir='ltr'>ac-</span> 
     </span>
     <span class='ocr_line' id='line_1_26' title="bbox 86 1597 259 1641; baseline 0.007 -5"><span class='ocrx_word' id='word_1_248' title='bbox 86 1597 259 1641; x_wconf 64' lang='lat' dir='ltr'>cedant·</span> 
     </span>
    </p>

    <p class='ocr_par' dir='ltr' id='par_1_3' title="bbox 87 1651 1697 2586">
     <span class='ocr_line' id='line_1_27' title="bbox 141 1651 1697 1705; baseline 0.004 -15"><span class='ocrx_word' id='word_1_249' title='bbox 141 1653 394 1705; x_wconf 74' lang='lat' dir='ltr'>QUONIAM</span> <span class='ocrx_word' id='word_1_250' title='bbox 422 1664 516 1691; x_wconf 89' lang='lat' dir='ltr'>vero</span> <span class='ocrx_word' id='word_1_251' title='bbox 544 1651 764 1690; x_wconf 86' lang='lat' dir='ltr'>fundatores</span> <span class='ocrx_word' id='word_1_252' title='bbox 787 1652 1041 1702; x_wconf 84' lang='lat' dir='ltr'>collegiorum</span> <span class='ocrx_word' id='word_1_253' title='bbox 1068 1653 1251 1703; x_wconf 77' lang='lat' dir='ltr'>plantant,</span> <span class='ocrx_word' id='word_1_254' title='bbox 1280 1654 1577 1704; x_wconf 73' lang='lat' dir='ltr'>praelefflonum</span> <span class='ocrx_word' id='word_1_255' title='bbox 1604 1663 1697 1697; x_wconf 78' lang='lat' dir='ltr'>vero</span> 
     </span>
     <span class='ocr_line' id='line_1_28' title="bbox 88 1706 1696 1761; baseline 0.004 -16"><span class='ocrx_word' id='word_1_256' title='bbox 88 1709 227 1757; x_wconf 83' lang='lat' dir='ltr'>rigant,</span> <span class='ocrx_word' id='word_1_257' title='bbox 257 1707 450 1757; x_wconf 83' lang='lat' dir='ltr'>sequitur&#39;</span> <span class='ocrx_word' id='word_1_258' title='bbox 441 1720 517 1754; x_wconf 76' lang='lat' dir='ltr'>jam</span> <span class='ocrx_word' id='word_1_259' title='bbox 545 1707 695 1755; x_wconf 87' lang='lat' dir='ltr'>ordine,</span> <span class='ocrx_word' id='word_1_260' title='bbox 724 1717 766 1745; x_wconf 91' lang='lat' dir='ltr'>ut</span> <span class='ocrx_word' id='word_1_261' title='bbox 786 1707 910 1745; x_wconf 78' lang='lat' dir='ltr'>dicam</span> <span class='ocrx_word' id='word_1_262' title='bbox 934 1706 1055 1756; x_wconf 91' lang='lat' dir='ltr'>quid</span> <span class='ocrx_word' id='word_1_263' title='bbox 1045 1721 1085 1746; x_wconf 83' lang='lat' dir='ltr'>in</span> <span class='ocrx_word' id='word_1_264' title='bbox 1099 1710 1259 1761; x_wconf 87' lang='lat' dir='ltr'>publicis</span> <span class='ocrx_word' id='word_1_265' title='bbox 1280 1709 1504 1747; x_wconf 69' lang='lat' dir='ltr'>leffionibus</span> <span class='ocrx_word' id='word_1_266' title='bbox 1520 1710 1696 1751; x_wconf 84' lang='lat' dir='ltr'>desidere</span> 
     </span>
     <span class='ocr_line' id='line_1_29' title="bbox 87 1763 1698 1815; baseline 0.004 -15"><span class='ocrx_word' id='word_1_267' title='bbox 87 1773 174 1801; x_wconf 87' lang='lat' dir='ltr'>tur:</span> <span class='ocrx_word' id='word_1_268' title='bbox 202 1763 403 1809; x_wconf 86' lang='lat' dir='ltr'>nimirum,</span> <span class='ocrx_word' id='word_1_269' title='bbox 430 1763 611 1815; x_wconf 88' lang='lat' dir='ltr'>improbo</span> <span class='ocrx_word' id='word_1_270' title='bbox 633 1764 694 1801; x_wconf 89' lang='lat' dir='ltr'>vel</span> <span class='ocrx_word' id='word_1_271' title='bbox 718 1764 882 1801; x_wconf 86' lang='lat' dir='ltr'>maxime</span> <span class='ocrx_word' id='word_1_272' title='bbox 904 1765 1130 1802; x_wconf 88' lang='lat' dir='ltr'>tenuitatem</span> <span class='ocrx_word' id='word_1_273' title='bbox 1155 1763 1436 1814; x_wconf 88' lang='lat' dir='ltr'>stipendiorum,</span> <span class='ocrx_word' id='word_1_274' title='bbox 1464 1768 1698 1815; x_wconf 62' lang='lat' dir='ltr'>praelectori-</span> 
     </span>
     <span class='ocr_line' id='line_1_30' title="bbox 89 1814 1697 1870; baseline 0.004 -15"><span class='ocrx_word' id='word_1_275' title='bbox 89 1818 158 1855; x_wconf 90' lang='lat' dir='ltr'>bus</span> <span class='ocrx_word' id='word_1_276' title='bbox 182 1815 254 1856; x_wconf 86' lang='lat' dir='ltr'>sve</span> <span class='ocrx_word' id='word_1_277' title='bbox 274 1820 412 1857; x_wconf 86' lang='lat' dir='ltr'>artium</span> <span class='ocrx_word' id='word_1_278' title='bbox 439 1817 511 1857; x_wconf 84' lang='lat' dir='ltr'>five</span> <span class='ocrx_word' id='word_1_279' title='bbox 536 1814 826 1870; x_wconf 78' lang='lat' dir='ltr'>profeflionum,</span> <span class='ocrx_word' id='word_1_280' title='bbox 859 1818 1091 1869; x_wconf 89' lang='lat' dir='ltr'>(praesertim</span> <span class='ocrx_word' id='word_1_281' title='bbox 1114 1821 1211 1870; x_wconf 89' lang='lat' dir='ltr'>apud</span> <span class='ocrx_word' id='word_1_282' title='bbox 1234 1821 1318 1869; x_wconf 90' lang='lat' dir='ltr'>nos)</span> <span class='ocrx_word' id='word_1_283' title='bbox 1347 1816 1580 1870; x_wconf 82' lang='lat' dir='ltr'>aflignatam.</span> <span class='ocrx_word' id='word_1_284' title='bbox 1639 1826 1697 1861; x_wconf 85' lang='lat' dir='ltr'>In-</span> 
     </span>
     <span class='ocr_line' id='line_1_31' title="bbox 87 1872 1696 1936; baseline 0.004 -26"><span class='ocrx_word' id='word_1_285' title='bbox 87 1872 197 1910; x_wconf 84' lang='lat' dir='ltr'>terest</span> <span class='ocrx_word' id='word_1_286' title='bbox 211 1872 314 1910; x_wconf 91' lang='lat' dir='ltr'>enim</span> <span class='ocrx_word' id='word_1_287' title='bbox 329 1875 503 1936; x_wconf 81' lang='lat' dir='ltr'>inprimis</span> <span class='ocrx_word' id='word_1_288' title='bbox 526 1873 756 1923; x_wconf 85' lang='lat' dir='ltr'>progressus</span> <span class='ocrx_word' id='word_1_289' title='bbox 748 1886 789 1910; x_wconf 80' lang='lat' dir='ltr'>in</span> <span class='ocrx_word' id='word_1_290' title='bbox 805 1873 980 1920; x_wconf 87' lang='lat' dir='ltr'>scientiis,</span> <span class='ocrx_word' id='word_1_291' title='bbox 1010 1884 1052 1912; x_wconf 91' lang='lat' dir='ltr'>ut</span> <span class='ocrx_word' id='word_1_292' title='bbox 1074 1875 1232 1913; x_wconf 65' lang='lat' dir='ltr'>leC‘tores</span> <span class='ocrx_word' id='word_1_293' title='bbox 1260 1874 1299 1912; x_wconf 87' lang='lat' dir='ltr'>in</span> <span class='ocrx_word' id='word_1_294' title='bbox 1328 1887 1562 1925; x_wconf 87' lang='lat' dir='ltr'>unoquoque</span> <span class='ocrx_word' id='word_1_295' title='bbox 1584 1891 1696 1928; x_wconf 82' lang='lat' dir='ltr'>gene-</span> 
     </span>
     <span class='ocr_line' id='line_1_32' title="bbox 88 1925 1696 1980; baseline 0.004 -15"><span class='ocrx_word' id='word_1_296' title='bbox 88 1941 130 1965; x_wconf 91' lang='lat' dir='ltr'>re</span> <span class='ocrx_word' id='word_1_297' title='bbox 152 1941 195 1966; x_wconf 90' lang='lat' dir='ltr'>ex</span> <span class='ocrx_word' id='word_1_298' title='bbox 222 1930 377 1980; x_wconf 89' lang='lat' dir='ltr'>optimis</span> <span class='ocrx_word' id='word_1_299' title='bbox 405 1925 763 1978; x_wconf 71' lang='lat' dir='ltr'>instruffiflimisque</span> <span class='ocrx_word' id='word_1_300' title='bbox 792 1929 999 1978; x_wconf 82' lang='lat' dir='ltr'>eligantur:</span> <span class='ocrx_word' id='word_1_301' title='bbox 1030 1940 1163 1980; x_wconf 89' lang='lat' dir='ltr'>utpote</span> <span class='ocrx_word' id='word_1_302' title='bbox 1192 1943 1357 1979; x_wconf 88' lang='lat' dir='ltr'>quorum</span> <span class='ocrx_word' id='word_1_303' title='bbox 1388 1943 1512 1980; x_wconf 86' lang='lat' dir='ltr'>opera,</span> <span class='ocrx_word' id='word_1_304' title='bbox 1542 1945 1623 1970; x_wconf 92' lang='lat' dir='ltr'>non</span> <span class='ocrx_word' id='word_1_305' title='bbox 1655 1936 1696 1972; x_wconf 88' lang='lat' dir='ltr'>in</span> 
     </span>
     <span class='ocr_line' id='line_1_33' title="bbox 87 1980 1695 2032; baseline 0.002 -10"><span class='ocrx_word' id='word_1_306' title='bbox 87 1982 198 2022; x_wconf 89' lang='lat' dir='ltr'>usum</span> <span class='ocrx_word' id='word_1_307' title='bbox 225 1981 336 2020; x_wconf 81' lang='lat' dir='ltr'>trans</span> <span class='ocrx_word' id='word_1_308' title='bbox 338 1994 494 2032; x_wconf 87' lang='lat' dir='ltr'>torium</span> <span class='ocrx_word' id='word_1_309' title='bbox 524 1983 585 2021; x_wconf 87' lang='lat' dir='ltr'>sed.</span> <span class='ocrx_word' id='word_1_310' title='bbox 614 1984 660 2021; x_wconf 89' lang='lat' dir='ltr'>ad</span> <span class='ocrx_word' id='word_1_311' title='bbox 680 1980 937 2022; x_wconf 82' lang='lat' dir='ltr'>lufficiendam</span> <span class='ocrx_word' id='word_1_312' title='bbox 959 1983 1132 2023; x_wconf 76' lang='lat' dir='ltr'>lobolem</span> <span class='ocrx_word' id='word_1_313' title='bbox 1159 1984 1332 2023; x_wconf 75' lang='lat' dir='ltr'>icientiae</span> <span class='ocrx_word' id='word_1_314' title='bbox 1355 1987 1397 2022; x_wconf 88' lang='lat' dir='ltr'>in</span> <span class='ocrx_word' id='word_1_315' title='bbox 1423 1986 1565 2024; x_wconf 83' lang='lat' dir='ltr'>saecula</span> <span class='ocrx_word' id='word_1_316' title='bbox 1594 1989 1695 2026; x_wconf 75' lang='lat' dir='ltr'>adlii</span> 
     </span>
     <span class='ocr_line' id='line_1_34' title="bbox 91 2037 1695 2091; baseline 0.003 -16"><span class='ocrx_word' id='word_1_317' title='bbox 91 2039 234 2076; x_wconf 86' lang='lat' dir='ltr'>beatur.</span> <span class='ocrx_word' id='word_1_318' title='bbox 289 2039 331 2076; x_wconf 89' lang='lat' dir='ltr'>Id</span> <span class='ocrx_word' id='word_1_319' title='bbox 355 2037 434 2076; x_wconf 88' lang='lat' dir='ltr'>fieri</span> <span class='ocrx_word' id='word_1_320' title='bbox 465 2040 611 2088; x_wconf 88' lang='lat' dir='ltr'>nequit,</span> <span class='ocrx_word' id='word_1_321' title='bbox 651 2037 717 2076; x_wconf 79' lang='lat' dir='ltr'>nist</span> <span class='ocrx_word' id='word_1_322' title='bbox 744 2040 910 2090; x_wconf 90' lang='lat' dir='ltr'>praemia</span> <span class='ocrx_word' id='word_1_323' title='bbox 939 2041 978 2077; x_wconf 89' lang='lat'>&amp;</span> <span class='ocrx_word' id='word_1_324' title='bbox 1012 2040 1253 2078; x_wconf 89' lang='lat' dir='ltr'>conditiones</span> <span class='ocrx_word' id='word_1_325' title='bbox 1290 2042 1380 2078; x_wconf 85' lang='lat' dir='ltr'>tales</span> <span class='ocrx_word' id='word_1_326' title='bbox 1410 2042 1695 2091; x_wconf 82' lang='lat' dir='ltr'>constituantur,</span> 
     </span>
     <span class='ocr_line' id='line_1_35' title="bbox 90 2091 1697 2146; baseline 0.003 -15"><span class='ocrx_word' id='word_1_327' title='bbox 90 2094 226 2143; x_wconf 82' lang='lat' dir='ltr'>quibus</span> <span class='ocrx_word' id='word_1_328' title='bbox 245 2091 561 2132; x_wconf 85' lang='lat' dir='ltr'>eminentiflimus</span> <span class='ocrx_word' id='word_1_329' title='bbox 585 2094 743 2143; x_wconf 89' lang='lat' dir='ltr'>quisque</span> <span class='ocrx_word' id='word_1_330' title='bbox 772 2095 811 2131; x_wconf 91' lang='lat' dir='ltr'>in</span> <span class='ocrx_word' id='word_1_331' title='bbox 841 2106 882 2131; x_wconf 91' lang='lat' dir='ltr'>ea</span> <span class='ocrx_word' id='word_1_332' title='bbox 916 2104 996 2132; x_wconf 85' lang='lat' dir='ltr'>arte</span> <span class='ocrx_word' id='word_1_333' title='bbox 1015 2096 1127 2146; x_wconf 88' lang='lat' dir='ltr'>plane</span> <span class='ocrx_word' id='word_1_334' title='bbox 1149 2105 1350 2134; x_wconf 88' lang='lat' dir='ltr'>contentus</span> <span class='ocrx_word' id='word_1_335' title='bbox 1379 2096 1447 2134; x_wconf 76' lang='lat' dir='ltr'>ess&#39;e</span> <span class='ocrx_word' id='word_1_336' title='bbox 1481 2094 1594 2146; x_wconf 85' lang='lat' dir='ltr'>possit</span> <span class='ocrx_word' id='word_1_337' title='bbox 1610 2116 1623 2141; x_wconf 88' lang='lat'>,-</span> <span class='ocrx_word' id='word_1_338' title='bbox 1655 2110 1697 2136; x_wconf 87' lang='lat' dir='ltr'>ut</span> 
     </span>
     <span class='ocr_line' id='line_1_36' title="bbox 87 2148 1696 2201; baseline 0.004 -16"><span class='ocrx_word' id='word_1_339' title='bbox 87 2149 145 2186; x_wconf 88' lang='lat' dir='ltr'>illi</span> <span class='ocrx_word' id='word_1_340' title='bbox 175 2149 333 2186; x_wconf 90' lang='lat' dir='ltr'>demum</span> <span class='ocrx_word' id='word_1_341' title='bbox 353 2161 462 2198; x_wconf 79' lang='lat' dir='ltr'>grave</span> <span class='ocrx_word' id='word_1_342' title='bbox 483 2162 563 2187; x_wconf 92' lang='lat' dir='ltr'>non</span> <span class='ocrx_word' id='word_1_343' title='bbox 585 2148 638 2196; x_wconf 79' lang='lat' dir='ltr'>fit,</span> <span class='ocrx_word' id='word_1_344' title='bbox 668 2149 707 2187; x_wconf 88' lang='lat' dir='ltr'>in</span> <span class='ocrx_word' id='word_1_345' title='bbox 736 2150 874 2187; x_wconf 89' lang='lat' dir='ltr'>eodem</span> <span class='ocrx_word' id='word_1_346' title='bbox 894 2161 1054 2188; x_wconf 90' lang='lat' dir='ltr'>munere</span> <span class='ocrx_word' id='word_1_347' title='bbox 1077 2152 1247 2198; x_wconf 90' lang='lat' dir='ltr'>immori,</span> <span class='ocrx_word' id='word_1_348' title='bbox 1277 2163 1398 2200; x_wconf 88' lang='lat' dir='ltr'>neque</span> <span class='ocrx_word' id='word_1_349' title='bbox 1418 2153 1614 2201; x_wconf 70' lang='lat' dir='ltr'>prafficam</span> <span class='ocrx_word' id='word_1_350' title='bbox 1635 2166 1696 2191; x_wconf 91' lang='lat' dir='ltr'>co-</span> 
     </span>
     <span class='ocr_line' id='line_1_37' title="bbox 90 2204 1697 2255; baseline 0.004 -15"><span class='ocrx_word' id='word_1_351' title='bbox 90 2205 196 2253; x_wconf 85' lang='lat' dir='ltr'>gitet.</span> <span class='ocrx_word' id='word_1_352' title='bbox 252 2205 443 2255; x_wconf 73' lang='lat' dir='ltr'>Quocirca</span> <span class='ocrx_word' id='word_1_353' title='bbox 469 2204 643 2241; x_wconf 88' lang='lat' dir='ltr'>scientiae</span> <span class='ocrx_word' id='word_1_354' title='bbox 667 2214 708 2241; x_wconf 92' lang='lat' dir='ltr'>ut</span> <span class='ocrx_word' id='word_1_355' title='bbox 742 2205 913 2251; x_wconf 90' lang='lat' dir='ltr'>floreant,</span> <span class='ocrx_word' id='word_1_356' title='bbox 943 2207 1116 2243; x_wconf 86' lang='lat' dir='ltr'>militaris</span> <span class='ocrx_word' id='word_1_357' title='bbox 1142 2208 1200 2243; x_wconf 85' lang='lat' dir='ltr'>lex</span> <span class='ocrx_word' id='word_1_358' title='bbox 1234 2206 1411 2243; x_wconf 87' lang='lat' dir='ltr'>servanda</span> <span class='ocrx_word' id='word_1_359' title='bbox 1439 2208 1616 2248; x_wconf 85' lang='lat' dir='ltr'>Davidis;</span> <span class='ocrx_word' id='word_1_360' title='bbox 1652 2216 1697 2246; x_wconf 77' lang='lat' dir='ltr'>ut</span> 
     </span>
     <span class='ocr_line' id='line_1_38' title="bbox 90 2256 1695 2312; baseline 0.004 -17"><span class='ocrx_word' id='word_1_361' title='bbox 90 2269 214 2311; x_wconf 83' lang='lat' dir='ltr'>aequa</span> <span class='ocrx_word' id='word_1_362' title='bbox 236 2257 328 2309; x_wconf 65' lang='lat' dir='ltr'>eſjet</span> <span class='ocrx_word' id='word_1_363' title='bbox 345 2267 445 2310; x_wconf 80' lang='lat' dir='ltr'>pars</span> <span class='ocrx_word' id='word_1_364' title='bbox 464 2256 731 2311; x_wconf 81' lang='lat' dir='ltr'>descendentis</span> <span class='ocrx_word' id='word_1_365' title='bbox 750 2256 806 2296; x_wconf 86' lang='lat' dir='ltr'>ad</span> <span class='ocrx_word' id='word_1_366' title='bbox 811 2258 1014 2309; x_wconf 74' lang='lat' dir='ltr'>proelium,</span> <span class='ocrx_word' id='word_1_367' title='bbox 1046 2257 1094 2302; x_wconf 52' lang='grc' dir='ltr'>ἄρ’</span> <span class='ocrx_word' id='word_1_368' title='bbox 1113 2260 1308 2298; x_wconf 78' lang='lat' dir='ltr'>manentis</span> <span class='ocrx_word' id='word_1_369' title='bbox 1322 2258 1378 2298; x_wconf 87' lang='lat' dir='ltr'>ad</span> <span class='ocrx_word' id='word_1_370' title='bbox 1376 2259 1561 2312; x_wconf 77' lang='lat' dir='ltr'>stcrcinas</span> <span class='ocrx_word' id='word_1_371' title='bbox 1576 2276 1587 2298; x_wconf 91' lang='grc'>.·</span> <span class='ocrx_word' id='word_1_372' title='bbox 1616 2265 1695 2302; x_wconf 88' lang='lat' dir='ltr'>Sar-</span> 
     </span>
     <span class='ocr_line' id='line_1_39' title="bbox 88 2313 1695 2366; baseline 0.003 -15"><span class='ocrx_word' id='word_1_373' title='bbox 88 2314 183 2352; x_wconf 89' lang='lat' dir='ltr'>cinis</span> <span class='ocrx_word' id='word_1_374' title='bbox 207 2315 304 2350; x_wconf 88' lang='lat' dir='ltr'>male</span> <span class='ocrx_word' id='word_1_375' title='bbox 331 2315 439 2351; x_wconf 88' lang='lat' dir='ltr'>aliter</span> <span class='ocrx_word' id='word_1_376' title='bbox 466 2314 704 2366; x_wconf 70' lang='lat' dir='ltr'>prospe6²mm</span> <span class='ocrx_word' id='word_1_377' title='bbox 729 2313 810 2351; x_wconf 91' lang='lat' dir='ltr'>erit.</span> <span class='ocrx_word' id='word_1_378' title='bbox 872 2315 932 2351; x_wconf 91' lang='lat' dir='ltr'>Sic</span> <span class='ocrx_word' id='word_1_379' title='bbox 955 2315 1113 2352; x_wconf 70' lang='lat' dir='ltr'>lestores</span> <span class='ocrx_word' id='word_1_380' title='bbox 1139 2317 1179 2352; x_wconf 90' lang='lat' dir='ltr'>in</span> <span class='ocrx_word' id='word_1_381' title='bbox 1208 2314 1369 2352; x_wconf 85' lang='lat' dir='ltr'>scientiis</span> <span class='ocrx_word' id='word_1_382' title='bbox 1398 2315 1484 2353; x_wconf 89' lang='lat' dir='ltr'>sunt</span> <span class='ocrx_word' id='word_1_383' title='bbox 1513 2327 1695 2366; x_wconf 84' lang='lat' dir='ltr'>tanquam</span> 
     </span>
     <span class='ocr_line' id='line_1_40' title="bbox 88 2367 1693 2422; baseline 0.004 -17"><span class='ocrx_word' id='word_1_384' title='bbox 88 2368 367 2406; x_wconf 78' lang='lat' dir='ltr'>conlervatores</span> <span class='ocrx_word' id='word_1_385' title='bbox 391 2371 428 2406; x_wconf 76' lang='grc' dir='ltr'>ὅ(</span> <span class='ocrx_word' id='word_1_386' title='bbox 451 2368 619 2407; x_wconf 88' lang='lat' dir='ltr'>custodes</span> <span class='ocrx_word' id='word_1_387' title='bbox 646 2367 762 2407; x_wconf 88' lang='lat' dir='ltr'>totius</span> <span class='ocrx_word' id='word_1_388' title='bbox 786 2370 941 2407; x_wconf 87' lang='lat' dir='ltr'>literarii</span> <span class='ocrx_word' id='word_1_389' title='bbox 970 2380 1172 2420; x_wconf 87' lang='lat' dir='ltr'>apparatus,</span> <span class='ocrx_word' id='word_1_390' title='bbox 1211 2370 1312 2407; x_wconf 89' lang='lat' dir='ltr'>unde</span> <span class='ocrx_word' id='word_1_391' title='bbox 1344 2369 1461 2422; x_wconf 86' lang='lat' dir='ltr'>praxis</span> <span class='ocrx_word' id='word_1_392' title='bbox 1490 2373 1527 2409; x_wconf 72' lang='grc' dir='ltr'>ὅ(</span> <span class='ocrx_word' id='word_1_393' title='bbox 1559 2372 1693 2411; x_wconf 83' lang='lat' dir='ltr'>militia</span> 
     </span>
     <span class='ocr_line' id='line_1_41' title="bbox 89 2422 1695 2491; baseline 0.004 -31"><span class='ocrx_word' id='word_1_394' title='bbox 89 2424 264 2475; x_wconf 83' lang='lat' dir='ltr'>deinceps</span> <span class='ocrx_word' id='word_1_395' title='bbox 289 2423 530 2462; x_wconf 88' lang='lat' dir='ltr'>scientiarum</span> <span class='ocrx_word' id='word_1_396' title='bbox 559 2422 788 2461; x_wconf 86' lang='lat' dir='ltr'>instruatur:</span> <span class='ocrx_word' id='word_1_397' title='bbox 817 2424 978 2475; x_wconf 92' lang='lat' dir='ltr'>proinde</span> <span class='ocrx_word' id='word_1_398' title='bbox 1007 2437 1170 2474; x_wconf 90' lang='lat' dir='ltr'>aequum</span> <span class='ocrx_word' id='word_1_399' title='bbox 1199 2425 1259 2472; x_wconf 90' lang='lat' dir='ltr'>est,</span> <span class='ocrx_word' id='word_1_400' title='bbox 1289 2435 1330 2462; x_wconf 91' lang='lat' dir='ltr'>ut</span> <span class='ocrx_word' id='word_1_401' title='bbox 1359 2437 1503 2464; x_wconf 89' lang='lat' dir='ltr'>merces</span> <span class='ocrx_word' id='word_1_402' title='bbox 1525 2426 1695 2491; x_wconf 82' lang='lat' dir='ltr'>ipsorum</span> 
     </span>
     <span class='ocr_line' id='line_1_42' title="bbox 90 2476 1695 2546; baseline 0.002 -30"><span class='ocrx_word' id='word_1_403' title='bbox 90 2481 189 2517; x_wconf 83' lang='lat' dir='ltr'>lucra</span> <span class='ocrx_word' id='word_1_404' title='bbox 213 2478 462 2528; x_wconf 64' lang='lat' dir='ltr'>praetieorum</span> <span class='ocrx_word' id='word_1_405' title='bbox 486 2491 688 2528; x_wconf 86' lang='lat' dir='ltr'>exaequare</span> <span class='ocrx_word' id='word_1_406' title='bbox 714 2476 839 2529; x_wconf 86' lang='lat' dir='ltr'>poffit.</span> <span class='ocrx_word' id='word_1_407' title='bbox 895 2479 1023 2518; x_wconf 90' lang='lat' dir='ltr'>Aliter</span> <span class='ocrx_word' id='word_1_408' title='bbox 1043 2478 1069 2517; x_wconf 83' lang='lat' dir='ltr'><strong>fi</strong></span> <span class='ocrx_word' id='word_1_409' title='bbox 1091 2479 1255 2546; x_wconf 83' lang='lat' dir='ltr'>patribus</span> <span class='ocrx_word' id='word_1_410' title='bbox 1274 2478 1513 2519; x_wconf 85' lang='lat' dir='ltr'>scientiarum</span> <span class='ocrx_word' id='word_1_411' title='bbox 1530 2485 1695 2535; x_wconf 86' lang='lat' dir='ltr'>praemia</span> 
     </span>
     <span class='ocr_line' id='line_1_43' title="bbox 89 2534 1288 2586; baseline 0.001 -15"><span class='ocrx_word' id='word_1_412' title='bbox 89 2545 170 2572; x_wconf 89' lang='lat' dir='ltr'>non</span> <span class='ocrx_word' id='word_1_413' title='bbox 184 2534 457 2572; x_wconf 82' lang='lat' dir='ltr'>constituantur</span> <span class='ocrx_word' id='word_1_414' title='bbox 472 2534 554 2572; x_wconf 82' lang='lat' dir='ltr'>satis</span> <span class='ocrx_word' id='word_1_415' title='bbox 568 2535 693 2586; x_wconf 87' lang='lat' dir='ltr'>ampla</span> <span class='ocrx_word' id='word_1_416' title='bbox 712 2537 750 2572; x_wconf 88' lang='lat'>&amp;</span> <span class='ocrx_word' id='word_1_417' title='bbox 769 2536 972 2582; x_wconf 91' lang='lat' dir='ltr'>luculenta,</span> <span class='ocrx_word' id='word_1_418' title='bbox 1002 2537 1149 2573; x_wconf 88' lang='lat' dir='ltr'>eveniet</span> <span class='ocrx_word' id='word_1_419' title='bbox 1169 2535 1286 2572; x_wconf 90' lang='lat' dir='ltr'>illud·</span> <span class='ocrx_word' id='word_1_420' title='bbox 1277 2559 1288 2576; x_wconf 89' lang='lat'>‚</span> 
     </span>
    </p>
   </div>
   <div class='ocr_carea' id='block_1_3' title="bbox 365 2605 1283 2663">
    <p class='ocr_par' dir='ltr' id='par_1_4' title="bbox 365 2605 1283 2663">
     <span class='ocr_line' id='line_1_44' title="bbox 365 2605 1283 2663; baseline 0.002 -18"><span class='ocrx_word' id='word_1_421' title='bbox 365 2605 425 2645; x_wconf 87' lang='lat' dir='ltr'>Et</span> <span class='ocrx_word' id='word_1_422' title='bbox 440 2614 600 2660; x_wconf 80' lang='lat' dir='ltr'>patrum</span> <span class='ocrx_word' id='word_1_423' title='bbox 625 2605 799 2647; x_wconf 84' lang='lat' dir='ltr'>invalidi</span> <span class='ocrx_word' id='word_1_424' title='bbox 817 2606 989 2661; x_wconf 81' lang='lat' dir='ltr'>referent</span> <span class='ocrx_word' id='word_1_425' title='bbox 998 2607 1164 2663; x_wconf 70' lang='lat' dir='ltr'>jejunia</span> <span class='ocrx_word' id='word_1_426' title='bbox 1184 2609 1283 2648; x_wconf 86' lang='lat' dir='ltr'>nati.</span> 
     </span>
    </p>
   </div>
   <div class='ocr_carea' id='block_1_4' title="bbox 91 2701 1697 3085">
    <p class='ocr_par' dir='ltr' id='par_1_5' title="bbox 91 2701 1697 3085">
     <span class='ocr_line' id='line_1_45' title="bbox 143 2701 1697 2756; baseline 0.001 -17"><span class='ocrx_word' id='word_1_427' title='bbox 143 2702 420 2740; x_wconf 80' lang='lat' dir='ltr'>DEFECTUM</span> <span class='ocrx_word' id='word_1_428' title='bbox 436 2714 539 2740; x_wconf 89' lang='lat' dir='ltr'>nunc</span> <span class='ocrx_word' id='word_1_429' title='bbox 559 2703 705 2741; x_wconf 91' lang='lat' dir='ltr'>notabo</span> <span class='ocrx_word' id='word_1_430' title='bbox 721 2704 850 2752; x_wconf 83' lang='lat' dir='ltr'>allum,</span> <span class='ocrx_word' id='word_1_431' title='bbox 879 2703 920 2740; x_wconf 84' lang='lat' dir='ltr'>in</span> <span class='ocrx_word' id='word_1_432' title='bbox 935 2715 1015 2753; x_wconf 92' lang='lat' dir='ltr'>quo</span> <span class='ocrx_word' id='word_1_433' title='bbox 1029 2703 1242 2752; x_wconf 80' lang='lat' dir='ltr'>alchymista</span> <span class='ocrx_word' id='word_1_434' title='bbox 1256 2701 1435 2756; x_wconf 86' lang='lat' dir='ltr'>quispiam</span> <span class='ocrx_word' id='word_1_435' title='bbox 1457 2704 1497 2742; x_wconf 90' lang='lat' dir='ltr'>in</span> <span class='ocrx_word' id='word_1_436' title='bbox 1514 2705 1697 2742; x_wconf 84' lang='lat' dir='ltr'>auxilium</span> 
     </span>
     <span class='ocr_line' id='line_1_46' title="bbox 91 2756 1697 2808; baseline 0.001 -13"><span class='ocrx_word' id='word_1_437' title='bbox 91 2757 330 2796; x_wconf 85' lang='lat' dir='ltr'>advocandus</span> <span class='ocrx_word' id='word_1_438' title='bbox 350 2757 474 2799; x_wconf 80' lang='lat' dir='ltr'>foret3</span> <span class='ocrx_word' id='word_1_439' title='bbox 501 2769 589 2795; x_wconf 90' lang='lat' dir='ltr'>cum</span> <span class='ocrx_word' id='word_1_440' title='bbox 605 2758 644 2795; x_wconf 86' lang='lat' dir='ltr'>id</span> <span class='ocrx_word' id='word_1_441' title='bbox 666 2771 784 2808; x_wconf 86' lang='lat' dir='ltr'>genus</span> <span class='ocrx_word' id='word_1_442' title='bbox 805 2758 1010 2797; x_wconf 90' lang='lat' dir='ltr'>hominum</span> <span class='ocrx_word' id='word_1_443' title='bbox 1025 2756 1190 2796; x_wconf 74' lang='lat' dir='ltr'>studiosis</span> <span class='ocrx_word' id='word_1_444' title='bbox 1210 2758 1384 2797; x_wconf 87' lang='lat' dir='ltr'>authores</span> <span class='ocrx_word' id='word_1_445' title='bbox 1404 2757 1487 2807; x_wconf 84' lang='lat' dir='ltr'>sint,</span> <span class='ocrx_word' id='word_1_446' title='bbox 1516 2769 1558 2797; x_wconf 94' lang='lat' dir='ltr'>ut</span> <span class='ocrx_word' id='word_1_447' title='bbox 1578 2760 1697 2797; x_wconf 88' lang='lat' dir='ltr'>libros</span> 
     </span>
     <span class='ocr_line' id='line_1_47' title="bbox 92 2812 1691 2865; baseline 0.001 -15"><span class='ocrx_word' id='word_1_448' title='bbox 92 2813 267 2858; x_wconf 87' lang='lat' dir='ltr'>vendant,</span> <span class='ocrx_word' id='word_1_449' title='bbox 294 2812 465 2849; x_wconf 90' lang='lat' dir='ltr'>fornaces</span> <span class='ocrx_word' id='word_1_450' title='bbox 479 2822 663 2860; x_wconf 87' lang='lat' dir='ltr'>extruant,</span> <span class='ocrx_word' id='word_1_451' title='bbox 694 2814 910 2853; x_wconf 87' lang='lat' dir='ltr'>Minervam</span> <span class='ocrx_word' id='word_1_452' title='bbox 930 2826 971 2851; x_wconf 90' lang='lat' dir='ltr'>ac</span> <span class='ocrx_word' id='word_1_453' title='bbox 988 2813 1109 2851; x_wconf 89' lang='lat' dir='ltr'>musas</span> <span class='ocrx_word' id='word_1_454' title='bbox 1133 2813 1327 2863; x_wconf 81' lang='lat' dir='ltr'>(tanquam</span> <span class='ocrx_word' id='word_1_455' title='bbox 1355 2816 1517 2865; x_wconf 82' lang='lat' dir='ltr'>virgines</span> <span class='ocrx_word' id='word_1_456' title='bbox 1540 2813 1691 2862; x_wconf 88' lang='lat' dir='ltr'>steriles)</span> 
     </span>
     <span class='ocr_line' id='line_1_48' title="bbox 91 2867 1696 2922; baseline 0.001 -18"><span class='ocrx_word' id='word_1_457' title='bbox 91 2867 272 2914; x_wconf 85' lang='lat' dir='ltr'>deserant,</span> <span class='ocrx_word' id='word_1_458' title='bbox 301 2879 342 2905; x_wconf 89' lang='lat' dir='ltr'>ac</span> <span class='ocrx_word' id='word_1_459' title='bbox 355 2868 533 2906; x_wconf 89' lang='lat' dir='ltr'>Vulcano</span> <span class='ocrx_word' id='word_1_460' title='bbox 562 2867 599 2905; x_wconf 93' lang='lat' dir='ltr'>se</span> <span class='ocrx_word' id='word_1_461' title='bbox 618 2869 817 2921; x_wconf 90' lang='lat' dir='ltr'>applicent.</span> <span class='ocrx_word' id='word_1_462' title='bbox 877 2868 1083 2906; x_wconf 85' lang='lat' dir='ltr'>Fatendum</span> <span class='ocrx_word' id='word_1_463' title='bbox 1105 2869 1153 2906; x_wconf 89' lang='lat' dir='ltr'>est</span> <span class='ocrx_word' id='word_1_464' title='bbox 1170 2871 1379 2917; x_wconf 83' lang='lat' dir='ltr'>enimvero,</span> <span class='ocrx_word' id='word_1_465' title='bbox 1406 2880 1486 2907; x_wconf 89' lang='lat' dir='ltr'>tam</span> <span class='ocrx_word' id='word_1_466' title='bbox 1514 2869 1560 2908; x_wconf 93' lang='lat' dir='ltr'>ad</span> <span class='ocrx_word' id='word_1_467' title='bbox 1584 2882 1696 2922; x_wconf 88' lang='lat' dir='ltr'>pene-</span> 
     </span>
     <span class='ocr_line' id='line_1_49' title="bbox 91 2923 1693 2974; baseline 0.001 -15"><span class='ocrx_word' id='word_1_468' title='bbox 91 2924 199 2959; x_wconf 79' lang='lat' dir='ltr'>tralia</span> <span class='ocrx_word' id='word_1_469' title='bbox 219 2924 554 2973; x_wconf 86' lang='lat' dir='ltr'>contemplationis</span> <span class='ocrx_word' id='word_1_470' title='bbox 582 2936 696 2972; x_wconf 89' lang='lat' dir='ltr'>quam</span> <span class='ocrx_word' id='word_1_471' title='bbox 725 2924 770 2961; x_wconf 91' lang='lat' dir='ltr'>ad</span> <span class='ocrx_word' id='word_1_472' title='bbox 791 2925 1001 2974; x_wconf 82' lang='lat' dir='ltr'>operativae</span> <span class='ocrx_word' id='word_1_473' title='bbox 1028 2923 1206 2972; x_wconf 68' lang='lat' dir='ltr'>frustum,</span> <span class='ocrx_word' id='word_1_474' title='bbox 1234 2926 1274 2963; x_wconf 91' lang='lat' dir='ltr'>in</span> <span class='ocrx_word' id='word_1_475' title='bbox 1293 2926 1493 2963; x_wconf 90' lang='lat' dir='ltr'>nonnullis</span> <span class='ocrx_word' id='word_1_476' title='bbox 1517 2925 1693 2971; x_wconf 85' lang='lat' dir='ltr'>scientiis,</span> 
     </span>
     <span class='ocr_line' id='line_1_50' title="bbox 96 2977 1696 3029; baseline 0.001 -15"><span class='ocrx_word' id='word_1_477' title='bbox 96 2977 324 3028; x_wconf 84' lang='lat' dir='ltr'>(praesertim</span> <span class='ocrx_word' id='word_1_478' title='bbox 353 2979 511 3016; x_wconf 87' lang='lat' dir='ltr'>naturali</span> <span class='ocrx_word' id='word_1_479' title='bbox 535 2978 772 3029; x_wconf 82' lang='lat' dir='ltr'>philosophia</span> <span class='ocrx_word' id='word_1_480' title='bbox 803 2981 839 3017; x_wconf 89' lang='lat'>&amp;</span> <span class='ocrx_word' id='word_1_481' title='bbox 868 2979 1069 3027; x_wconf 88' lang='lat' dir='ltr'>medicina)</span> <span class='ocrx_word' id='word_1_482' title='bbox 1100 2979 1199 3017; x_wconf 88' lang='lat' dir='ltr'>haud</span> <span class='ocrx_word' id='word_1_483' title='bbox 1228 2980 1338 3018; x_wconf 88' lang='lat' dir='ltr'>unica</span> <span class='ocrx_word' id='word_1_484' title='bbox 1367 2978 1522 3018; x_wconf 81' lang='lat' dir='ltr'>subsidia</span> <span class='ocrx_word' id='word_1_485' title='bbox 1550 2992 1571 3017; x_wconf 93' lang='lat' dir='ltr'>e</span> <span class='ocrx_word' id='word_1_486' title='bbox 1592 2978 1696 3016; x_wconf 82' lang='lat' dir='ltr'>libris</span> 
     </span>
     <span class='ocr_line' id='line_1_51' title="bbox 93 3032 1695 3085; baseline -0.001 -15"><span class='ocrx_word' id='word_1_487' title='bbox 93 3032 252 3081; x_wconf 83' lang='lat' dir='ltr'>petenda</span> <span class='ocrx_word' id='word_1_488' title='bbox 273 3032 351 3070; x_wconf 69' lang='lat' dir='ltr'>ess&#39;e.</span> <span class='ocrx_word' id='word_1_489' title='bbox 408 3035 493 3085; x_wconf 77' lang='lat' dir='ltr'>Qua</span> <span class='ocrx_word' id='word_1_490' title='bbox 510 3035 547 3072; x_wconf 85' lang='lat' dir='ltr'>in</span> <span class='ocrx_word' id='word_1_491' title='bbox 567 3046 603 3071; x_wconf 86' lang='lat' dir='ltr'>re</span> <span class='ocrx_word' id='word_1_492' title='bbox 620 3035 841 3085; x_wconf 86' lang='lat' dir='ltr'>neutiquam</span> <span class='ocrx_word' id='word_1_493' title='bbox 858 3035 1023 3074; x_wconf 85' lang='lat' dir='ltr'>omnino</span> <span class='ocrx_word' id='word_1_494' title='bbox 1038 3033 1179 3074; x_wconf 80' lang='lat' dir='ltr'>ceffavit</span> <span class='ocrx_word' id='word_1_495' title='bbox 1194 3035 1454 3076; x_wconf 79' lang='lat' dir='ltr'>munificentia</span> <span class='ocrx_word' id='word_1_496' title='bbox 1469 3035 1695 3074; x_wconf 73' lang='lat' dir='ltr'>hominium</span> 
     </span>
    </p>
   </div>
   <div class='ocr_carea' id='block_1_5' title="bbox 1558 3089 1698 3141">
    <p class='ocr_par' dir='ltr' id='par_1_6' title="bbox 1558 3089 1698 3141">
     <span class='ocr_line' id='line_1_52' title="bbox 1558 3089 1698 3141; baseline 0.007 -15"><span class='ocrx_word' id='word_1_497' title='bbox 1558 3089 1698 3141; x_wconf 86' lang='lat' dir='ltr'>quippe</span> 
     </span>
    </p>
   </div>
   <div class='ocr_carea' id='block_1_6' title="bbox 1775 179 1840 231">
    <p class='ocr_par' dir='ltr' id='par_1_7' title="bbox 1775 179 1840 231">
     <span class='ocr_line' id='line_1_53' title="bbox 1775 179 1840 231; baseline 0.077 -5"><span class='ocrx_word' id='word_1_498' title='bbox 1775 179 1840 231; x_wconf 63' lang='lat' dir='ltr'>bt</span> 
     </span>
    </p>
   </div>
  </div>
 </body>
</html>
