2040 3439
93 149 116 190 tx*

127 152 156 204 &Q

161 157 191 189 to

721 129 1386 180 PRAEFATIO.

250 234 388 276 nmis?
421 231 485 270 Sin
514 242 640 270 autem
666 231 853 267 deleCmm
873 227 1061 280 quendam
1083 228 1256 264 adhibere
1279 228 1433 274 vellent,
1464 238 1574 277 atque
1596 228 1866 273 imbecillio‘res

253 275 430 339 separare,
459 291 495 325 ὃς
528 278 683 324 robustis
716 295 866 322 tantum
896 282 932 320 ἃ*
962 283 1174 332 vigentibus
1205 285 1272 326 uti,
1302 293 1411 333 atque
1437 282 1525 320 hine
1560 283 1689 322 saltem
1715 285 1750 324 sc
1783 291 1862 328 voti

253 346 452 392 competes
469 343 548 379 fore
570 341 770 392 sperauerit,
801 348 931 375 annon
953 338 1153 375 adhuoeos
1168 336 1367 387 impensius
1388 339 1545 374 delirare
1567 339 1727 378 diceret?
1757 343 1864 394 Q'In

255 399 382 444 etiam,
413 396 436 434 fi
459 397 532 433 hoc
552 394 632 447 ipso
647 407 727 431 non
743 395 929 440 contenti,
959 404 1080 430 artem
1100 393 1255 429 tandem
1276 392 1488 430 athleticam
1517 392 1713 432 consulere
1737 397 1867 436 statue-

255 462 352 497 rent,
382 465 422 489 ac
438 463 572 488 omnes
588 450 762 499 deinceps
775 449 960 494 manibus,
989 451 1025 484 ὃς
1050 447 1190 484 lacertis
1211 451 1246 484 ὅ(
1269 450 1390 486 nervis
1407 461 1449 484 ex
1469 459 1546 484 arte
1568 449 1663 487 bene
1686 452 1804 488 unciis
1826 455 1864 492 C<

254 507 447 544 medicatis
467 505 584 542 adess'c
604 505 788 550 juberent,
818 516 946 540 annon
964 503 1111 554 prorsus
1139 515 1202 539 eos
1228 503 1315 540 dare
1341 514 1506 554 operam,
1536 514 1576 540 ut
1601 518 1687 542 cum
1716 509 1869 547 ratione-

255 562 417 610 quadarn
435 563 470 597 &
486 560 683 609 prudentia
698 557 910 604 insanirent,
940 560 1138 596 clamaret?
1165 558 1296 606 Atque
1319 558 1495 595 homines
1519 568 1645 596 tamen
1664 558 1769 598 fimizi
1787 575 1865 600 ina·

257 615 387 653 lesano
403 617 547 667 impetu
564 617 599 652 ὅ(
616 613 893 665 conspiratione
910 612 1045 659 inutili,
1075 613 1249 650 feruntur
1270 615 1310 649 in
1334 612 1670 656 intellestualibuffi
1700 616 1791 653 dum
1817 619 1867 656 ab

255 669 498 720 ingeniorum
522 671 582 708 vel
608 668 850 707 multitudine
879 671 914 706 &
937 668 1133 715 consensu,
1163 669 1221 705 vel
1243 669 1461 705 excellentia
1483 669 1519 704 &
1547 671 1733 717 acumine,
1763 683 1866 722 mag*-

259 737 307 762 na
321 725 468 775 sperant
483 739 493 767 ς
522 734 584 762 aut
601 727 714 762 etiam
730 723 916 761 dialeeliea
933 724 1040 772 (quae
1055 724 1237 772 quaedam
1255 723 1427 760 athletica
1443 723 1585 760 censeri
1597 722 1727 774 possir)
1758 739 1867 765 men-

255 782 304 818 tis
324 793 459 818 nervos
479 781 660 818 roborant
678 794 685 816 :
718 780 790 817 Sed
806 779 973 825 iuterim,
1002 781 1088 816 licet
1109 789 1218 815 tanto
1238 777 1359 815 studio
1375 781 1411 816 ἃ
1425 789 1579 822 conatu,
1612 778 1651 825 (si
1674 780 1754 828 quis
1779 794 1865 820 vete

256 834 488 886 judicaverit)
519 835 754 873 intellcetum
775 835 922 872 nudum
952 835 1135 886 applicare
1163 846 1243 871 non
1272 832 1457 871 desinunt.
1517 832 1864 876 Manisessissimum

257 901 386 928 autem
414 892 474 938 est,
504 889 543 928 in
567 889 676 927 omni
699 902 814 942 opere
838 901 992 939 magno,
1021 889 1125 938 quod
1161 902 1294 926 manus
1320 889 1488 927 hominis
1519 890 1682 940 praestat,
1712 889 1791 929 fine
1811 894 1870 930 iu·-

255 946 470 984 strumentis
495 949 533 984 &
561 945 757 992 machinis,
785 947 880 984 vires
903 957 974 983 nee
1001 942 1237 994 singulorum
1266 945 1426 993 intendi,
1455 958 1527 983 nee
1554 947 1732 984 omnium
1761 949 1867 986 coire

256 1002 369 1051 poste.
956 1024 958 1032 ι

309 1058 502 1109 ITAQUE
523 1069 565 1094 ex
592 1057 647 1093 his
670 1065 764 1105 quae
784 1057 949 1094 diximus
965 1050 1183 1107 praemiiis,
1211 1054 1399 1093 statuimus
1427 1056 1516 1093 duas
1545 1055 1614 1093 esse
1635 1068 1690 1094 res
1710 1057 1756 1096 de
1785 1057 1867 1107 qui-

256 1112 324 1149 bus
344 1112 515 1149 homiues
536 1113 645 1161 plane
662 1113 832 1148 moni-tos
847 1113 1036 1157 volumus,
1066 1123 1114 1148 ne
1136 1110 1237 1148 forte
1266 1112 1350 1148 illac
1379 1123 1443 1148 eos
1472 1111 1619 1161 fugiant
1638 1122 1702 1149 aut
1725 1124 1867 1162 practe-

255 1177 373 1203 reant.
430 1170 601 1219 Quarum
631 1168 754 1216 prima
784 1166 1002 1211 hujuli-nodi‘
1020 1164 1088 1206 est3
1117 1166 1197 1204 fieri
1221 1167 1301 1203 fato
1325 1167 1492 1215 quodam
1523 1167 1579 1213 (ut
1597 1167 1864 1217 existimamus)

255 1221 374 1266 bono,
405 1222 448 1259 ad
466 1222 734 1271 extinguendas
750 1223 785 1258 &
801 1221 1036 1273 depellendas
1056 1222 1373 1258 contradiiiiones
1389 1224 1425 1259 δ(
1439 1232 1608 1260 tumores
1633 1225 1868 1272 animorum,

255 1286 298 1314 ut
321 1279 358 1314 ὅ(
381 1278 566 1315 veteribus
580 1277 708 1314 honor
724 1279 761 1314 δε
777 1278 982 1314 reverentia
998 1277 1133 1314 intaeta
1149 1278 1185 1314 ὃς
1202 1277 1406 1314 imminuta
1422 1286 1616 1325 maneant,
1646 1279 1683 1314 &
1710 1289 1779 1316 nos
1802 1279 1865 1317 de-
1897 1325 1902 1330 ι

251 1331 381 1369 stinata
404 1332 591 1383 perficere,
621 1334 658 1370 &
687 1342 815 1369 tamen
845 1332 1044 1369 modestiae
1077 1331 1220 1369 nostrae
1253 1332 1418 1369 fructum
1447 1334 1636 1384 percipere
1668 1329 1902 1385 poffimuslj

254 1387 357 1424 Nam
375 1399 457 1435 nos,
487 1386 779 1437 fiprofiteamur‚
808 1399 879 1426 nos
907 1385 1064 1424 meliora
1091 1386 1221 1424 afferre
1245 1399 1358 1436 quarn
1384 1387 1543 1436 antiqui,
1573 1388 1732 1425 candem
1747 1401 1864 1438 quam

255 1440 311 1478 illi
340 1441 437 1479 viam
463 1439 641 1492 ingr-essi3
679 1443 783 1480 nulla
811 1443 1014 1480 verborum
1043 1451 1119 1479 arte
1145 1438 1293 1479 efficere
1318 1438 1514 1495 possImus,
1544 1441 1634 1494 quin
1663 1443 1866 1482 inducatur·

255 1497 440 1545 quaedam
459 1498 602 1547 ingenii
623 1498 682 1535 vel
702 1497 940 1535 excellentiae
968 1498 1027 1536 vel
1055 1497 1242 1534 facultatis
1275 1499 1511 1549 comparatio
1533 1496 1603 1535 sive
1631 1501 1875 1552 eontentios

256 1562 338 1589 non
354 1565 395 1589 ca
410 1553 564 1603 quidem
580 1552 703 1590 illicita
723 1562 785 1590 aut
805 1565 924 1594 nova3
957 1552 1099 1608 (quidni
1118 1552 1219 1590 enim
1237 1549 1421 1603 possimus
1443 1565 1513 1602 pro
1536 1554 1612 1595 iure
1630 1554 1772 1602 nostro,
1800 1567 1864 1594 nc-

254 1619 329 1654 que
357 1619 406 1644 eo
428 1608 508 1658 ipso
528 1609 616 1655 alio,
647 1620 761 1656 quam
776 1610 967 1655 omnium,
995 1606 1021 1644 fi
1041 1606 1128 1656 quid
1145 1609 1241 1657 apud
1264 1621 1329 1646 eos
1352 1620 1433 1644 non
1455 1609 1551 1646 recle
1572 1610 1771 1646 inventum
1800 1620 1874 1649 autv

252 1660 417 1711 positum
445 1661 501 1709 stt,
531 1663 800 1715 reprehendere
826 1673 888 1700 aut
911 1675 1044 1702 notare
1060 1661 1089 1707 ?)
1121 1663 1181 1700 sed
1210 1673 1338 1701 tamen
1363 1673 1554 1712 uteunque
1579 1662 1669 1709 justa
1695 1674 1757 1702 aut
1783 1677 1865 1717 pet-

253 1717 369 1754 mifl'a.
426 1717 692 1756 Nihilominus
721 1719 840 1770 impar
860 1718 1008 1757 fortasse
1027 1718 1149 1756 fuifl'et
1172 1730 1213 1754 ea
1237 1718 1309 1768 ipsa
1324 1721 1537 1766 contentio,
1568 1719 1620 1755 ob
1639 1720 1776 1757 virium
1794 1728 1876 1758 no—'

253 1772 409 1809 stratum
439 1773 611 1811 modum.
668 1775 813 1811 Verum
842 1783 959 1821 quum
978 1786 1045 1824 per
1074 1786 1145 1810 nos
1164 1774 1258 1810 illud
1281 1784 1424 1823 agatur,
1453 1784 1494 1811 ut
1519 1773 1588 1810 alia
1613 1773 1783 1812 omnino
1806 1773 1866 1814 'via

252 1828 465 1865 intellectui
499 1830 699 1878 aperiatur,
726 1829 800 1864 illis
823 1829 1007 1866 intentata
1027 1831 1064 1865 ὃ(
1083 1827 1288 1877 incognita,
1319 1838 1555 1866 commutata
1583 1829 1656 1874 iam
1678 1831 1776 1867 rati-o
1794 1829 1879 1873 cst;''

252 1881 389 1920 cessant
417 1882 578 1920 studium
611 1887 648 1922 c&
683 1892 825 1936 parte53
855 1884 1000 1934 nosque
1030 1884 1166 1920 indicis
1196 1884 1470 1922 tantummodo
1491 1884 1692 1933 personam
1716 1885 1878 1923 sustine-'

252 1949 338 1974 mus
354 1951 369 1978 3·
392 1939 496 1986 quod
523 1940 728 1977 mediocris
757 1949 858 1976 certe
885 1940 934 1978 est
957 1937 1209 1985 authoritatis,
1240 1941 1276 1976 ὃ(
1305 1939 1459 1977 fortuna
1497 1940 1687 1985 cujusdam
1722 1942 1865 1990 potius,

251 2004 381 2040 quam*
395 1993 579 2031 facultatis
600 1997 637 2032 ὅ(
655 1992 906 2032 excellentiae.
964 1994 1093 2047 Atque
1118 1994 1208 2031 haec
1223 1993 1364 2031 moniti
1379 1993 1513 2047 speeies
1528 1995 1572 2032 ad
1588 1994 1764 2045 personas
1782 2008 1865 2047 pet-

251 2049 360 2094 tinet,
389 2049 502 2086 altera
517 2050 562 2087 ad
578 2063 633 2087 res
648 2050 750 2102 ipsas,

304 2105 405 2141 Nos
428 2102 609 2153 siquidem
639 2106 686 2143 de
720 2106 951 2144 deturbanda
983 2118 1037 2152 ea,
1067 2117 1162 2154 quae
1202 2117 1305 2142 nunc
1334 2105 1443 2142 floret
1471 2105 1723 2157 philosophia,
1753 2116 1815 2145 aut
1835 2105 1862 2146 fi

252 2170 345 2206 quae
362 2160 431 2196 alia
446 2157 500 2207 fit,
529 2171 592 2198 aut
615 2163 686 2198 erit
710 2161 778 2199 hac
802 2162 1040 2200 emendatior
1063 2171 1125 2198 aut
1141 2161 1297 2206 auffior,
1328 2161 1488 2198 minime
1503 2161 1726 2199 laboramus
1784 2163 1864 2200 Ne-

252 2225 326 2263 que
350 2216 453 2250 enim
480 2212 681 2264 officimus,
709 2219 801 2267 quin
824 2216 1060 2269 philosophia
1082 2215 1143 2253 ista
1166 2226 1314 2268 recepta
1337 2218 1374 2254 &
1401 2217 1494 2253 aliae
1519 2217 1555 2253 id
1585 2229 1715 2266 genus,
1743 2217 1865 2267 dispu-

252 2270 415 2306 tationes
435 2271 549 2318 alant,
579 2271 769 2309 sermones
785 2282 938 2319 ornent,
967 2272 1011 2309 ad
1036 2271 1255 2321 professoria
1279 2283 1435 2309 munera
1451 2273 1487 2307 ὅ(
1502 2273 1598 2309 vitae
1615 2274 1736 2310 civilis
1758 2284 1862 2312 com-

251 2325 386 2370 pendia
408 2325 655 2364 adhibeantur
679 2329 715 2365 ὃ(
735 2329 892 2365 valeant.
948 2326 1053 2379 Quin
1077 2328 1192 2364 etiam
1216 2337 1342 2377 aperte
1370 2324 1617 2376 significamus
1641 2330 1678 2364 δε
1701 2327 1861 2365 deelara-

253 2390 349 2425 mus,
379 2392 460 2416 eam
484 2393 597 2432 quam
623 2394 694 2419 nos
723 2382 941 2421 adducimus
967 2381 1257 2432 philosophiam,
1286 2383 1331 2419 ad
1360 2381 1439 2419 istas
1468 2394 1525 2419 res
1552 2382 1760 2420 admodum
1785 2385 1862 2421 uti-

254 2433 426 2471 lemnon
448 2436 622 2474 futuram.
680 2440 775 2476 Non
792 2438 933 2488 praesto
957 2437 1030 2478 ests
1059 2450 1182 2486 neque
1206 2439 1247 2474 in
1276 2435 1433 2475 transitu
1462 2440 1633 2489 capitum
1664 2450 1787 2486 neque
1815 2451 1862 2476 ex

254 2492 566 2534 praenotionibus
595 2494 801 2530 intellefflui
827 2491 1036 2534 blanditum
1065 2505 1189 2542 neque
1214 2493 1259 2529 ad
1282 2494 1385 2542 vulgi
1412 2503 1578 2542 captum,
1607 2490 1674 2529 nisi
1698 2504 1764 2542 pet
1793 2496 1863 2535 uti-

254 2543 399 2579 litatem
420 2547 455 2581 &
472 2546 601 2584 effecta
615 2548 826 2585 descendet.

309 2598 436 2635 SINT
466 2599 588 2649 itaque
619 2603 735 2655 (quod
770 2604 857 2641 felix
884 2603 1116 2651 faustumque
1152 2600 1195 2640 sit
1236 2603 1385 2650 utrique
1415 2601 1521 2652 parti)
1553 2602 1647 2640 duae
1671 2604 1861 2643 doctrina-

255 2663 339 2689 rum
365 2658 632 2704 emanationes,
664 2671 704 2695 ae
728 2659 820 2696 duae
849 2657 1169 2709 dispenlationes3
1199 2657 1294 2694 duae
1318 2656 1486 2695 similiter
1516 2660 1879 2710 contemplantium'

251 2704 324 2743 five
350 2707 693 2759 philolophantium
723 2715 839 2751 tribus
869 2726 910 2750 ae
939 2714 1055 2750 veluti
1085 2714 1362 2762 cognationem
1391 2724 1500 2764 atque
1530 2715 1614 2750 illae
1639 2716 1881 2762 neutiquam·

253 2762 351 2798 inter
367 2762 402 2799 se
418 2765 593 2802 inimicae
610 2779 671 2805 aut
686 2770 840 2815 alienae,
872 2769 932 2806 sed
961 2768 1172 2806 foederatae
1195 2771 1232 2805 ὃ(
1255 2766 1397 2804 mutuis
1411 2769 1556 2806 auxiliis
1571 2769 1762 2806 devinctae
1781 2783 1788 2805 :
1819 2767 1879 2806 fit*

253 2815 415 2864 denique
439 2819 508 2855 alia
538 2819 704 2859 scientias
726 2825 877 2861 colendi
899 2826 970 2862 alia
1004 2823 1222 2862 inveniendi
1249 2822 1353 2859 ratio.
1411 2823 1542 2872 Atque
1568 2824 1705 2872 quibus
1738 2825 1860 2875 prima

252 2873 382 2922 potior
407 2875 442 2909 ἃ
467 2878 653 2924 acceptior
677 2877 726 2914 est
751 2879 801 2915 ob
830 2877 1119 2926 festinationem,
1149 2879 1207 2917 vel
1223 2877 1318 2915 vitae
1334 2877 1449 2915 civilis
1466 2880 1639 2924 rationes,
1669 2879 1727 2914 vel
1753 2880 1859 2927 quod

252 2927 356 2963 illam
383 2929 538 2965 alteram
563 2930 614 2966 ob
643 2932 777 2969 mentis
803 2934 1063 2971 infirmitatem
1088 2946 1217 2986 capere
1234 2936 1269 2970 ὅ(
1286 2935 1486 2982 complecti
1503 2945 1583 2969 non
1599 2929 1767 2984 pollint3
1799 2933 1858 2984 (id

252 2982 355 3031 quod
372 2983 488 3033 longe
504 2986 678 3035 plurimis
693 2987 859 3026 accidere
877 2990 1020 3028 necesse
1037 2989 1098 3038 est)
1130 2999 1317 3038 optamuS,
1347 2999 1387 3026 ut
1413 2990 1457 3029 iis
1480 2988 1636 3028 feliciter
1661 2991 1698 3025 δ(
1721 3001 1762 3028 ex
1793 3001 1860 3026 vo-

1814 3055 1860 3082 ΕΟ
