<?xml version="1.0" encoding="UTF-8"?>
<!DOCTYPE html PUBLIC "-//W3C//DTD XHTML 1.0 Transitional//EN"
    "http://www.w3.org/TR/xhtml1/DTD/xhtml1-transitional.dtd">
<html xmlns="http://www.w3.org/1999/xhtml" xml:lang="en" lang="en">
 <head>
  <title>
</title>
<meta http-equiv="Content-Type" content="text/html;charset=utf-8" />
  <meta name='ocr-system' content='tesseract 3.04.00' />
  <meta name='ocr-capabilities' content='ocr_page ocr_carea ocr_par ocr_line ocrx_word'/>
</head>
<body>
  <div class='ocr_page' id='page_1' title='image "./worksoffrancisb01baco_0147.png"; bbox 0 0 2040 3439; ppageno 0'>
   <div class='ocr_carea' id='block_1_1' title="bbox 83 233 1600 313">
    <p class='ocr_par' dir='ltr' id='par_1_1' title="bbox 83 233 1600 313">
     <span class='ocr_line' id='line_1_1' title="bbox 83 233 1600 313; baseline -0.005 -2"><span class='ocrx_word' id='word_1_1' title='bbox 83 266 230 313; x_wconf 56' lang='lat' dir='ltr'>Lini.</span> <span class='ocrx_word' id='word_1_2' title='bbox 301 233 398 311; x_wconf 30' lang='lat' dir='ltr'>D&#39;E</span> <span class='ocrx_word' id='word_1_3' title='bbox 449 243 950 310; x_wconf 79' lang='lat' dir='ltr'>AUGMENTls</span> <span class='ocrx_word' id='word_1_4' title='bbox 999 252 1600 306; x_wconf 73' lang='lat' dir='ltr'><strong>stENTIARUM.</strong></span> 
     </span>
    </p>
   </div>
   <div class='ocr_carea' id='block_1_2' title="bbox 65 356 1683 3095">
    <p class='ocr_par' dir='ltr' id='par_1_2' title="bbox 79 356 1683 520">
     <span class='ocr_line' id='line_1_2' title="bbox 83 356 1683 410; baseline -0.002 -12"><span class='ocrx_word' id='word_1_5' title='bbox 83 371 273 410; x_wconf 84' lang='lat' dir='ltr'>utcunque</span> <span class='ocrx_word' id='word_1_6' title='bbox 298 373 362 398; x_wconf 87' lang='lat' dir='ltr'>eae</span> <span class='ocrx_word' id='word_1_7' title='bbox 388 361 614 410; x_wconf 84' lang='lat' dir='ltr'>quandoque</span> <span class='ocrx_word' id='word_1_8' title='bbox 630 372 649 397; x_wconf 89' lang='lat' dir='ltr'>a</span> <span class='ocrx_word' id='word_1_9' title='bbox 665 359 818 397; x_wconf 84' lang='lat' dir='ltr'>fortuna</span> <span class='ocrx_word' id='word_1_10' title='bbox 832 360 1072 406; x_wconf 57' lang='lat' dir='ltr'>mulsicntur,</span> <span class='ocrx_word' id='word_1_11' title='bbox 1093 369 1155 396; x_wconf 87' lang='lat' dir='ltr'>aut</span> <span class='ocrx_word' id='word_1_12' title='bbox 1171 371 1212 396; x_wconf 83' lang='lat' dir='ltr'>ex</span> <span class='ocrx_word' id='word_1_13' title='bbox 1229 356 1421 395; x_wconf 80' lang='lat' dir='ltr'>malesanis</span> <span class='ocrx_word' id='word_1_14' title='bbox 1436 358 1683 409; x_wconf 88' lang='lat' dir='ltr'>politicorum</span> 
     </span>
     <span class='ocr_line' id='line_1_3' title="bbox 81 413 1680 468; baseline -0.001 -16"><span class='ocrx_word' id='word_1_15' title='bbox 81 415 268 468; x_wconf 76' lang='lat' dir='ltr'>principiis</span> <span class='ocrx_word' id='word_1_16' title='bbox 285 416 600 462; x_wconf 82' lang='lat' dir='ltr'>condemnentur,</span> <span class='ocrx_word' id='word_1_17' title='bbox 629 425 757 452; x_wconf 86' lang='lat' dir='ltr'>tamen</span> <span class='ocrx_word' id='word_1_18' title='bbox 781 416 902 466; x_wconf 87' lang='lat' dir='ltr'>palam</span> <span class='ocrx_word' id='word_1_19' title='bbox 920 414 1056 452; x_wconf 87' lang='lat' dir='ltr'>scilicet</span> <span class='ocrx_word' id='word_1_20' title='bbox 1073 414 1169 464; x_wconf 82' lang='lat' dir='ltr'>apud</span> <span class='ocrx_word' id='word_1_21' title='bbox 1193 425 1327 451; x_wconf 86' lang='lat' dir='ltr'>omnes</span> <span class='ocrx_word' id='word_1_22' title='bbox 1342 413 1491 450; x_wconf 84' lang='lat' dir='ltr'>laudem</span> <span class='ocrx_word' id='word_1_23' title='bbox 1507 413 1680 462; x_wconf 86' lang='lat' dir='ltr'>referent,</span> 
     </span>
     <span class='ocr_line' id='line_1_4' title="bbox 79 467 976 520; baseline -0.001 -13"><span class='ocrx_word' id='word_1_24' title='bbox 79 480 120 508; x_wconf 90' lang='lat' dir='ltr'>ut</span> <span class='ocrx_word' id='word_1_25' title='bbox 140 472 179 507; x_wconf 89' lang='lat' dir='ltr'>in</span> <span class='ocrx_word' id='word_1_26' title='bbox 195 471 262 508; x_wconf 85' lang='lat' dir='ltr'>hac</span> <span class='ocrx_word' id='word_1_27' title='bbox 277 483 327 517; x_wconf 88' lang='lat' dir='ltr'>re,</span> <span class='ocrx_word' id='word_1_28' title='bbox 358 472 471 520; x_wconf 80' lang='lat' dir='ltr'>longa</span> <span class='ocrx_word' id='word_1_29' title='bbox 486 467 702 507; x_wconf 80' lang='lat' dir='ltr'>defensione</span> <span class='ocrx_word' id='word_1_30' title='bbox 717 482 799 506; x_wconf 88' lang='lat' dir='ltr'>non</span> <span class='ocrx_word' id='word_1_31' title='bbox 813 467 855 506; x_wconf 83' lang='lat' dir='ltr'>{it</span> <span class='ocrx_word' id='word_1_32' title='bbox 871 482 976 519; x_wconf 89' lang='lat' dir='ltr'>opus.</span> 
     </span>
    </p>

    <p class='ocr_par' dir='ltr' id='par_1_3' title="bbox 70 522 1681 1557">
     <span class='ocr_line' id='line_1_5' title="bbox 132 522 1680 573; baseline 0 -12"><span class='ocrx_word' id='word_1_33' title='bbox 132 525 301 562; x_wconf 81' lang='lat' dir='ltr'>AL1UD</span> <span class='ocrx_word' id='word_1_34' title='bbox 329 527 463 563; x_wconf 86' lang='lat' dir='ltr'>vitium</span> <span class='ocrx_word' id='word_1_35' title='bbox 498 526 651 562; x_wconf 88' lang='lat' dir='ltr'>literatis</span> <span class='ocrx_word' id='word_1_36' title='bbox 680 522 873 571; x_wconf 83' lang='lat' dir='ltr'>familiare,</span> <span class='ocrx_word' id='word_1_37' title='bbox 916 524 1020 572; x_wconf 91' lang='lat' dir='ltr'>quod</span> <span class='ocrx_word' id='word_1_38' title='bbox 1053 524 1196 561; x_wconf 77' lang='lat' dir='ltr'>facilius</span> <span class='ocrx_word' id='word_1_39' title='bbox 1224 523 1385 562; x_wconf 87' lang='lat' dir='ltr'>excusari</span> <span class='ocrx_word' id='word_1_40' title='bbox 1419 522 1538 573; x_wconf 89' lang='lat' dir='ltr'>potest</span> <span class='ocrx_word' id='word_1_41' title='bbox 1564 536 1680 573; x_wconf 90' lang='lat' dir='ltr'>quam</span> 
     </span>
     <span class='ocr_line' id='line_1_6' title="bbox 77 578 1679 629; baseline -0.001 -12"><span class='ocrx_word' id='word_1_42' title='bbox 77 581 228 629; x_wconf 77' lang='lat' dir='ltr'>negari:</span> <span class='ocrx_word' id='word_1_43' title='bbox 257 580 349 617; x_wconf 89' lang='lat' dir='ltr'>illud</span> <span class='ocrx_word' id='word_1_44' title='bbox 366 581 562 627; x_wconf 88' lang='lat' dir='ltr'>nimirum,</span> <span class='ocrx_word' id='word_1_45' title='bbox 591 580 696 628; x_wconf 91' lang='lat' dir='ltr'>quod</span> <span class='ocrx_word' id='word_1_46' title='bbox 713 591 793 616; x_wconf 90' lang='lat' dir='ltr'>non</span> <span class='ocrx_word' id='word_1_47' title='bbox 812 578 922 616; x_wconf 89' lang='lat' dir='ltr'>facile</span> <span class='ocrx_word' id='word_1_48' title='bbox 943 578 979 616; x_wconf 91' lang='lat' dir='ltr'>se</span> <span class='ocrx_word' id='word_1_49' title='bbox 999 581 1185 629; x_wconf 84' lang='lat' dir='ltr'>applicent</span> <span class='ocrx_word' id='word_1_50' title='bbox 1201 581 1238 616; x_wconf 71' lang='grc' dir='ltr'>ὅ(</span> <span class='ocrx_word' id='word_1_51' title='bbox 1258 579 1563 625; x_wconf 85' lang='lat' dir='ltr'>accommodent,</span> <span class='ocrx_word' id='word_1_52' title='bbox 1593 591 1679 628; x_wconf 77' lang='lat' dir='ltr'>erga</span> 
     </span>
     <span class='ocr_line' id='line_1_7' title="bbox 78 632 1681 686; baseline 0 -15"><span class='ocrx_word' id='word_1_53' title='bbox 78 632 262 686; x_wconf 80' lang='lat' dir='ltr'>personas,</span> <span class='ocrx_word' id='word_1_54' title='bbox 303 634 522 683; x_wconf 86' lang='lat' dir='ltr'>quibuscum</span> <span class='ocrx_word' id='word_1_55' title='bbox 551 636 794 683; x_wconf 73' lang='lat' dir='ltr'>negotiantur</span> <span class='ocrx_word' id='word_1_56' title='bbox 817 644 880 671; x_wconf 85' lang='lat' dir='ltr'>aut</span> <span class='ocrx_word' id='word_1_57' title='bbox 905 634 1047 671; x_wconf 90' lang='lat' dir='ltr'>vivunt.</span> <span class='ocrx_word' id='word_1_58' title='bbox 1103 633 1179 686; x_wconf 69' lang='lat' dir='ltr'>Qli</span> <span class='ocrx_word' id='word_1_59' title='bbox 1204 634 1366 671; x_wconf 56' lang='lat' dir='ltr'>defectus</span> <span class='ocrx_word' id='word_1_60' title='bbox 1392 645 1412 670; x_wconf 91' lang='lat' dir='ltr'>c</span> <span class='ocrx_word' id='word_1_61' title='bbox 1440 634 1581 670; x_wconf 86' lang='lat' dir='ltr'>duabus</span> <span class='ocrx_word' id='word_1_62' title='bbox 1606 636 1681 671; x_wconf 89' lang='lat' dir='ltr'>ori·</span> 
     </span>
     <span class='ocr_line' id='line_1_8' title="bbox 76 687 1679 739; baseline 0.001 -14"><span class='ocrx_word' id='word_1_63' title='bbox 76 699 138 726; x_wconf 87' lang='lat' dir='ltr'>tur</span> <span class='ocrx_word' id='word_1_64' title='bbox 153 687 275 726; x_wconf 83' lang='lat' dir='ltr'>causis.</span> <span class='ocrx_word' id='word_1_65' title='bbox 331 691 456 726; x_wconf 87' lang='lat' dir='ltr'>Prima</span> <span class='ocrx_word' id='word_1_66' title='bbox 475 688 523 726; x_wconf 89' lang='lat' dir='ltr'>est</span> <span class='ocrx_word' id='word_1_67' title='bbox 538 691 654 726; x_wconf 89' lang='lat' dir='ltr'>animi</span> <span class='ocrx_word' id='word_1_68' title='bbox 680 687 786 738; x_wconf 84' lang='lat' dir='ltr'>ipsius</span> <span class='ocrx_word' id='word_1_69' title='bbox 802 689 1037 738; x_wconf 71' lang='lat' dir='ltr'>magnitudo,</span> <span class='ocrx_word' id='word_1_70' title='bbox 1067 699 1219 739; x_wconf 90' lang='lat' dir='ltr'>propter</span> <span class='ocrx_word' id='word_1_71' title='bbox 1234 700 1346 737; x_wconf 88' lang='lat' dir='ltr'>quam</span> <span class='ocrx_word' id='word_1_72' title='bbox 1370 700 1478 737; x_wconf 75' lang='lat' dir='ltr'>aegre</span> <span class='ocrx_word' id='word_1_73' title='bbox 1494 688 1528 725; x_wconf 88' lang='lat' dir='ltr'>se</span> <span class='ocrx_word' id='word_1_74' title='bbox 1544 689 1679 726; x_wconf 88' lang='lat' dir='ltr'>demit-</span> 
     </span>
     <span class='ocr_line' id='line_1_9' title="bbox 75 743 1681 794; baseline 0.001 -14"><span class='ocrx_word' id='word_1_75' title='bbox 75 745 155 781; x_wconf 89' lang='lat' dir='ltr'>tere</span> <span class='ocrx_word' id='word_1_76' title='bbox 178 743 328 794; x_wconf 82' lang='lat' dir='ltr'>possunt</span> <span class='ocrx_word' id='word_1_77' title='bbox 355 744 400 781; x_wconf 90' lang='lat' dir='ltr'>ad</span> <span class='ocrx_word' id='word_1_78' title='bbox 427 743 697 781; x_wconf 82' lang='lat' dir='ltr'>observantiam</span> <span class='ocrx_word' id='word_1_79' title='bbox 714 744 822 781; x_wconf 88' lang='lat' dir='ltr'>unius</span> <span class='ocrx_word' id='word_1_80' title='bbox 838 744 990 787; x_wconf 85' lang='lat' dir='ltr'>alicujus</span> <span class='ocrx_word' id='word_1_81' title='bbox 1015 744 1192 780; x_wconf 86' lang='lat' dir='ltr'>huminis.</span> <span class='ocrx_word' id='word_1_82' title='bbox 1248 743 1427 780; x_wconf 90' lang='lat' dir='ltr'>Amantis</span> <span class='ocrx_word' id='word_1_83' title='bbox 1454 743 1565 779; x_wconf 84' lang='lat' dir='ltr'>verba</span> <span class='ocrx_word' id='word_1_84' title='bbox 1595 743 1681 781; x_wconf 85' lang='lat' dir='ltr'>sunt</span> 
     </span>
     <span class='ocr_line' id='line_1_10' title="bbox 76 795 1678 851; baseline -0.001 -15"><span class='ocrx_word' id='word_1_85' title='bbox 76 810 157 843; x_wconf 83' lang='lat' dir='ltr'>non</span> <span class='ocrx_word' id='word_1_86' title='bbox 179 797 368 848; x_wconf 87' lang='lat' dir='ltr'>sapientis:</span> <span class='ocrx_word' id='word_1_87' title='bbox 404 796 514 836; x_wconf 66' lang='lat' dir='ltr'>Sans</span> <span class='ocrx_word' id='word_1_88' title='bbox 537 811 714 851; x_wconf 76' lang='lat' dir='ltr'>magnum</span> <span class='ocrx_word' id='word_1_89' title='bbox 736 796 856 835; x_wconf 79' lang='lat' dir='ltr'>alteri</span> <span class='ocrx_word' id='word_1_90' title='bbox 872 795 1070 835; x_wconf 79' lang='lat' dir='ltr'>theatrum</span> <span class='ocrx_word' id='word_1_91' title='bbox 1082 795 1230 849; x_wconf 74' lang='lat' dir='ltr'>ficmns.</span> <span class='ocrx_word' id='word_1_92' title='bbox 1291 799 1428 846; x_wconf 82' lang='lat' dir='ltr'>Neque</span> <span class='ocrx_word' id='word_1_93' title='bbox 1447 807 1573 834; x_wconf 89' lang='lat' dir='ltr'>tamen</span> <span class='ocrx_word' id='word_1_94' title='bbox 1597 799 1678 835; x_wconf 80' lang='lat' dir='ltr'>infi-</span> 
     </span>
     <span class='ocr_line' id='line_1_11' title="bbox 75 847 1678 902; baseline 0.001 -13"><span class='ocrx_word' id='word_1_95' title='bbox 75 849 149 890; x_wconf 87' lang='lat' dir='ltr'>cias</span> <span class='ocrx_word' id='word_1_96' title='bbox 172 851 248 899; x_wconf 86' lang='lat' dir='ltr'>ibo,</span> <span class='ocrx_word' id='word_1_97' title='bbox 277 855 397 900; x_wconf 89' lang='lat' dir='ltr'>illum,</span> <span class='ocrx_word' id='word_1_98' title='bbox 428 855 491 902; x_wconf 90' lang='lat' dir='ltr'>qui</span> <span class='ocrx_word' id='word_1_99' title='bbox 513 855 629 890; x_wconf 84' lang='lat' dir='ltr'>aciem</span> <span class='ocrx_word' id='word_1_100' title='bbox 656 854 784 898; x_wconf 88' lang='lat' dir='ltr'>animi,</span> <span class='ocrx_word' id='word_1_101' title='bbox 816 851 923 889; x_wconf 87' lang='lat' dir='ltr'>instar</span> <span class='ocrx_word' id='word_1_102' title='bbox 943 854 1057 899; x_wconf 87' lang='lat' dir='ltr'>oculi,</span> <span class='ocrx_word' id='word_1_103' title='bbox 1086 865 1167 889; x_wconf 90' lang='lat' dir='ltr'>non</span> <span class='ocrx_word' id='word_1_104' title='bbox 1187 847 1300 902; x_wconf 81' lang='lat' dir='ltr'>possit</span> <span class='ocrx_word' id='word_1_105' title='bbox 1320 863 1435 901; x_wconf 88' lang='lat' dir='ltr'>aeque</span> <span class='ocrx_word' id='word_1_106' title='bbox 1456 852 1678 890; x_wconf 80' lang='lat' dir='ltr'>contrahere</span> 
     </span>
     <span class='ocr_line' id='line_1_12' title="bbox 75 906 1676 958; baseline 0 -14"><span class='ocrx_word' id='word_1_107' title='bbox 75 907 304 958; x_wconf 70' lang='lat' dir='ltr'>ac&#39;dilatatc,</span> <span class='ocrx_word' id='word_1_108' title='bbox 342 907 474 958; x_wconf 72' lang='lat' dir='ltr'>insigni</span> <span class='ocrx_word' id='word_1_109' title='bbox 500 909 673 946; x_wconf 76' lang='lat' dir='ltr'>facultate</span> <span class='ocrx_word' id='word_1_110' title='bbox 698 908 742 945; x_wconf 90' lang='lat' dir='ltr'>ad</span> <span class='ocrx_word' id='word_1_111' title='bbox 768 920 823 944; x_wconf 90' lang='lat' dir='ltr'>res</span> <span class='ocrx_word' id='word_1_112' title='bbox 848 907 1028 956; x_wconf 81' lang='lat' dir='ltr'>gerendas</span> <span class='ocrx_word' id='word_1_113' title='bbox 1051 906 1121 944; x_wconf 80' lang='lat' dir='ltr'>effe</span> <span class='ocrx_word' id='word_1_114' title='bbox 1145 907 1333 944; x_wconf 85' lang='lat' dir='ltr'>orbatum.</span> <span class='ocrx_word' id='word_1_115' title='bbox 1392 907 1561 944; x_wconf 81' lang='lat' dir='ltr'>Secunda</span> <span class='ocrx_word' id='word_1_116' title='bbox 1586 919 1676 944; x_wconf 90' lang='lat' dir='ltr'>vero</span> 
     </span>
     <span class='ocr_line' id='line_1_13' title="bbox 74 957 1678 1016; baseline 0 -17"><span class='ocrx_word' id='word_1_117' title='bbox 74 957 245 1009; x_wconf 75' lang='lat' dir='ltr'>causaest</span> <span class='ocrx_word' id='word_1_118' title='bbox 270 964 435 1016; x_wconf 81' lang='lat' dir='ltr'>probitas</span> <span class='ocrx_word' id='word_1_119' title='bbox 458 976 608 1000; x_wconf 83' lang='lat' dir='ltr'>morum</span> <span class='ocrx_word' id='word_1_120' title='bbox 635 966 672 1000; x_wconf 68' lang='grc' dir='ltr'>ὃς</span> <span class='ocrx_word' id='word_1_121' title='bbox 697 961 932 1012; x_wconf 82' lang='lat' dir='ltr'>fi1nplicitas;</span> <span class='ocrx_word' id='word_1_122' title='bbox 969 973 1063 1010; x_wconf 88' lang='lat' dir='ltr'>quae</span> <span class='ocrx_word' id='word_1_123' title='bbox 1086 971 1214 998; x_wconf 90' lang='lat' dir='ltr'>tamen</span> <span class='ocrx_word' id='word_1_124' title='bbox 1237 960 1424 998; x_wconf 71' lang='lat' dir='ltr'>delectum</span> <span class='ocrx_word' id='word_1_125' title='bbox 1448 961 1574 1005; x_wconf 86' lang='lat' dir='ltr'>judieii</span> <span class='ocrx_word' id='word_1_126' title='bbox 1596 974 1678 999; x_wconf 89' lang='lat' dir='ltr'>non</span> 
     </span>
     <span class='ocr_line' id='line_1_14' title="bbox 75 1016 1676 1067; baseline -0.001 -14"><span class='ocrx_word' id='word_1_127' title='bbox 75 1016 262 1054; x_wconf 62' lang='lat' dir='ltr'>defectum</span> <span class='ocrx_word' id='word_1_128' title='bbox 286 1019 325 1054; x_wconf 89' lang='lat' dir='ltr'>in</span> <span class='ocrx_word' id='word_1_129' title='bbox 350 1019 422 1054; x_wconf 90' lang='lat' dir='ltr'>illis</span> <span class='ocrx_word' id='word_1_130' title='bbox 446 1020 578 1067; x_wconf 71' lang='lat' dir='ltr'>arguit.</span> <span class='ocrx_word' id='word_1_131' title='bbox 634 1019 725 1056; x_wconf 87' lang='lat' dir='ltr'>Veri</span> <span class='ocrx_word' id='word_1_132' title='bbox 750 1019 852 1054; x_wconf 91' lang='lat' dir='ltr'>enim</span> <span class='ocrx_word' id='word_1_133' title='bbox 882 1019 917 1054; x_wconf 70' lang='grc' dir='ltr'>δε</span> <span class='ocrx_word' id='word_1_134' title='bbox 942 1017 1101 1066; x_wconf 78' lang='lat' dir='ltr'>legitimi</span> <span class='ocrx_word' id='word_1_135' title='bbox 1125 1016 1379 1053; x_wconf 81' lang='lat' dir='ltr'>observantiae</span> <span class='ocrx_word' id='word_1_136' title='bbox 1403 1027 1488 1064; x_wconf 77' lang='lat' dir='ltr'>erga</span> <span class='ocrx_word' id='word_1_137' title='bbox 1513 1018 1676 1064; x_wconf 79' lang='lat' dir='ltr'>aliquam</span> 
     </span>
     <span class='ocr_line' id='line_1_15' title="bbox 74 1071 1676 1123; baseline -0.001 -14"><span class='ocrx_word' id='word_1_138' title='bbox 74 1071 271 1123; x_wconf 79' lang='lat' dir='ltr'>personam</span> <span class='ocrx_word' id='word_1_139' title='bbox 300 1073 437 1110; x_wconf 88' lang='lat' dir='ltr'>limites</span> <span class='ocrx_word' id='word_1_140' title='bbox 461 1086 540 1110; x_wconf 90' lang='lat' dir='ltr'>non</span> <span class='ocrx_word' id='word_1_141' title='bbox 567 1073 663 1110; x_wconf 87' lang='lat' dir='ltr'>ultra</span> <span class='ocrx_word' id='word_1_142' title='bbox 689 1073 889 1122; x_wconf 77' lang='lat' dir='ltr'>porrigunt</span> <span class='ocrx_word' id='word_1_143' title='bbox 911 1071 957 1117; x_wconf 85' lang='lat' dir='ltr'>se,</span> <span class='ocrx_word' id='word_1_144' title='bbox 996 1083 1109 1120; x_wconf 88' lang='lat' dir='ltr'>quam</span> <span class='ocrx_word' id='word_1_145' title='bbox 1135 1072 1184 1108; x_wconf 88' lang='lat' dir='ltr'>ita</span> <span class='ocrx_word' id='word_1_146' title='bbox 1202 1071 1304 1107; x_wconf 71' lang='lat' dir='ltr'>noss&#39;e</span> <span class='ocrx_word' id='word_1_147' title='bbox 1333 1071 1432 1107; x_wconf 87' lang='lat' dir='ltr'>illius</span> <span class='ocrx_word' id='word_1_148' title='bbox 1459 1082 1596 1117; x_wconf 88' lang='lat' dir='ltr'>mores,</span> <span class='ocrx_word' id='word_1_149' title='bbox 1636 1082 1676 1108; x_wconf 90' lang='lat' dir='ltr'>ut</span> 
     </span>
     <span class='ocr_line' id='line_1_16' title="bbox 74 1123 1677 1177; baseline 0 -14"><span class='ocrx_word' id='word_1_150' title='bbox 74 1125 209 1175; x_wconf 87' lang='lat' dir='ltr'>absque</span> <span class='ocrx_word' id='word_1_151' title='bbox 229 1126 436 1164; x_wconf 75' lang='lat' dir='ltr'>offensione</span> <span class='ocrx_word' id='word_1_152' title='bbox 459 1140 545 1165; x_wconf 89' lang='lat' dir='ltr'>cum</span> <span class='ocrx_word' id='word_1_153' title='bbox 571 1140 618 1164; x_wconf 94' lang='lat' dir='ltr'>eo</span> <span class='ocrx_word' id='word_1_154' title='bbox 642 1128 787 1173; x_wconf 89' lang='lat' dir='ltr'>versari,</span> <span class='ocrx_word' id='word_1_155' title='bbox 816 1139 979 1175; x_wconf 90' lang='lat' dir='ltr'>cumque</span> <span class='ocrx_word' id='word_1_156' title='bbox 1001 1124 1171 1172; x_wconf 80' lang='lat' dir='ltr'>eoniilio,</span> <span class='ocrx_word' id='word_1_157' title='bbox 1201 1124 1226 1162; x_wconf 80' lang='lat' dir='ltr'>fi</span> <span class='ocrx_word' id='word_1_158' title='bbox 1246 1137 1339 1177; x_wconf 87' lang='lat' dir='ltr'>opus</span> <span class='ocrx_word' id='word_1_159' title='bbox 1360 1123 1413 1172; x_wconf 82' lang='lat' dir='ltr'>fir,</span> <span class='ocrx_word' id='word_1_160' title='bbox 1443 1126 1578 1171; x_wconf 85' lang='lat' dir='ltr'>juvare,</span> <span class='ocrx_word' id='word_1_161' title='bbox 1610 1138 1677 1163; x_wconf 81' lang='lat' dir='ltr'>no-</span> 
     </span>
     <span class='ocr_line' id='line_1_17' title="bbox 74 1178 1676 1233; baseline -0.001 -15"><span class='ocrx_word' id='word_1_162' title='bbox 74 1178 201 1230; x_wconf 83' lang='lat' dir='ltr'>bisque</span> <span class='ocrx_word' id='word_1_163' title='bbox 226 1183 378 1226; x_wconf 78' lang='lat' dir='ltr'>interim</span> <span class='ocrx_word' id='word_1_164' title='bbox 395 1181 475 1231; x_wconf 69' lang='lat' dir='ltr'>iplis</span> <span class='ocrx_word' id='word_1_165' title='bbox 500 1185 536 1219; x_wconf 91' lang='lat' dir='ltr'>in</span> <span class='ocrx_word' id='word_1_166' title='bbox 555 1183 733 1219; x_wconf 88' lang='lat' dir='ltr'>omnibus</span> <span class='ocrx_word' id='word_1_167' title='bbox 757 1194 885 1219; x_wconf 79' lang='lat' dir='ltr'>cavere</span> <span class='ocrx_word' id='word_1_168' title='bbox 900 1178 1104 1233; x_wconf 69' lang='lat' dir='ltr'>possinius:</span> <span class='ocrx_word' id='word_1_169' title='bbox 1135 1193 1265 1219; x_wconf 77' lang='lat' dir='ltr'>verum</span> <span class='ocrx_word' id='word_1_170' title='bbox 1293 1180 1433 1217; x_wconf 89' lang='lat' dir='ltr'>alienos</span> <span class='ocrx_word' id='word_1_171' title='bbox 1454 1179 1605 1217; x_wconf 58' lang='lat' dir='ltr'>affccius</span> <span class='ocrx_word' id='word_1_172' title='bbox 1629 1184 1676 1217; x_wconf 85' lang='lat' dir='ltr'>rl-</span> 
     </span>
     <span class='ocr_line' id='line_1_18' title="bbox 73 1232 1677 1284; baseline 0.001 -12"><span class='ocrx_word' id='word_1_173' title='bbox 73 1232 181 1284; x_wconf 84' lang='lat' dir='ltr'>mari,</span> <span class='ocrx_word' id='word_1_174' title='bbox 210 1249 259 1273; x_wconf 91' lang='lat' dir='ltr'>co</span> <span class='ocrx_word' id='word_1_175' title='bbox 277 1236 362 1283; x_wconf 81' lang='lat' dir='ltr'>fine,</span> <span class='ocrx_word' id='word_1_176' title='bbox 392 1248 432 1278; x_wconf 81' lang='lat' dir='ltr'>ut</span> <span class='ocrx_word' id='word_1_177' title='bbox 455 1239 562 1273; x_wconf 90' lang='lat' dir='ltr'>illum</span> <span class='ocrx_word' id='word_1_178' title='bbox 589 1237 763 1282; x_wconf 71' lang='lat' dir='ltr'>inflectas,</span> <span class='ocrx_word' id='word_1_179' title='bbox 792 1236 923 1282; x_wconf 79' lang='lat' dir='ltr'>verseS,</span> <span class='ocrx_word' id='word_1_180' title='bbox 954 1239 990 1273; x_wconf 71' lang='grc' dir='ltr'>δε</span> <span class='ocrx_word' id='word_1_181' title='bbox 1007 1236 1052 1272; x_wconf 88' lang='lat' dir='ltr'>ad</span> <span class='ocrx_word' id='word_1_182' title='bbox 1067 1237 1218 1273; x_wconf 89' lang='lat' dir='ltr'>libitum</span> <span class='ocrx_word' id='word_1_183' title='bbox 1240 1237 1479 1284; x_wconf 72' lang='lat' dir='ltr'>circumagas,</span> <span class='ocrx_word' id='word_1_184' title='bbox 1510 1235 1677 1273; x_wconf 84' lang='lat' dir='ltr'>hominis</span> 
     </span>
     <span class='ocr_line' id='line_1_19' title="bbox 71 1290 1675 1342; baseline -0.001 -14"><span class='ocrx_word' id='word_1_185' title='bbox 71 1291 122 1328; x_wconf 87' lang='lat' dir='ltr'>est</span> <span class='ocrx_word' id='word_1_186' title='bbox 146 1303 277 1341; x_wconf 84' lang='lat' dir='ltr'>parum</span> <span class='ocrx_word' id='word_1_187' title='bbox 304 1292 465 1337; x_wconf 83' lang='lat' dir='ltr'>candidi,</span> <span class='ocrx_word' id='word_1_188' title='bbox 497 1292 556 1328; x_wconf 82' lang='lat' dir='ltr'>sed</span> <span class='ocrx_word' id='word_1_189' title='bbox 580 1291 702 1342; x_wconf 86' lang='lat' dir='ltr'>potius</span> <span class='ocrx_word' id='word_1_190' title='bbox 723 1290 825 1329; x_wconf 88' lang='lat' dir='ltr'>astuti</span> <span class='ocrx_word' id='word_1_191' title='bbox 846 1293 882 1328; x_wconf 72' lang='grc' dir='ltr'>ὅ(</span> <span class='ocrx_word' id='word_1_192' title='bbox 906 1291 1031 1331; x_wconf 82' lang='lat' dir='ltr'>bifidi3</span> <span class='ocrx_word' id='word_1_193' title='bbox 1062 1291 1099 1327; x_wconf 93' lang='lat' dir='ltr'>id</span> <span class='ocrx_word' id='word_1_194' title='bbox 1123 1291 1225 1338; x_wconf 91' lang='lat' dir='ltr'>quod</span> <span class='ocrx_word' id='word_1_195' title='bbox 1251 1292 1291 1326; x_wconf 89' lang='lat' dir='ltr'>in</span> <span class='ocrx_word' id='word_1_196' title='bbox 1313 1291 1475 1326; x_wconf 83' lang='lat' dir='ltr'>amicitia</span> <span class='ocrx_word' id='word_1_197' title='bbox 1497 1290 1675 1327; x_wconf 71' lang='lat' dir='ltr'>vitiosum</span> 
     </span>
     <span class='ocr_line' id='line_1_20' title="bbox 71 1343 1673 1398; baseline 0 -16"><span class='ocrx_word' id='word_1_198' title='bbox 71 1346 196 1393; x_wconf 90' lang='lat' dir='ltr'>fuerit,</span> <span class='ocrx_word' id='word_1_199' title='bbox 226 1358 312 1396; x_wconf 79' lang='lat' dir='ltr'>erga</span> <span class='ocrx_word' id='word_1_200' title='bbox 327 1348 510 1398; x_wconf 82' lang='lat' dir='ltr'>principes</span> <span class='ocrx_word' id='word_1_201' title='bbox 526 1349 638 1384; x_wconf 84' lang='lat' dir='ltr'>etiam</span> <span class='ocrx_word' id='word_1_202' title='bbox 654 1343 920 1383; x_wconf 85' lang='lat' dir='ltr'>inofficiosum.</span> <span class='ocrx_word' id='word_1_203' title='bbox 978 1346 1068 1382; x_wconf 92' lang='lat' dir='ltr'>Mos</span> <span class='ocrx_word' id='word_1_204' title='bbox 1084 1347 1188 1382; x_wconf 89' lang='lat' dir='ltr'>enim</span> <span class='ocrx_word' id='word_1_205' title='bbox 1204 1344 1370 1390; x_wconf 78' lang='lat' dir='ltr'>orientis,</span> <span class='ocrx_word' id='word_1_206' title='bbox 1401 1356 1479 1392; x_wconf 90' lang='lat' dir='ltr'>quo</span> <span class='ocrx_word' id='word_1_207' title='bbox 1495 1344 1597 1381; x_wconf 83' lang='lat' dir='ltr'>nefas</span> <span class='ocrx_word' id='word_1_208' title='bbox 1613 1346 1673 1382; x_wconf 80' lang='lat' dir='ltr'>ha-</span> 
     </span>
     <span class='ocr_line' id='line_1_21' title="bbox 73 1397 1675 1450; baseline 0 -13"><span class='ocrx_word' id='word_1_209' title='bbox 73 1402 181 1438; x_wconf 85' lang='lat' dir='ltr'>betur</span> <span class='ocrx_word' id='word_1_210' title='bbox 200 1402 332 1438; x_wconf 89' lang='lat' dir='ltr'>oculos</span> <span class='ocrx_word' id='word_1_211' title='bbox 359 1403 396 1438; x_wconf 92' lang='lat' dir='ltr'>in</span> <span class='ocrx_word' id='word_1_212' title='bbox 420 1414 520 1450; x_wconf 79' lang='lat' dir='ltr'>reges</span> <span class='ocrx_word' id='word_1_213' title='bbox 546 1402 718 1450; x_wconf 78' lang='lat' dir='ltr'>defigere,</span> <span class='ocrx_word' id='word_1_214' title='bbox 755 1402 830 1438; x_wconf 88' lang='lat' dir='ltr'>ritu</span> <span class='ocrx_word' id='word_1_215' title='bbox 850 1400 1004 1448; x_wconf 84' lang='lat' dir='ltr'>quidem</span> <span class='ocrx_word' id='word_1_216' title='bbox 1029 1401 1201 1436; x_wconf 85' lang='lat' dir='ltr'>barbarus</span> <span class='ocrx_word' id='word_1_217' title='bbox 1226 1399 1286 1445; x_wconf 84' lang='lat' dir='ltr'>est,</span> <span class='ocrx_word' id='word_1_218' title='bbox 1324 1398 1383 1435; x_wconf 87' lang='lat' dir='ltr'>sed</span> <span class='ocrx_word' id='word_1_219' title='bbox 1408 1397 1675 1447; x_wconf 76' lang='lat' dir='ltr'>lignifieatione</span> 
     </span>
     <span class='ocr_line' id='line_1_22' title="bbox 70 1452 1674 1506; baseline -0.002 -14"><span class='ocrx_word' id='word_1_220' title='bbox 70 1455 212 1492; x_wconf 89' lang='lat' dir='ltr'>bonus:</span> <span class='ocrx_word' id='word_1_221' title='bbox 244 1467 366 1505; x_wconf 88' lang='lat' dir='ltr'>neque</span> <span class='ocrx_word' id='word_1_222' title='bbox 382 1458 485 1492; x_wconf 89' lang='lat' dir='ltr'>enim</span> <span class='ocrx_word' id='word_1_223' title='bbox 511 1457 678 1493; x_wconf 83' lang='lat' dir='ltr'>subditos</span> <span class='ocrx_word' id='word_1_224' title='bbox 692 1456 812 1500; x_wconf 89' lang='lat' dir='ltr'>dccet,</span> <span class='ocrx_word' id='word_1_225' title='bbox 843 1455 956 1492; x_wconf 89' lang='lat' dir='ltr'>corda</span> <span class='ocrx_word' id='word_1_226' title='bbox 976 1466 1108 1504; x_wconf 75' lang='lat' dir='ltr'>regum</span> <span class='ocrx_word' id='word_1_227' title='bbox 1124 1453 1290 1500; x_wconf 89' lang='lat' dir='ltr'>suorum,</span> <span class='ocrx_word' id='word_1_228' title='bbox 1320 1465 1414 1501; x_wconf 89' lang='lat' dir='ltr'>quae</span> <span class='ocrx_word' id='word_1_229' title='bbox 1431 1452 1548 1490; x_wconf 87' lang='lat' dir='ltr'>sacrae</span> <span class='ocrx_word' id='word_1_230' title='bbox 1564 1454 1674 1506; x_wconf 49' lang='lat' dir='ltr'>scrip*</span> 
     </span>
     <span class='ocr_line' id='line_1_23' title="bbox 72 1505 977 1557; baseline -0.001 -10"><span class='ocrx_word' id='word_1_231' title='bbox 72 1505 181 1547; x_wconf 83' lang='lat' dir='ltr'>turae</span> <span class='ocrx_word' id='word_1_232' title='bbox 197 1508 447 1547; x_wconf 81' lang='lat' dir='ltr'>inscrutabilia</span> <span class='ocrx_word' id='word_1_233' title='bbox 460 1511 612 1557; x_wconf 89' lang='lat' dir='ltr'>docent,</span> <span class='ocrx_word' id='word_1_234' title='bbox 643 1508 819 1548; x_wconf 85' lang='lat' dir='ltr'>curiofius</span> <span class='ocrx_word' id='word_1_235' title='bbox 838 1511 977 1546; x_wconf 85' lang='lat' dir='ltr'>rimari.</span> 
     </span>
    </p>

    <p class='ocr_par' dir='ltr' id='par_1_4' title="bbox 65 1563 1674 2591">
     <span class='ocr_line' id='line_1_24' title="bbox 124 1563 1673 1613; baseline -0.001 -11"><span class='ocrx_word' id='word_1_236' title='bbox 124 1566 371 1602; x_wconf 80' lang='lat' dir='ltr'>SUPEREST</span> <span class='ocrx_word' id='word_1_237' title='bbox 395 1566 604 1602; x_wconf 85' lang='lat' dir='ltr'>etiamnum</span> <span class='ocrx_word' id='word_1_238' title='bbox 630 1566 730 1603; x_wconf 85' lang='lat' dir='ltr'>aliud</span> <span class='ocrx_word' id='word_1_239' title='bbox 754 1566 901 1611; x_wconf 84' lang='lat' dir='ltr'>vitium,</span> <span class='ocrx_word' id='word_1_240' title='bbox 942 1565 1123 1613; x_wconf 89' lang='lat' dir='ltr'>(quocum</span> <span class='ocrx_word' id='word_1_241' title='bbox 1146 1563 1242 1601; x_wconf 89' lang='lat' dir='ltr'>hanc</span> <span class='ocrx_word' id='word_1_242' title='bbox 1264 1572 1408 1613; x_wconf 85' lang='lat' dir='ltr'>partem</span> <span class='ocrx_word' id='word_1_243' title='bbox 1432 1563 1673 1612; x_wconf 87' lang='lat' dir='ltr'>concludam)</span> 
     </span>
     <span class='ocr_line' id='line_1_25' title="bbox 69 1618 1673 1670; baseline -0.001 -13"><span class='ocrx_word' id='word_1_244' title='bbox 69 1618 222 1657; x_wconf 87' lang='lat' dir='ltr'>literatis</span> <span class='ocrx_word' id='word_1_245' title='bbox 241 1619 379 1670; x_wconf 83' lang='lat' dir='ltr'>saepius</span> <span class='ocrx_word' id='word_1_246' title='bbox 399 1622 639 1670; x_wconf 87' lang='lat' dir='ltr'>imputatum,</span> <span class='ocrx_word' id='word_1_247' title='bbox 667 1619 838 1658; x_wconf 80' lang='lat' dir='ltr'>videlicet</span> <span class='ocrx_word' id='word_1_248' title='bbox 859 1620 963 1668; x_wconf 90' lang='lat' dir='ltr'>quod</span> <span class='ocrx_word' id='word_1_249' title='bbox 980 1621 1020 1657; x_wconf 89' lang='lat' dir='ltr'>in</span> <span class='ocrx_word' id='word_1_250' title='bbox 1046 1621 1152 1656; x_wconf 88' lang='lat' dir='ltr'>rebus</span> <span class='ocrx_word' id='word_1_251' title='bbox 1168 1621 1309 1668; x_wconf 73' lang='lat' dir='ltr'>exiguis</span> <span class='ocrx_word' id='word_1_252' title='bbox 1324 1621 1360 1655; x_wconf 87' lang='lat'>&amp;</span> <span class='ocrx_word' id='word_1_253' title='bbox 1376 1619 1548 1665; x_wconf 80' lang='lat' dir='ltr'>externis,</span> <span class='ocrx_word' id='word_1_254' title='bbox 1582 1618 1673 1665; x_wconf 87' lang='lat' dir='ltr'>(vul-</span> 
     </span>
     <span class='ocr_line' id='line_1_26' title="bbox 68 1672 1674 1724; baseline -0.001 -13"><span class='ocrx_word' id='word_1_255' title='bbox 68 1672 124 1722; x_wconf 82' lang='lat' dir='ltr'>tu,</span> <span class='ocrx_word' id='word_1_256' title='bbox 151 1673 264 1723; x_wconf 82' lang='lat' dir='ltr'>gestu,</span> <span class='ocrx_word' id='word_1_257' title='bbox 291 1675 440 1722; x_wconf 78' lang='lat' dir='ltr'>inccss&#39;u,</span> <span class='ocrx_word' id='word_1_258' title='bbox 469 1675 703 1713; x_wconf 87' lang='lat' dir='ltr'>sermonibus</span> <span class='ocrx_word' id='word_1_259' title='bbox 718 1675 948 1724; x_wconf 88' lang='lat' dir='ltr'>quotidianis</span> <span class='ocrx_word' id='word_1_260' title='bbox 973 1677 1010 1712; x_wconf 73' lang='grc' dir='ltr'>ὃ(</span> <span class='ocrx_word' id='word_1_261' title='bbox 1033 1673 1265 1721; x_wconf 89' lang='lat' dir='ltr'>hujusmodi)</span> <span class='ocrx_word' id='word_1_262' title='bbox 1287 1673 1461 1710; x_wconf 82' lang='lat' dir='ltr'>deficiant</span> <span class='ocrx_word' id='word_1_263' title='bbox 1484 1674 1525 1709; x_wconf 90' lang='lat' dir='ltr'>in</span> <span class='ocrx_word' id='word_1_264' title='bbox 1551 1673 1674 1710; x_wconf 84' lang='lat' dir='ltr'>obser-</span> 
     </span>
     <span class='ocr_line' id='line_1_27' title="bbox 69 1727 1672 1779; baseline -0.001 -13"><span class='ocrx_word' id='word_1_265' title='bbox 69 1730 196 1767; x_wconf 83' lang='lat' dir='ltr'>vando</span> <span class='ocrx_word' id='word_1_266' title='bbox 217 1729 379 1770; x_wconf 69' lang='lat' dir='ltr'>decoroz</span> <span class='ocrx_word' id='word_1_267' title='bbox 417 1731 517 1768; x_wconf 88' lang='lat' dir='ltr'>unde</span> <span class='ocrx_word' id='word_1_268' title='bbox 541 1730 716 1768; x_wconf 87' lang='lat' dir='ltr'>homines</span> <span class='ocrx_word' id='word_1_269' title='bbox 742 1731 921 1779; x_wconf 90' lang='lat' dir='ltr'>impetiti,</span> <span class='ocrx_word' id='word_1_270' title='bbox 958 1743 1001 1767; x_wconf 82' lang='lat' dir='ltr'>ex</span> <span class='ocrx_word' id='word_1_271' title='bbox 1027 1729 1099 1766; x_wconf 87' lang='lat' dir='ltr'>istis</span> <span class='ocrx_word' id='word_1_272' title='bbox 1122 1730 1280 1766; x_wconf 88' lang='lat' dir='ltr'>minutis</span> <span class='ocrx_word' id='word_1_273' title='bbox 1306 1727 1545 1776; x_wconf 73' lang='lat' dir='ltr'>leviculisquc</span> <span class='ocrx_word' id='word_1_274' title='bbox 1572 1740 1672 1765; x_wconf 90' lang='lat' dir='ltr'>erro-</span> 
     </span>
     <span class='ocr_line' id='line_1_28' title="bbox 70 1783 1673 1833; baseline 0 -13"><span class='ocrx_word' id='word_1_275' title='bbox 70 1784 184 1831; x_wconf 87' lang='lat' dir='ltr'>ribus,</span> <span class='ocrx_word' id='word_1_276' title='bbox 220 1786 350 1832; x_wconf 82' lang='lat' dir='ltr'>quanti</span> <span class='ocrx_word' id='word_1_277' title='bbox 371 1783 439 1822; x_wconf 79' lang='lat' dir='ltr'>sint</span> <span class='ocrx_word' id='word_1_278' title='bbox 459 1787 499 1822; x_wconf 90' lang='lat' dir='ltr'>in</span> <span class='ocrx_word' id='word_1_279' title='bbox 523 1786 631 1824; x_wconf 87' lang='lat' dir='ltr'>rebus</span> <span class='ocrx_word' id='word_1_280' title='bbox 651 1786 854 1830; x_wconf 85' lang='lat' dir='ltr'>majoribus</span> <span class='ocrx_word' id='word_1_281' title='bbox 878 1785 1078 1822; x_wconf 66' lang='lat' dir='ltr'>tractandis</span> <span class='ocrx_word' id='word_1_282' title='bbox 1103 1785 1356 1829; x_wconf 69' lang='lat' dir='ltr'>conjcsturam</span> <span class='ocrx_word' id='word_1_283' title='bbox 1381 1784 1543 1833; x_wconf 90' lang='lat' dir='ltr'>capiunt.</span> <span class='ocrx_word' id='word_1_284' title='bbox 1601 1785 1673 1820; x_wconf 48' lang='lat' dir='ltr'>Vc*</span> 
     </span>
     <span class='ocr_line' id='line_1_29' title="bbox 69 1836 1672 1892; baseline 0 -17"><span class='ocrx_word' id='word_1_285' title='bbox 69 1851 155 1876; x_wconf 84' lang='lat' dir='ltr'>rum</span> <span class='ocrx_word' id='word_1_286' title='bbox 171 1838 275 1888; x_wconf 51' lang='lat' dir='ltr'>¹fallit</span> <span class='ocrx_word' id='word_1_287' title='bbox 296 1852 360 1877; x_wconf 89' lang='lat' dir='ltr'>eos</span> <span class='ocrx_word' id='word_1_288' title='bbox 384 1841 592 1892; x_wconf 88' lang='lat' dir='ltr'>plerunque</span> <span class='ocrx_word' id='word_1_289' title='bbox 612 1840 825 1886; x_wconf 88' lang='lat' dir='ltr'>hujusmodi</span> <span class='ocrx_word' id='word_1_290' title='bbox 854 1840 1059 1885; x_wconf 82' lang='lat' dir='ltr'>judicium3</span> <span class='ocrx_word' id='word_1_291' title='bbox 1095 1837 1175 1876; x_wconf 89' lang='lat' dir='ltr'>imo</span> <span class='ocrx_word' id='word_1_292' title='bbox 1196 1839 1324 1885; x_wconf 86' lang='lat' dir='ltr'>sciant,</span> <span class='ocrx_word' id='word_1_293' title='bbox 1361 1837 1579 1887; x_wconf 88' lang='lat' dir='ltr'>responsum</span> <span class='ocrx_word' id='word_1_294' title='bbox 1606 1836 1672 1875; x_wconf 81' lang='lat' dir='ltr'>fibi</span> 
     </span>
     <span class='ocr_line' id='line_1_30' title="bbox 69 1893 1673 1948; baseline -0.001 -18"><span class='ocrx_word' id='word_1_295' title='bbox 69 1893 139 1931; x_wconf 80' lang='lat' dir='ltr'>effe</span> <span class='ocrx_word' id='word_1_296' title='bbox 159 1906 180 1931; x_wconf 87' lang='lat' dir='ltr'>a</span> <span class='ocrx_word' id='word_1_297' title='bbox 195 1894 469 1932; x_wconf 86' lang='lat' dir='ltr'>Themistocle:</span> <span class='ocrx_word' id='word_1_298' title='bbox 508 1897 584 1948; x_wconf 72' lang='lat' dir='ltr'>Qui</span> <span class='ocrx_word' id='word_1_299' title='bbox 611 1908 698 1933; x_wconf 89' lang='lat' dir='ltr'>cum</span> <span class='ocrx_word' id='word_1_300' title='bbox 720 1905 872 1944; x_wconf 81' lang='lat' dir='ltr'>rogatus</span> <span class='ocrx_word' id='word_1_301' title='bbox 897 1895 994 1942; x_wconf 85' lang='lat' dir='ltr'>esset,</span> <span class='ocrx_word' id='word_1_302' title='bbox 1032 1905 1072 1932; x_wconf 89' lang='lat' dir='ltr'>ut</span> <span class='ocrx_word' id='word_1_303' title='bbox 1095 1894 1230 1931; x_wconf 84' lang='lat' dir='ltr'>fidibus</span> <span class='ocrx_word' id='word_1_304' title='bbox 1257 1903 1417 1939; x_wconf 89' lang='lat' dir='ltr'>caneret,</span> <span class='ocrx_word' id='word_1_305' title='bbox 1455 1902 1673 1941; x_wconf 74' lang='lat' dir='ltr'>arroganter</span> 
     </span>
     <span class='ocr_line' id='line_1_31' title="bbox 69 1945 1672 2001; baseline 0 -16"><span class='ocrx_word' id='word_1_306' title='bbox 69 1948 152 1985; x_wconf 87' lang='lat' dir='ltr'>satis</span> <span class='ocrx_word' id='word_1_307' title='bbox 175 1948 251 2000; x_wconf 90' lang='lat' dir='ltr'>ipse</span> <span class='ocrx_word' id='word_1_308' title='bbox 270 1949 316 1986; x_wconf 92' lang='lat' dir='ltr'>de</span> <span class='ocrx_word' id='word_1_309' title='bbox 341 1949 388 1997; x_wconf 92' lang='lat' dir='ltr'>se,</span> <span class='ocrx_word' id='word_1_310' title='bbox 418 1950 479 1987; x_wconf 89' lang='lat' dir='ltr'>sed</span> <span class='ocrx_word' id='word_1_311' title='bbox 503 1951 547 1987; x_wconf 90' lang='lat' dir='ltr'>ad</span> <span class='ocrx_word' id='word_1_312' title='bbox 568 1950 734 2000; x_wconf 83' lang='lat' dir='ltr'>praesens</span> <span class='ocrx_word' id='word_1_313' title='bbox 755 1951 964 1988; x_wconf 88' lang='lat' dir='ltr'>institutum</span> <span class='ocrx_word' id='word_1_314' title='bbox 987 1961 1166 2001; x_wconf 87' lang='lat' dir='ltr'>perquam</span> <span class='ocrx_word' id='word_1_315' title='bbox 1187 1946 1348 2000; x_wconf 84' lang='lat' dir='ltr'>apposite</span> <span class='ocrx_word' id='word_1_316' title='bbox 1368 1947 1582 1996; x_wconf 85' lang='lat' dir='ltr'>respondit:</span> <span class='ocrx_word' id='word_1_317' title='bbox 1623 1945 1672 1985; x_wconf 82' lang='lat' dir='ltr'>Se</span> 
     </span>
     <span class='ocr_line' id='line_1_32' title="bbox 67 2000 1667 2058; baseline -0.001 -19"><span class='ocrx_word' id='word_1_318' title='bbox 67 2000 220 2056; x_wconf 73' lang='lat' dir='ltr'>quidem</span> <span class='ocrx_word' id='word_1_319' title='bbox 236 2001 379 2055; x_wconf 76' lang='lat' dir='ltr'>fidium</span> <span class='ocrx_word' id='word_1_320' title='bbox 404 2003 534 2042; x_wconf 73' lang='lat' dir='ltr'>rudem</span> <span class='ocrx_word' id='word_1_321' title='bbox 559 2003 640 2056; x_wconf 54' lang='lat' dir='ltr'>(ffiss</span> <span class='ocrx_word' id='word_1_322' title='bbox 667 2003 746 2056; x_wconf 80' lang='lat' dir='ltr'>fed</span> <span class='ocrx_word' id='word_1_323' title='bbox 767 2017 839 2058; x_wconf 80' lang='lat' dir='ltr'>qno</span> <span class='ocrx_word' id='word_1_324' title='bbox 858 2003 976 2057; x_wconf 51' lang='lat' dir='ltr'>pasto</span> <span class='ocrx_word' id='word_1_325' title='bbox 1003 2002 1177 2057; x_wconf 81' lang='lat' dir='ltr'>oppidum</span> <span class='ocrx_word' id='word_1_326' title='bbox 1193 2012 1368 2056; x_wconf 78' lang='lat' dir='ltr'>parvum</span> <span class='ocrx_word' id='word_1_327' title='bbox 1391 2002 1432 2039; x_wconf 84' lang='lat' dir='ltr'>in</span> <span class='ocrx_word' id='word_1_328' title='bbox 1456 2001 1667 2039; x_wconf 67' lang='lat' dir='ltr'>civitatem</span> 
     </span>
     <span class='ocr_line' id='line_1_33' title="bbox 67 2057 1671 2112; baseline -0.001 -17"><span class='ocrx_word' id='word_1_329' title='bbox 67 2069 245 2110; x_wconf 76' lang='lat' dir='ltr'>magnam</span> <span class='ocrx_word' id='word_1_330' title='bbox 271 2057 436 2097; x_wconf 77' lang='lat' dir='ltr'>evadere</span> <span class='ocrx_word' id='word_1_331' title='bbox 454 2058 590 2112; x_wconf 74' lang='lat' dir='ltr'>paffet,</span> <span class='ocrx_word' id='word_1_332' title='bbox 620 2058 731 2111; x_wconf 72' lang='lat' dir='ltr'>stetis</span> <span class='ocrx_word' id='word_1_333' title='bbox 751 2058 858 2111; x_wconf 77' lang='lat' dir='ltr'>noffe.</span> <span class='ocrx_word' id='word_1_334' title='bbox 914 2062 962 2098; x_wconf 86' lang='lat' dir='ltr'>Et</span> <span class='ocrx_word' id='word_1_335' title='bbox 985 2059 1070 2097; x_wconf 90' lang='lat' dir='ltr'>sunt</span> <span class='ocrx_word' id='word_1_336' title='bbox 1092 2058 1345 2111; x_wconf 88' lang='lat' dir='ltr'>proculdubio</span> <span class='ocrx_word' id='word_1_337' title='bbox 1366 2057 1476 2094; x_wconf 87' lang='lat' dir='ltr'>multi</span> <span class='ocrx_word' id='word_1_338' title='bbox 1505 2058 1671 2105; x_wconf 81' lang='lat' dir='ltr'>politica-</span> 
     </span>
     <span class='ocr_line' id='line_1_34' title="bbox 68 2111 1671 2165; baseline -0.002 -15"><span class='ocrx_word' id='word_1_339' title='bbox 68 2125 152 2150; x_wconf 87' lang='lat' dir='ltr'>rum</span> <span class='ocrx_word' id='word_1_340' title='bbox 180 2115 318 2151; x_wconf 87' lang='lat' dir='ltr'>artium</span> <span class='ocrx_word' id='word_1_341' title='bbox 340 2116 507 2164; x_wconf 84' lang='lat' dir='ltr'>apprime</span> <span class='ocrx_word' id='word_1_342' title='bbox 532 2114 649 2165; x_wconf 74' lang='lat' dir='ltr'>gnari,</span> <span class='ocrx_word' id='word_1_343' title='bbox 686 2116 821 2163; x_wconf 85' lang='lat' dir='ltr'>quibus</span> <span class='ocrx_word' id='word_1_344' title='bbox 841 2125 968 2152; x_wconf 87' lang='lat' dir='ltr'>tamen</span> <span class='ocrx_word' id='word_1_345' title='bbox 990 2116 1028 2151; x_wconf 91' lang='lat' dir='ltr'>in</span> <span class='ocrx_word' id='word_1_346' title='bbox 1057 2116 1255 2151; x_wconf 88' lang='lat' dir='ltr'>communi</span> <span class='ocrx_word' id='word_1_347' title='bbox 1280 2114 1355 2149; x_wconf 79' lang='lat' dir='ltr'>vita</span> <span class='ocrx_word' id='word_1_348' title='bbox 1378 2114 1415 2149; x_wconf 66' lang='grc' dir='ltr'>ὃς</span> <span class='ocrx_word' id='word_1_349' title='bbox 1442 2111 1671 2159; x_wconf 85' lang='lat' dir='ltr'>quotidianis</span> 
     </span>
     <span class='ocr_line' id='line_1_35' title="bbox 68 2167 1670 2222; baseline -0.001 -17"><span class='ocrx_word' id='word_1_350' title='bbox 68 2167 199 2205; x_wconf 84' lang='lat' dir='ltr'>reculis</span> <span class='ocrx_word' id='word_1_351' title='bbox 233 2169 329 2206; x_wconf 85' lang='lat' dir='ltr'>nihil</span> <span class='ocrx_word' id='word_1_352' title='bbox 365 2172 583 2221; x_wconf 83' lang='lat' dir='ltr'>imperitius.</span> <span class='ocrx_word' id='word_1_353' title='bbox 639 2170 743 2222; x_wconf 72' lang='lat' dir='ltr'>Quin</span> <span class='ocrx_word' id='word_1_354' title='bbox 780 2171 893 2207; x_wconf 89' lang='lat' dir='ltr'>etiam</span> <span class='ocrx_word' id='word_1_355' title='bbox 932 2169 1146 2215; x_wconf 84' lang='lat' dir='ltr'>hujusmodi</span> <span class='ocrx_word' id='word_1_356' title='bbox 1184 2167 1411 2217; x_wconf 83' lang='lat' dir='ltr'>sugillatores</span> <span class='ocrx_word' id='word_1_357' title='bbox 1444 2167 1670 2204; x_wconf 87' lang='lat' dir='ltr'>amandandi</span> 
     </span>
     <span class='ocr_line' id='line_1_36' title="bbox 66 2218 1670 2275; baseline -0.001 -16"><span class='ocrx_word' id='word_1_358' title='bbox 66 2222 151 2260; x_wconf 78' lang='lat' dir='ltr'>sunt</span> <span class='ocrx_word' id='word_1_359' title='bbox 171 2223 216 2259; x_wconf 89' lang='lat' dir='ltr'>ad</span> <span class='ocrx_word' id='word_1_360' title='bbox 236 2223 399 2261; x_wconf 88' lang='lat' dir='ltr'>Platonis</span> <span class='ocrx_word' id='word_1_361' title='bbox 420 2226 587 2274; x_wconf 73' lang='lat' dir='ltr'>elogium</span> <span class='ocrx_word' id='word_1_362' title='bbox 604 2225 651 2261; x_wconf 89' lang='lat' dir='ltr'>de</span> <span class='ocrx_word' id='word_1_363' title='bbox 670 2234 910 2275; x_wconf 88' lang='lat' dir='ltr'>praeceptore</span> <span class='ocrx_word' id='word_1_364' title='bbox 932 2224 998 2261; x_wconf 94' lang='lat' dir='ltr'>suo</span> <span class='ocrx_word' id='word_1_365' title='bbox 1017 2225 1181 2269; x_wconf 88' lang='lat' dir='ltr'>Socrate,</span> <span class='ocrx_word' id='word_1_366' title='bbox 1211 2234 1325 2270; x_wconf 84' lang='lat' dir='ltr'>quem</span> <span class='ocrx_word' id='word_1_367' title='bbox 1345 2221 1440 2258; x_wconf 89' lang='lat' dir='ltr'>haud</span> <span class='ocrx_word' id='word_1_368' title='bbox 1462 2218 1670 2258; x_wconf 81' lang='lat' dir='ltr'>absimilem</span> 
     </span>
     <span class='ocr_line' id='line_1_37' title="bbox 65 2273 1670 2328; baseline -0.001 -14"><span class='ocrx_word' id='word_1_369' title='bbox 65 2279 159 2314; x_wconf 84' lang='lat' dir='ltr'>dixit</span> <span class='ocrx_word' id='word_1_370' title='bbox 177 2278 551 2328; x_wconf 87' lang='lat' dir='ltr'>pharmacopolarum</span> <span class='ocrx_word' id='word_1_371' title='bbox 575 2279 781 2328; x_wconf 83' lang='lat' dir='ltr'>pyxidibus,</span> <span class='ocrx_word' id='word_1_372' title='bbox 809 2290 903 2326; x_wconf 87' lang='lat' dir='ltr'>quae</span> <span class='ocrx_word' id='word_1_373' title='bbox 928 2279 1086 2315; x_wconf 88' lang='lat' dir='ltr'>exterius</span> <span class='ocrx_word' id='word_1_374' title='bbox 1106 2278 1377 2314; x_wconf 86' lang='lat' dir='ltr'>inducebantur</span> <span class='ocrx_word' id='word_1_375' title='bbox 1399 2273 1521 2321; x_wconf 80' lang='lat' dir='ltr'>simiis,</span> <span class='ocrx_word' id='word_1_376' title='bbox 1558 2276 1670 2312; x_wconf 91' lang='lat' dir='ltr'>ululis</span> 
     </span>
     <span class='ocr_line' id='line_1_38' title="bbox 70 2329 1669 2383; baseline -0.001 -13"><span class='ocrx_word' id='word_1_377' title='bbox 70 2332 280 2381; x_wconf 79' lang='lat' dir='ltr'>satyrisque,</span> <span class='ocrx_word' id='word_1_378' title='bbox 318 2335 417 2370; x_wconf 89' lang='lat' dir='ltr'>intus</span> <span class='ocrx_word' id='word_1_379' title='bbox 442 2346 531 2371; x_wconf 86' lang='lat' dir='ltr'>vero</span> <span class='ocrx_word' id='word_1_380' title='bbox 556 2333 736 2383; x_wconf 85' lang='lat' dir='ltr'>pretiosos</span> <span class='ocrx_word' id='word_1_381' title='bbox 760 2335 925 2382; x_wconf 87' lang='lat' dir='ltr'>liquores</span> <span class='ocrx_word' id='word_1_382' title='bbox 947 2335 984 2369; x_wconf 70' lang='grc' dir='ltr'>δε</span> <span class='ocrx_word' id='word_1_383' title='bbox 1008 2331 1150 2369; x_wconf 88' lang='lat' dir='ltr'>nobilia</span> <span class='ocrx_word' id='word_1_384' title='bbox 1178 2331 1451 2368; x_wconf 86' lang='lat' dir='ltr'>medicamenta</span> <span class='ocrx_word' id='word_1_385' title='bbox 1474 2329 1669 2368; x_wconf 83' lang='lat' dir='ltr'>recondita</span> 
     </span>
     <span class='ocr_line' id='line_1_39' title="bbox 67 2385 1668 2437; baseline -0.002 -13"><span class='ocrx_word' id='word_1_386' title='bbox 67 2387 273 2425; x_wconf 85' lang='lat' dir='ltr'>habebant:</span> <span class='ocrx_word' id='word_1_387' title='bbox 313 2389 479 2425; x_wconf 74' lang='lat' dir='ltr'>fatendo</span> <span class='ocrx_word' id='word_1_388' title='bbox 506 2388 655 2435; x_wconf 89' lang='lat' dir='ltr'>scilicet,</span> <span class='ocrx_word' id='word_1_389' title='bbox 693 2389 796 2437; x_wconf 89' lang='lat' dir='ltr'>quod</span> <span class='ocrx_word' id='word_1_390' title='bbox 827 2388 872 2424; x_wconf 89' lang='lat' dir='ltr'>ad</span> <span class='ocrx_word' id='word_1_391' title='bbox 900 2388 1002 2436; x_wconf 77' lang='lat' dir='ltr'>vulgi</span> <span class='ocrx_word' id='word_1_392' title='bbox 1027 2397 1177 2436; x_wconf 90' lang='lat' dir='ltr'>captum</span> <span class='ocrx_word' id='word_1_393' title='bbox 1205 2388 1242 2423; x_wconf 88' lang='lat'>&amp;</span> <span class='ocrx_word' id='word_1_394' title='bbox 1268 2385 1408 2422; x_wconf 89' lang='lat' dir='ltr'>famam</span> <span class='ocrx_word' id='word_1_395' title='bbox 1434 2385 1668 2433; x_wconf 89' lang='lat' dir='ltr'>popularem,</span> 
     </span>
     <span class='ocr_line' id='line_1_40' title="bbox 67 2440 1670 2494; baseline -0.001 -16"><span class='ocrx_word' id='word_1_396' title='bbox 67 2455 153 2494; x_wconf 85' lang='lat' dir='ltr'>prae</span> <span class='ocrx_word' id='word_1_397' title='bbox 169 2442 204 2480; x_wconf 91' lang='lat' dir='ltr'>se</span> <span class='ocrx_word' id='word_1_398' title='bbox 220 2443 332 2480; x_wconf 82' lang='lat' dir='ltr'>ferret</span> <span class='ocrx_word' id='word_1_399' title='bbox 346 2445 530 2480; x_wconf 87' lang='lat' dir='ltr'>nonnulla</span> <span class='ocrx_word' id='word_1_400' title='bbox 546 2445 649 2490; x_wconf 74' lang='lat' dir='ltr'>levia,</span> <span class='ocrx_word' id='word_1_401' title='bbox 671 2454 780 2491; x_wconf 87' lang='lat' dir='ltr'>atque</span> <span class='ocrx_word' id='word_1_402' title='bbox 795 2444 907 2479; x_wconf 88' lang='lat' dir='ltr'>etiam</span> <span class='ocrx_word' id='word_1_403' title='bbox 923 2442 1122 2488; x_wconf 88' lang='lat' dir='ltr'>deformia,</span> <span class='ocrx_word' id='word_1_404' title='bbox 1143 2452 1230 2478; x_wconf 90' lang='lat' dir='ltr'>cum</span> <span class='ocrx_word' id='word_1_405' title='bbox 1243 2449 1370 2476; x_wconf 90' lang='lat' dir='ltr'>tamen</span> <span class='ocrx_word' id='word_1_406' title='bbox 1386 2440 1503 2475; x_wconf 86' lang='lat' dir='ltr'>animi</span> <span class='ocrx_word' id='word_1_407' title='bbox 1516 2440 1670 2476; x_wconf 87' lang='lat' dir='ltr'>interio-</span> 
     </span>
     <span class='ocr_line' id='line_1_41' title="bbox 68 2493 1670 2547; baseline -0.001 -13"><span class='ocrx_word' id='word_1_408' title='bbox 68 2509 107 2534; x_wconf 88' lang='lat' dir='ltr'>ra</span> <span class='ocrx_word' id='word_1_409' title='bbox 130 2497 283 2534; x_wconf 87' lang='lat' dir='ltr'>summis</span> <span class='ocrx_word' id='word_1_410' title='bbox 303 2508 380 2535; x_wconf 86' lang='lat' dir='ltr'>tam</span> <span class='ocrx_word' id='word_1_411' title='bbox 400 2498 647 2545; x_wconf 68' lang='lat' dir='ltr'>facultatibus,</span> <span class='ocrx_word' id='word_1_412' title='bbox 678 2510 790 2547; x_wconf 80' lang='lat' dir='ltr'>quam</span> <span class='ocrx_word' id='word_1_413' title='bbox 810 2497 1009 2535; x_wconf 81' lang='lat' dir='ltr'>virtutibus</span> <span class='ocrx_word' id='word_1_414' title='bbox 1029 2496 1143 2534; x_wconf 74' lang='lat' dir='ltr'>ess&#39;ent</span> <span class='ocrx_word' id='word_1_415' title='bbox 1166 2495 1317 2547; x_wconf 89' lang='lat' dir='ltr'>repleta.</span> <span class='ocrx_word' id='word_1_416' title='bbox 1372 2493 1503 2543; x_wconf 88' lang='lat' dir='ltr'>Atque</span> <span class='ocrx_word' id='word_1_417' title='bbox 1523 2494 1572 2532; x_wconf 91' lang='lat' dir='ltr'>de</span> <span class='ocrx_word' id='word_1_418' title='bbox 1587 2506 1670 2532; x_wconf 91' lang='lat' dir='ltr'>mo-</span> 
     </span>
     <span class='ocr_line' id='line_1_42' title="bbox 69 2553 728 2591; baseline 0 -2"><span class='ocrx_word' id='word_1_419' title='bbox 69 2553 170 2589; x_wconf 87' lang='lat' dir='ltr'>ribus</span> <span class='ocrx_word' id='word_1_420' title='bbox 187 2553 422 2590; x_wconf 86' lang='lat' dir='ltr'>literatorum</span> <span class='ocrx_word' id='word_1_421' title='bbox 438 2554 527 2591; x_wconf 88' lang='lat' dir='ltr'>haee</span> <span class='ocrx_word' id='word_1_422' title='bbox 542 2554 728 2591; x_wconf 59' lang='lat' dir='ltr'>hastcnus.</span> 
     </span>
    </p>

    <p class='ocr_par' dir='ltr' id='par_1_5' title="bbox 67 2604 1670 3095">
     <span class='ocr_line' id='line_1_43' title="bbox 120 2604 1664 2658; baseline -0.002 -14"><span class='ocrx_word' id='word_1_423' title='bbox 120 2608 342 2645; x_wconf 80' lang='lat' dir='ltr'>INTERIM</span> <span class='ocrx_word' id='word_1_424' title='bbox 357 2620 516 2645; x_wconf 89' lang='lat' dir='ltr'>monere</span> <span class='ocrx_word' id='word_1_425' title='bbox 531 2610 662 2658; x_wconf 86' lang='lat' dir='ltr'>placet,</span> <span class='ocrx_word' id='word_1_426' title='bbox 692 2620 762 2645; x_wconf 89' lang='lat' dir='ltr'>nos</span> <span class='ocrx_word' id='word_1_427' title='bbox 782 2606 877 2644; x_wconf 85' lang='lat' dir='ltr'>nihil</span> <span class='ocrx_word' id='word_1_428' title='bbox 899 2608 1023 2644; x_wconf 88' lang='lat' dir='ltr'>minus</span> <span class='ocrx_word' id='word_1_429' title='bbox 1043 2617 1164 2655; x_wconf 79' lang='lat' dir='ltr'>agere,</span> <span class='ocrx_word' id='word_1_430' title='bbox 1192 2616 1305 2654; x_wconf 86' lang='lat' dir='ltr'>quam</span> <span class='ocrx_word' id='word_1_431' title='bbox 1322 2613 1363 2642; x_wconf 88' lang='lat' dir='ltr'>ut</span> <span class='ocrx_word' id='word_1_432' title='bbox 1383 2604 1664 2654; x_wconf 85' lang='lat' dir='ltr'>patrocinemur</span> 
     </span>
     <span class='ocr_line' id='line_1_44' title="bbox 67 2658 1670 2714; baseline 0 -16"><span class='ocrx_word' id='word_1_433' title='bbox 67 2661 286 2710; x_wconf 87' lang='lat' dir='ltr'>quibusdam</span> <span class='ocrx_word' id='word_1_434' title='bbox 311 2663 560 2714; x_wconf 79' lang='lat' dir='ltr'>profess&#39;orum</span> <span class='ocrx_word' id='word_1_435' title='bbox 584 2663 756 2701; x_wconf 87' lang='lat' dir='ltr'>institutis</span> <span class='ocrx_word' id='word_1_436' title='bbox 785 2663 934 2707; x_wconf 75' lang='lat' dir='ltr'>abjcffls</span> <span class='ocrx_word' id='word_1_437' title='bbox 958 2663 995 2699; x_wconf 89' lang='lat'>&amp;</span> <span class='ocrx_word' id='word_1_438' title='bbox 1016 2661 1185 2706; x_wconf 81' lang='lat' dir='ltr'>sordidis,</span> <span class='ocrx_word' id='word_1_439' title='bbox 1221 2659 1356 2708; x_wconf 89' lang='lat' dir='ltr'>quibus</span> <span class='ocrx_word' id='word_1_440' title='bbox 1384 2661 1421 2697; x_wconf 68' lang='grc' dir='ltr'>ὃς</span> <span class='ocrx_word' id='word_1_441' title='bbox 1444 2658 1481 2696; x_wconf 89' lang='lat' dir='ltr'>se</span> <span class='ocrx_word' id='word_1_442' title='bbox 1509 2658 1606 2710; x_wconf 89' lang='lat' dir='ltr'>ipsos</span> <span class='ocrx_word' id='word_1_443' title='bbox 1632 2662 1670 2698; x_wconf 87' lang='lat'>&amp;</span> 
     </span>
     <span class='ocr_line' id='line_1_45' title="bbox 69 2712 1668 2767; baseline -0.001 -14"><span class='ocrx_word' id='word_1_444' title='bbox 69 2717 192 2754; x_wconf 87' lang='lat' dir='ltr'>literas</span> <span class='ocrx_word' id='word_1_445' title='bbox 219 2717 524 2755; x_wconf 86' lang='lat' dir='ltr'>dehonestarunt:</span> <span class='ocrx_word' id='word_1_446' title='bbox 562 2719 687 2766; x_wconf 87' lang='lat' dir='ltr'>quales</span> <span class='ocrx_word' id='word_1_447' title='bbox 711 2727 815 2755; x_wconf 90' lang='lat' dir='ltr'>erant</span> <span class='ocrx_word' id='word_1_448' title='bbox 842 2717 939 2767; x_wconf 87' lang='lat' dir='ltr'>apud</span> <span class='ocrx_word' id='word_1_449' title='bbox 967 2719 1177 2762; x_wconf 85' lang='lat' dir='ltr'>Romanos,</span> <span class='ocrx_word' id='word_1_450' title='bbox 1214 2713 1363 2752; x_wconf 86' lang='lat' dir='ltr'>saeculis</span> <span class='ocrx_word' id='word_1_451' title='bbox 1389 2712 1668 2764; x_wconf 88' lang='lat' dir='ltr'>posterioribus,</span> 
     </span>
     <span class='ocr_line' id='line_1_46' title="bbox 68 2768 1669 2822; baseline -0.001 -15"><span class='ocrx_word' id='word_1_452' title='bbox 68 2771 281 2822; x_wconf 85' lang='lat' dir='ltr'>philosophi</span> <span class='ocrx_word' id='word_1_453' title='bbox 306 2773 459 2821; x_wconf 81' lang='lat' dir='ltr'>quidam</span> <span class='ocrx_word' id='word_1_454' title='bbox 480 2774 517 2808; x_wconf 89' lang='lat' dir='ltr'>in</span> <span class='ocrx_word' id='word_1_455' title='bbox 534 2772 687 2810; x_wconf 88' lang='lat' dir='ltr'>familiis</span> <span class='ocrx_word' id='word_1_456' title='bbox 710 2773 884 2819; x_wconf 87' lang='lat' dir='ltr'>divitum,</span> <span class='ocrx_word' id='word_1_457' title='bbox 914 2770 1200 2818; x_wconf 88' lang='lat' dir='ltr'>mensarumque</span> <span class='ocrx_word' id='word_1_458' title='bbox 1223 2780 1357 2807; x_wconf 89' lang='lat' dir='ltr'>eorum</span> <span class='ocrx_word' id='word_1_459' title='bbox 1380 2768 1542 2815; x_wconf 83' lang='lat' dir='ltr'>affeclae‚</span> <span class='ocrx_word' id='word_1_460' title='bbox 1572 2781 1669 2818; x_wconf 82' lang='lat' dir='ltr'>quos</span> 
     </span>
     <span class='ocr_line' id='line_1_47' title="bbox 68 2823 1669 2877; baseline -0.001 -15"><span class='ocrx_word' id='word_1_461' title='bbox 68 2826 165 2864; x_wconf 82' lang='lat' dir='ltr'>haud</span> <span class='ocrx_word' id='word_1_462' title='bbox 191 2826 344 2864; x_wconf 87' lang='lat' dir='ltr'>absurde</span> <span class='ocrx_word' id='word_1_463' title='bbox 370 2827 467 2864; x_wconf 85' lang='lat' dir='ltr'>dicas</span> <span class='ocrx_word' id='word_1_464' title='bbox 496 2827 668 2864; x_wconf 85' lang='lat' dir='ltr'>barbatos</span> <span class='ocrx_word' id='word_1_465' title='bbox 691 2825 874 2877; x_wconf 81' lang='lat' dir='ltr'>parasitos.</span> <span class='ocrx_word' id='word_1_466' title='bbox 933 2826 1051 2870; x_wconf 85' lang='lat' dir='ltr'>Cujus</span> <span class='ocrx_word' id='word_1_467' title='bbox 1079 2823 1223 2874; x_wconf 83' lang='lat' dir='ltr'>generis</span> <span class='ocrx_word' id='word_1_468' title='bbox 1243 2824 1432 2872; x_wconf 86' lang='lat' dir='ltr'>quendam</span> <span class='ocrx_word' id='word_1_469' title='bbox 1457 2824 1580 2873; x_wconf 84' lang='lat' dir='ltr'>lapide</span> <span class='ocrx_word' id='word_1_470' title='bbox 1608 2824 1669 2861; x_wconf 92' lang='lat' dir='ltr'>de-</span> 
     </span>
     <span class='ocr_line' id='line_1_48' title="bbox 70 2878 1669 2931; baseline -0.003 -12"><span class='ocrx_word' id='word_1_471' title='bbox 70 2879 196 2919; x_wconf 88' lang='lat' dir='ltr'>scribit</span> <span class='ocrx_word' id='word_1_472' title='bbox 215 2881 408 2929; x_wconf 87' lang='lat' dir='ltr'>Lueianus,</span> <span class='ocrx_word' id='word_1_473' title='bbox 438 2894 551 2931; x_wconf 90' lang='lat' dir='ltr'>quem</span> <span class='ocrx_word' id='word_1_474' title='bbox 571 2892 741 2919; x_wconf 85' lang='lat' dir='ltr'>matrona</span> <span class='ocrx_word' id='word_1_475' title='bbox 762 2882 913 2927; x_wconf 86' lang='lat' dir='ltr'>nobilis,</span> <span class='ocrx_word' id='word_1_476' title='bbox 940 2881 1107 2917; x_wconf 89' lang='lat' dir='ltr'>catulum</span> <span class='ocrx_word' id='word_1_477' title='bbox 1124 2879 1230 2917; x_wconf 84' lang='lat' dir='ltr'>suum</span> <span class='ocrx_word' id='word_1_478' title='bbox 1251 2879 1474 2916; x_wconf 86' lang='lat' dir='ltr'>Melitaeum</span> <span class='ocrx_word' id='word_1_479' title='bbox 1494 2880 1535 2915; x_wconf 88' lang='lat' dir='ltr'>in</span> <span class='ocrx_word' id='word_1_480' title='bbox 1555 2878 1669 2916; x_wconf 86' lang='lat' dir='ltr'>rheda</span> 
     </span>
     <span class='ocr_line' id='line_1_49' title="bbox 70 2931 1669 2986; baseline -0.001 -15"><span class='ocrx_word' id='word_1_481' title='bbox 70 2934 205 2984; x_wconf 82' lang='lat' dir='ltr'>gestare</span> <span class='ocrx_word' id='word_1_482' title='bbox 227 2937 366 2974; x_wconf 83' lang='lat' dir='ltr'>voluit:</span> <span class='ocrx_word' id='word_1_483' title='bbox 404 2937 506 2986; x_wconf 86' lang='lat' dir='ltr'>quod</span> <span class='ocrx_word' id='word_1_484' title='bbox 530 2948 616 2974; x_wconf 90' lang='lat' dir='ltr'>cum</span> <span class='ocrx_word' id='word_1_485' title='bbox 643 2938 706 2974; x_wconf 92' lang='lat' dir='ltr'>ille</span> <span class='ocrx_word' id='word_1_486' title='bbox 729 2933 909 2982; x_wconf 86' lang='lat' dir='ltr'>officiose,</span> <span class='ocrx_word' id='word_1_487' title='bbox 946 2934 1007 2972; x_wconf 89' lang='lat' dir='ltr'>sed</span> <span class='ocrx_word' id='word_1_488' title='bbox 1031 2935 1247 2972; x_wconf 87' lang='lat' dir='ltr'>indecenter</span> <span class='ocrx_word' id='word_1_489' title='bbox 1271 2933 1419 2980; x_wconf 89' lang='lat' dir='ltr'>faceret,</span> <span class='ocrx_word' id='word_1_490' title='bbox 1456 2931 1565 2970; x_wconf 81' lang='lat' dir='ltr'>Pufio</span> <span class='ocrx_word' id='word_1_491' title='bbox 1588 2933 1669 2970; x_wconf 88' lang='lat' dir='ltr'>sub-</span> 
     </span>
     <span class='ocr_line' id='line_1_50' title="bbox 72 2985 1667 3044; baseline -0.002 -18"><span class='ocrx_word' id='word_1_492' title='bbox 72 2989 248 3027; x_wconf 85' lang='lat' dir='ltr'>sannans:</span> <span class='ocrx_word' id='word_1_493' title='bbox 279 2991 427 3038; x_wconf 83' lang='lat' dir='ltr'>Vereor,</span> <span class='ocrx_word' id='word_1_494' title='bbox 450 2991 582 3040; x_wconf 89' lang='lat' dir='ltr'>inquit,</span> <span class='ocrx_word' id='word_1_495' title='bbox 611 3002 657 3028; x_wconf 88' lang='lat' dir='ltr'>ne</span> <span class='ocrx_word' id='word_1_496' title='bbox 662 2987 911 3044; x_wconf 78' lang='lat' dir='ltr'>philosbphns</span> <span class='ocrx_word' id='word_1_497' title='bbox 928 2987 1047 3040; x_wconf 81' lang='lat' dir='ltr'>noster</span> <span class='ocrx_word' id='word_1_498' title='bbox 1063 3000 1082 3026; x_wconf 87' lang='lat' dir='ltr'><em>e</em></span> <span class='ocrx_word' id='word_1_499' title='bbox 1098 2987 1225 3028; x_wconf 84' lang='lat' dir='ltr'>Stoico</span> <span class='ocrx_word' id='word_1_500' title='bbox 1231 2985 1312 3039; x_wconf 81' lang='lat' dir='ltr'>fiat</span> <span class='ocrx_word' id='word_1_501' title='bbox 1326 2988 1503 3038; x_wconf 68' lang='lat' dir='ltr'>Cynicus.</span> <span class='ocrx_word' id='word_1_502' title='bbox 1561 2988 1667 3024; x_wconf 87' lang='lat' dir='ltr'>Ante</span> 
     </span>
     <span class='ocr_line' id='line_1_51' title="bbox 71 3042 1666 3095; baseline -0.001 -15"><span class='ocrx_word' id='word_1_503' title='bbox 71 3047 202 3081; x_wconf 86' lang='lat' dir='ltr'>omnia</span> <span class='ocrx_word' id='word_1_504' title='bbox 220 3057 325 3092; x_wconf 83' lang='lat' dir='ltr'>vero,</span> <span class='ocrx_word' id='word_1_505' title='bbox 352 3046 445 3084; x_wconf 90' lang='lat' dir='ltr'>nihil</span> <span class='ocrx_word' id='word_1_506' title='bbox 459 3057 537 3084; x_wconf 86' lang='lat' dir='ltr'>tam</span> <span class='ocrx_word' id='word_1_507' title='bbox 557 3045 687 3085; x_wconf 82' lang='lat' dir='ltr'>offecit</span> <span class='ocrx_word' id='word_1_508' title='bbox 703 3047 894 3083; x_wconf 89' lang='lat' dir='ltr'>literarum</span> <span class='ocrx_word' id='word_1_509' title='bbox 915 3045 1102 3095; x_wconf 82' lang='lat' dir='ltr'>dignitati,</span> <span class='ocrx_word' id='word_1_510' title='bbox 1130 3056 1244 3093; x_wconf 89' lang='lat' dir='ltr'>quam</span> <span class='ocrx_word' id='word_1_511' title='bbox 1267 3044 1377 3082; x_wconf 70' lang='lat' dir='ltr'>erass‘a</span> <span class='ocrx_word' id='word_1_512' title='bbox 1391 3046 1428 3080; x_wconf 77' lang='grc' dir='ltr'>ὅ(</span> <span class='ocrx_word' id='word_1_513' title='bbox 1448 3043 1565 3093; x_wconf 87' lang='lat' dir='ltr'>turpis</span> <span class='ocrx_word' id='word_1_514' title='bbox 1580 3042 1666 3078; x_wconf 87' lang='lat' dir='ltr'>adu-</span> 
     </span>
    </p>
   </div>
   <div class='ocr_carea' id='block_1_3' title="bbox 73 3095 1670 3188">
    <p class='ocr_par' dir='ltr' id='par_1_6' title="bbox 73 3095 1670 3188">
     <span class='ocr_line' id='line_1_52' title="bbox 73 3095 1664 3188; baseline -0.003 -52"><span class='ocrx_word' id='word_1_515' title='bbox 73 3099 176 3146; x_wconf 76' lang='lat' dir='ltr'>latio,</span> <span class='ocrx_word' id='word_1_516' title='bbox 212 3100 255 3137; x_wconf 80' lang='lat' dir='ltr'>ad</span> <span class='ocrx_word' id='word_1_517' title='bbox 279 3113 391 3151; x_wconf 88' lang='lat' dir='ltr'>quam</span> <span class='ocrx_word' id='word_1_518' title='bbox 410 3103 533 3147; x_wconf 78' lang='lat' dir='ltr'>multi,</span> <span class='ocrx_word' id='word_1_519' title='bbox 563 3113 684 3150; x_wconf 86' lang='lat' dir='ltr'>neque</span> <span class='ocrx_word' id='word_1_520' title='bbox 704 3101 743 3139; x_wconf 87' lang='lat' dir='ltr'>hi</span> <span class='ocrx_word' id='word_1_521' title='bbox 771 3100 928 3148; x_wconf 62' lang='lat' dir='ltr'>indocti,</span> <span class='ocrx_word' id='word_1_522' title='bbox 965 3102 1001 3139; x_wconf 89' lang='lat'>&amp;</span> <span class='ocrx_word' id='word_1_523' title='bbox 1025 3100 1189 3138; x_wconf 81' lang='lat' dir='ltr'>calamos</span> <span class='ocrx_word' id='word_1_524' title='bbox 1215 3101 1251 3138; x_wconf 88' lang='lat'>&amp;</span> <span class='ocrx_word' id='word_1_525' title='bbox 1278 3099 1429 3156; x_wconf 79' lang='lat' dir='ltr'>ingenia</span> <span class='ocrx_word' id='word_1_526' title='bbox 1454 3095 1664 3188; x_wconf 46' lang='lat' dir='ltr'>sqpmilgre,</span> 
     </span>
     <span class='ocr_line' id='line_1_53' title="bbox 1518 3161 1670 3187; baseline 0 0"><span class='ocrx_word' id='word_1_527' title='bbox 1518 3161 1582 3187; x_wconf 83' lang='lat' dir='ltr'>ecu</span> <span class='ocrx_word' id='word_1_528' title='bbox 1607 3161 1670 3187; x_wconf 87' lang='lat' dir='ltr'>am</span> 
     </span>
    </p>
   </div>
  </div>
 </body>
</html>
