2040 3439
209 244 270 290 86

439 240 536 286 DE
591 219 1085 284 A‘UGMENTts
1138 227 1738 277 setssnTlAanm.
1778 225 1944 278 Libit.

347 345 464 372 vanos
487 331 664 369 &inanes
685 328 882 368 admiscet3
912 327 1007 364 adeo
1027 336 1067 363 ut
1083 326 1214 362 omnia
1238 322 1277 371 (si
1291 326 1392 361 intus
1409 323 1573 374 conspici
1589 321 1782 367 darentur)
1804 327 1948 366 Panicis

347 387 554 426 terroribus
574 381 784 436 plenissima
810 380 898 423 lint3
935 380 1154 432 praesertim
1178 379 1363 419 humana3
1402 381 1438 416 ὃς
1463 377 1624 415 maxime
1650 376 1825 417 omnium
1852 394 1869 419 a
1899 383 1948 420 ud

349 444 518 492 vulgum,
545 442 609 492 qui
635 437 887 488 superstitione
905 437 1012 484 (quae
1035 447 1122 472 vete
1145 434 1241 471 nihil
1264 432 1363 470 aliud
1384 445 1497 483 quam
1513 434 1670 471 Panicus
1691 444 1814 473 terror
1830 394 1895 485 dg
1908 432 1952 477 in

350 495 578 535 immensum
602 495 745 531 laborat
760 495 796 529 &
815 493 987 541 agitatur,
1024 490 1220 541 praecipue
1242 489 1480 538 temporibus
1495 488 1595 528 duris
1612 490 1646 526 δε
1667 490 1819 538 trepidis
1835 493 1870 528 <Sc
1890 493 1950 533 ad-

348 550 466 589 versis.
524 553 660 597 Neque
683 546 890 597 superstitio
906 546 967 583 ista
991 544 1263 583 tantummodo
1286 542 1324 580 in
1339 545 1456 592 vulgo
1480 554 1622 592 regnat,
1653 543 1711 580 sed
1733 544 1778 581 ab
1802 548 1952 594 opinio-

348 608 459 645 nibus
474 606 575 654 vulgi
600 603 710 640 etiam
727 605 766 639 in
784 601 1023 651 sapientiores
1039 599 1242 648 aliquando
1257 596 1390 645 infilit,
1414 609 1453 635 ut
1474 598 1601 636 divine
1623 600 1802 647 Epicurus
1821 599 1858 646 (fi
1873 614 1951 640 cae-

349 672 428 698 tera
453 673 547 709 quae
569 660 616 696 de
636 659 707 695 diis
729 657 893 694 disseruit
917 657 960 692 ad
983 655 1078 692 hane
1097 666 1274 692 normam
1296 653 1457 701 fuiss'ent)
1484 653 1632 691 locutus
1658 652 1718 690 fit:
1749 652 1843 693 Νθπ
1863 653 1954 695 deos

349 713 462 767 vu4gi
476 726 614 766 negare
620 710 841 766 profanum,
859 708 939 763 fid
949 709 1062 762 vu4gi
1076 709 1269 761 opiniones
1283 706 1361 746 diis
1375 706 1567 761 applicare
1572 706 1793 760 profanum.

401 772 542 822 QUOD
556 781 648 807 vero
662 770 795 805 attinet
811 767 856 804 ad
872 765 1059 804 audaciam
1077 766 1186 802 Panis
1205 767 1242 802 ὅ(
1263 775 1427 814 pugnam
1448 775 1514 815 per
1532 766 1846 816 provocationem
1861 778 1953 811 eum

350 826 561 877 Cupidine3
593 825 629 861 id
650 836 698 860 eo
713 823 858 873 spesiat,
888 823 973 871 quia
998 822 1152 858 materia
1175 832 1254 857 non
1277 829 1375 856 caret
1396 819 1644 856 ineiinatione
1661 821 1696 856 ὅ(
1718 820 1883 871 appetitu
1905 822 1952 866 ad

346 882 632 918 dissolutionem
652 877 786 915 mundi
811 880 847 914 &
867 875 1173 914 recidivationem
1201 877 1239 911 in
1262 873 1356 910 illud
1377 873 1488 911 chaos
1510 873 1721 922 antiquum,
1758 873 1826 912 nisi
1850 887 1952 925 prae-

348 935 466 973 valida
485 947 613 972 reruni
637 933 842 971 concordia
868 932 946 982 (per
969 943 1140 969 amorem
1160 928 1230 967 sive
1255 929 1487 979 Cupidinem
1510 926 1724 978 significata)
1749 931 1892 968 malitia
1913 933 1954 977 &

349 993 511 1042 impetus
537 990 613 1033 ejus
635 989 887 1035 cohiberetur,
925 990 962 1025 ὃ(
984 988 1024 1024 in
1052 986 1229 1024 ordinem
1251 985 1554 1033 compelleretur.
1609 985 1738 1033 Itaque
1762 985 1870 1023 bono
1892 987 1952 1031 ad-

350 1046 511 1083 modum
542 1045 744 1081 hominum
767 1046 803 1080 5<
824 1055 949 1080 retum
977 1042 1057 1079 fato
1076 1041 1130 1087 fit,
1170 1041 1241 1087 (vel
1262 1042 1387 1089 potius
1413 1038 1596 1076 immensa
1621 1039 1792 1078 bonitate
1811 1041 1951 1093 divina)

350 1111 392 1138 ut
420 1102 497 1137 Pan
525 1099 617 1136 illud
646 1110 837 1136 certamen
866 1097 1060 1135 adversum
1091 1097 1310 1146 experiatur,
1355 1097 1390 1131 &
1421 1095 1537 1131 vitius
1566 1093 1746 1133 abscedat.
1804 1095 1954 1135 Eodem

348 1155 497 1205 prorsus
525 1153 686 1205 pertinet
713 1153 863 1190 &illud
887 1153 933 1189 de
959 1153 1149 1201 Typhone
1168 1153 1208 1187 in
1234 1151 1373 1187 retibus
1402 1150 1608 1198 implicato,
1647 1153 1733 1201 quia
1761 1161 1955 1200 utcunque

346 1210 551 1258 aliquando
571 1209 654 1245 vasti
673 1210 708 1245 δε
733 1207 878 1244 insoliti
894 1219 1020 1244 rerum
1042 1217 1210 1243 tumores
1225 1204 1306 1251 sint,
1337 1205 1393 1254 (id
1416 1205 1521 1253 quod
1547 1205 1714 1255 Typhon
1737 1205 1860 1256 sonat)
1881 1205 1954 1246 sive

346 1264 597 1302 intumescant
618 1264 746 1310 maria,
780 1260 851 1300 five
877 1261 1128 1299 intumescant
1147 1261 1278 1307 nubes,
1306 1257 1377 1297 five
1397 1259 1620 1297 intumescat
1639 1270 1748 1307 terra,
1778 1259 1849 1298 five
1869 1263 1955 1310 alia,

346 1330 474 1356 tamen
490 1330 614 1356 rerum
638 1329 769 1355 natura
784 1317 1000 1363 hujusmodi
1022 1325 1228 1368 corporum
1243 1315 1498 1352 exuberantias
1515 1324 1626 1364 atque
1642 1315 1860 1354 insolentias
1882 1319 1955 1355 reti

345 1373 593 1411 inextricabili
610 1374 777 1424 implicat
795 1375 831 1409 δε
846 1382 1007 1418 coercet,
1037 1374 1074 1409 ὃ(
1088 1372 1205 1409 veluti
1220 1381 1349 1407 catena
1364 1370 1604 1408 adamantina
1618 1370 1798 1414 deviticit.
1885 1411 1888 1413 Α
1937 1416 1939 1421 Ι

398 1431 539 1481 QUOD
560 1440 686 1465 autem
706 1429 881 1465 inventio
906 1427 1057 1464 Cereris
1081 1425 1169 1464 huic
1192 1425 1265 1462 deo
1286 1425 1520 1472 attribuatur,
1558 1425 1672 1474 idque
1696 1427 1796 1464 inter
1814 1427 1955 1477 venati.-

345 1497 486 1524 onem÷
524 1482 673 1531 reliquis
695 1492 822 1520 autem
844 1481 913 1519 diis
937 1492 1104 1531 negetur,
1143 1479 1228 1518 lieet
1257 1479 1387 1517 sedulo
1409 1481 1686 1529 quaerentibus,
1723 1483 1760 1519 ὅ(
1782 1482 1876 1528 illud
1901 1484 1954 1533 ip-

346 1540 429 1577 sum
452 1539 669 1588 agentibt153
700 1539 893 1575 monitum
917 1536 1028 1574 habet
1047 1547 1181 1574 verum
1200 1535 1409 1573 admodum
1435 1538 1472 1572 &
1490 1536 1678 1585 prudens:v
1706 1535 1779 1574 hoc
1800 1536 1952 1584 scilicet,

348 1607 398 1632 ne
413 1606 539 1631 rerum
555 1593 707 1630 utilium
723 1593 769 1629 ad
783 1594 900 1631 vitam
916 1594 953 1629 δί
976 1593 1120 1629 cultum
1136 1592 1321 1636 inventio,
1350 1603 1371 1627 a
1391 1590 1637 1641 philosophiis
1653 1590 1845 1639 abstractis,
1875 1603 1955 1630 tan-

348 1661 463 1698 quam
478 1647 546 1685 diis
562 1647 776 1695 majoribus,
805 1647 1028 1700 expetitetur,
1048 1647 1135 1684 licet
1150 1645 1239 1683 totis
1253 1646 1393 1683 viribus
1408 1644 1447 1682 in
1463 1646 1556 1683 illud
1572 1646 1693 1697 ipsum
1709 1645 1953 1691 incumbant;

347 1705 410 1742 sed
432 1702 705 1741 tantummodo
727 1716 748 1740 a
770 1705 882 1750 Pane,
912 1702 950 1739 id
975 1702 1023 1739 est
1046 1702 1273 1751 experientia
1296 1699 1424 1750 sagaci,
1455 1703 1492 1738 &
1513 1713 1638 1738 rerum
1661 1703 1795 1741 mundi
1818 1702 1955 1741 notitia

347 1759 566 1799 universali;
604 1770 698 1806 quae
722 1760 837 1796 etiam
858 1757 940 1795 casu
964 1758 1144 1807 quodam,
1180 1768 1222 1793 ac
1241 1756 1359 1794 veluti
1379 1757 1479 1793 inter
1504 1756 1731 1804 venandum,
1769 1758 1808 1795 in
1832 1757 1955 1804 hujus-

347 1816 457 1852 modi
477 1813 627 1852 inventa
643 1814 809 1850 incidere
834 1813 940 1850 solet.
998 1807 1210 1852 Utiliffima
1230 1809 1332 1847 enirn
1348 1823 1517 1860 quaeque
1539 1810 1692 1849 inventa
1706 1810 1955 1864 experientiae

346 1870 544 1915 debentur,
574 1871 610 1905 δε
625 1870 741 1907 veluti
755 1869 911 1905 donaria
926 1869 1108 1918 quaedam
1124 1866 1227 1904 fuere
1243 1864 1326 1904 casu
1340 1864 1378 1902 in
1394 1864 1568 1903 homines
1584 1865 1711 1916 sparsa.

401 1926 554 1961 ILLUD
577 1934 702 1960 autem
726 1922 880 1961 musices
902 1933 1106 1969 certamen,
1136 1921 1285 1969 ejusque
1302 1931 1467 1968 eventus,
1497 1920 1695 1959 salutarem
1716 1921 1865 1961 exhibet
1887 1923 1956 1969 ἀοι

347 1978 518 2025 strinam,
547 1989 659 2026 atque
683 1990 766 2015 cam
792 1991 886 2028 quae
908 1977 1046 2016 rationi
1069 1980 1106 2014 &
1121 1975 1261 2023 judicio
1284 1976 1454 2014 humano
1468 1975 1636 2026 gestienti
1659 1979 1696 2015 &
1712 1977 1747 2015 se
1767 1976 1955 2025 efferenti,

348 2033 555 2072 sobrietatis
577 2034 726 2071 vincula
751 2036 905 2077 injicere
933 2029 1058 2085 possit.
1117 2033 1265 2082 Duplex
1290 2032 1393 2068 enim
1419 2032 1567 2069 videtur
1595 2031 1666 2070 effe
1691 2031 1890 2072 harmonia
1917 2037 1957 2073 &2

349 2088 447 2138 quast
470 2088 617 2135 musica,
646 2090 761 2126 altera
784 2089 981 2139 sapientiae
1001 2089 1162 2135 divinae,
1190 2089 1304 2124 altera
1324 2088 1479 2123 rationis
1499 2087 1695 2124 humanae.
1748 2087 1903 2141 Judieio
1921 2101 1957 2126 e-

347 2147 429 2181 nim
446 2145 626 2190 humano,
657 2156 697 2181 ae
713 2146 828 2181 veluti
845 2145 994 2181 auribus
1009 2144 1244 2188 mortalium,
1273 2141 1541 2179 administratio
1555 2143 1689 2179 mundi
1706 2144 1743 2180 ὃ(
1758 2155 1898 2189 rerum,
1919 2147 1958 2182 δε

349 2201 486 2246 judicia
508 2201 634 2236 divina
650 2198 856 2246 secretiora,
886 2198 1020 2236 sonant
1041 2197 1181 2246 aliquid
1201 2198 1340 2234 durum
1360 2199 1397 2234 ὅ(
1417 2194 1517 2245 quasi
1542 2197 1747 2235 absonum:
1777 2200 1883 2250 Quae
1902 2197 1957 2236 in-

349 2255 451 2293 scitia
466 2256 554 2292 lieet
569 2252 715 2291 asininis
731 2255 880 2291 auribus
895 2253 1033 2291 merito
1048 2251 1279 2302 insigniatur,
1310 2261 1438 2289 tamen
1455 2254 1491 2289 ὅ(
1512 2251 1595 2289 illae
1611 2252 1707 2302 ipsae
1722 2265 1827 2291 aures
1842 2253 1956 2291 seere-

349 2322 392 2347 to
416 2323 497 2348 non
521 2311 644 2361 palam
667 2308 864 2359 gestantur.
923 2310 1062 2358 Neque
1086 2310 1190 2345 enim
1206 2303 1358 2354 hujusce
1379 2309 1433 2344 rei
1453 2307 1672 2345 deformitas
1692 2320 1712 2345 a
1727 2310 1844 2358 vulgo
1865 2321 1956 2347 con-

350 2364 502 2415 spicitur
521 2375 583 2402 aut
598 2375 764 2402 notatur.

403 2422 670 2458 POSTREMO
693 2421 855 2456 minime
881 2419 1021 2456 mirum
1042 2419 1103 2466 est,
1132 2416 1157 2456 fi
1180 2419 1276 2456 nulli
1293 2428 1440 2456 amores
1459 2416 1549 2455 Pani
1564 2418 1827 2464 attribuantur,
1855 2430 1959 2468 prae-

303 2507 309 2509 .
352 2485 407 2512 ter
431 2476 652 2525 coniugium
668 2474 790 2512 Echus
802 2488 813 2516 ς
842 2474 1005 2511 mundus
1021 2476 1125 2510 enim
1146 2473 1181 2511 se
1198 2473 1290 2525 ipso,
1319 2484 1432 2522 atque
1450 2475 1488 2509 iu
1512 2473 1545 2509 se
1562 2473 1668 2510 rebus
1688 2473 1868 2511 omnibus
1884 2474 1957 2512 fru-

351 2532 446 2566 itur:
517 2532 554 2567 ui
577 2540 676 2567 amat
690 2540 819 2567 autem
840 2529 914 2567 frui
937 2530 1029 2576 vult,
1057 2541 1181 2577 neque
1197 2530 1235 2565 in
1256 2530 1366 2580 copia
1380 2526 1563 2564 desiderio
1584 2529 1689 2565 locus
1712 2528 1771 2565 est.
1829 2529 1958 2578 Itaque

352 2586 486 2621 mundi
510 2597 656 2621 amores
680 2585 749 2622 effe
765 2584 858 2622 nulli
882 2584 1045 2636 possunt,
1075 2595 1145 2620 nee
1161 2585 1337 2633 potiundi
1358 2582 1508 2631 cupido,
1539 2583 1640 2629 (cum
1657 2582 1782 2635 seipse
1800 2594 1957 2630 conten-

351 2649 412 2676 tus
435 2637 489 2686 fit)
508 2637 573 2675 nisi
596 2640 742 2677 fortasse
758 2652 905 2677 amores
930 2639 1124 2676 sermonis.
1181 2640 1210 2675 li
1235 2637 1318 2674 sunt
1335 2637 1501 2686 nympha
1516 2638 1634 2684 Eeho,
1664 2650 1721 2674 res
1743 2649 1824 2676 non
1842 2637 1958 2678 solida

354 2694 413 2730 sed
438 2695 600 2734 vocali33
629 2705 690 2732 aut
717 2693 740 2731 fi
764 2693 1008 2732 accuratiores
1029 2691 1111 2739 lint,
1141 2692 1287 2742 syringa
1307 2693 1461 2742 quando
1486 2691 1624 2729 scilicet
1644 2693 1755 2730 verba
1779 2695 1815 2730 δε
1834 2705 1957 2740 voces,

352 2750 518 2786 numetis
532 2748 750 2796 quibusdam
767 2747 837 2787 sive
856 2750 1025 2799 po‘e'ticis,
1054 2747 1125 2785 five
1140 2746 1325 2794 oratoriis,
1355 2749 1392 2784 δ(
1407 2759 1585 2796 tanquam
1602 2748 1874 2795 modulamine,
1904 2761 1958 2786 re-

351 2813 503 2852 guntur.
561 2805 660 2839 Inter
685 2803 874 2841 sermones
896 2814 1022 2842 autem
1042 2801 1113 2840 five
1136 2814 1246 2840 voces
1272 2803 1495 2839 excellenter
1517 2803 1561 2839 ad
1582 2803 1801 2851 conjugium
1823 2805 1958 2841 mundi

349 2858 508 2896 sumitur
531 2856 607 2894 sola
630 2858 757 2895 Echo:
786 2861 838 2897 Ea
858 2861 961 2897 enim
983 2859 1140 2896 demum
1159 2869 1244 2896 vera
1259 2857 1307 2894 est
1329 2856 1578 2909 philosophia,
1607 2869 1701 2906 quae
1725 2858 1858 2895 mundi
1881 2855 1960 2908 ipsi.-

355 2926 397 2951 us
420 2924 531 2950 voees
556 2909 765 2950 fitlelissinie
793 2914 927 2962 reddit,
957 2916 994 2951 ὃ(
1022 2914 1136 2950 veluti
1160 2913 1322 2949 distante
1347 2914 1494 2950 mundo
1518 2912 1727 2963 conscripta
1747 2911 1817 2953 est3
1847 2915 1883 2951 ὅ(
1904 2913 1959 2951 ni-

354 2968 409 3006 hil
431 2967 531 3004 aliud
558 2967 605 3003 est
620 2979 731 3017 quam
757 2969 922 3011 ejusdem
940 2967 1201 3006 simulachrum
1230 2969 1266 3004 δε
1287 2967 1464 3008 reflexim
1493 2979 1615 3016 neque
1631 2967 1733 3004 addit
1757 2966 1959 3017 quiequam

352 3024 400 3061 de
425 3023 593 3073 proprio,
637 3021 697 3058 sed
723 3033 869 3060 tantum
890 3023 995 3061 iterat
1021 3026 1057 3060 δε
1083 3022 1240 3060 resonat.
1300 3023 1404 3061 Nam
1429 3023 1532 3071 quod
1559 3024 1686 3060 lunam
1703 3023 1780 3060 Pan
1805 3024 1845 3059 in
1869 3023 1959 3060 altas

353 3078 469 3128 sylvas
498 3077 701 3126 aliquando
729 3076 935 3126 sevocass‘et,
977 3079 1123 3122 videtur
1156 3078 1343 3128 pertinere
1375 3077 1420 3113 ad
1448 3076 1685 3127 congtefl'um
1715 3075 1837 3116 sensus
1870 3069 1959 3115 cuni

1854 3133 1963 3170 rebus

1937 3251 1964 3297 3
