2040 3439
106 255 311 318 Capzm.
384 254 487 298 DE
534 255 1052 312 AUGMENTIS
1080 259 1670 310 SCIENTIARUM.

106 371 122 391 ,⁴
156 342 303 397 Aphas.
334 354 399 395 43.
431 344 474 380 M
489 356 547 381 Ax
563 356 576 381 1
593 356 663 382 ME
693 348 869 383 omniurn
886 346 1029 386 interest
1043 349 1275 388 certitudinis
1288 352 1414 401 legum
1446 352 1591 405 (dequa
1605 366 1708 392 nunc

101 398 277 450 agimus)
308 411 356 436 ne
384 397 505 436 curiae
536 402 738 451 praetoriae
755 402 1004 440 intumescant
1022 405 1058 440 ὃς
1081 406 1270 443 exundent
1287 407 1326 443 in
1349 416 1510 455 tantum,
1540 419 1580 446 ut
1604 421 1703 458 prae—

104 465 203 493 textu
219 455 350 503 rigoris
368 455 492 502 legum
513 453 716 502 mitigandi,
745 455 858 494 etiam
883 457 1000 495 robur
1015 460 1051 495 ὃς
1067 471 1202 498 nervos
1224 460 1265 497 iis
1291 461 1459 501 incidant
1481 473 1543 500 aut
1559 465 1703 505 laxent3

106 511 234 548 omnia
249 509 435 546 trahendo
459 508 502 544 ad
524 509 731 547 arbitrium.

156 561 301 615 Aphor.
318 573 383 612 44.
404 565 438 622 D
450 575 470 599 E
482 575 642 601 CERNE
654 576 743 602 Nm
769 577 900 603 contra
916 566 1089 606 statutum
1100 569 1315 618 expressum,
1337 570 1401 607 sub
1417 573 1496 608 ullo
1510 573 1703 621 aequitatis

102 628 305 670 praetextu,
334 620 442 654 curiis
472 619 663 666 praetoriis
690 621 746 664 jus
769 633 816 657 nc
840 622 925 658 esto.
984 624 1068 659 Hoc
1097 626 1199 660 enim
1217 622 1241 660 si
1264 624 1379 672 ficret,
1407 626 1520 671 judex
1546 628 1695 676 prorsus

104 671 269 713 transiret
289 671 327 709 in
344 672 431 722 legis
452 674 622 720 latorem,
652 684 761 723 atque
777 675 904 712 onmia
919 689 961 713 ex
977 677 1131 715 arbitrio
1155 679 1373 730 penderent.

102 762 106 765 .
155 726 303 780 Aphor.
321 737 388 776 45.
419 727 561 765 APUD
590 731 797 768 nonnullos
822 741 1011 780 receptum
1027 732 1087 779 est,
1116 743 1158 770 ut
1180 732 1397 780 jurisdictio,
1426 746 1518 783 quae
1533 736 1700 775 decernit

103 783 308 821 fecundum
337 795 497 830 aequum
534 785 569 818 δε
601 784 758 831 bonum,
786 795 896 832 atquc
926 787 988 822 illa
1016 788 1140 833 altera,
1170 800 1264 835 quac
1295 787 1462 836 procedit
1493 789 1698 828 secundum

102 840 159 885 jus
176 836 351 883 strictum,
380 837 511 874 iisdem
541 837 646 874 curiis
674 840 920 888 deputentur:
949 841 1047 891 apud.
1067 843 1159 879 alios
1174 853 1300 878 autem
1323 853 1363 879 ut
1386 842 1549 881 diversis:
1579 845 1700 883 omni-

102 905 157 931 no
175 894 292 943 placet
307 890 492 929 curiarum
527 891 718 941 separatio.
775 896 912 942 Neque
932 896 1036 932 enim
1062 895 1262 933 servabitur
1286 896 1468 934 distinctio
1485 898 1644 948 casuum,
1674 898 1700 937 si

102 947 163 986 fiat
183 948 411 984 commixtio
439 946 758 991 jurisdictionum:
792 949 863 986 Sed
889 947 1084 986 arbitrium
1100 951 1223 999 legem
1239 951 1393 988 tandem
1413 953 1544 990 trahet.

102 1019 129 1035 ,ς
156 999 303 1054 Aphor.
332 1002 398 1050 46.
429 1003 549 1040 NON
576 1000 650 1040 sine
684 1003 786 1041 causa
822 1002 861 1040 in
890 1003 998 1041 usum
1035 1015 1183 1042 venerat
1212 1007 1309 1057 apud
1342 1008 1541 1044 Romanos
1569 1008 1697 1047 album

103 1055 292 1107 praetoris,
323 1057 363 1093 in
397 1069 475 1105 quo
495 1056 717 1107 praescripsit
733 1061 767 1095 ὃ(
787 1057 985 1110 publicavit
1009 1061 1209 1107 quomodo
1236 1060 1310 1111 ipse
1335 1061 1390 1106 jus
1413 1062 1576 1100 dic'turus
1599 1063 1697 1102 effer.

102 1113 193 1164 Quo
208 1112 381 1162 exemplo
409 1111 547 1156 judices
560 1109 599 1148 in
618 1114 729 1149 curiis
753 1112 956 1162 praetoriis,
987 1116 1130 1163 regulas
1155 1113 1218 1151 sibi
1247 1125 1362 1153 certas
1392 1115 1593 1166 (quantum
1617 1118 1698 1156 fieri

102 1164 237 1216 potest)
266 1178 488 1216 proponere,
518 1165 647 1214 easque
670 1168 814 1218 publice
841 1164 988 1216 affigere
1024 1169 1171 1206 debent.
1232 1171 1384 1207 Etenim
1406 1171 1550 1223 optima
1564 1173 1612 1209 est
1627 1175 1694 1220 lex,

102 1233 199 1313 {guae
230 1220 436 1258 minimum
472 1221 646 1271 relinquit
682 1223 838 1260 arbitrio
869 1221 1015 1268 judicis;
1044 1227 1208 1273 optimus
1237 1225 1359 1272 judex,
1398 1226 1461 1275 qui
1493 1226 1698 1265 minimum

120 1276 182 1313 ibi.

155 1332 345 1369 VERUM
372 1330 419 1365 de
447 1328 552 1365 curiis
574 1329 644 1366 issis
666 1329 775 1367 fusius
797 1331 1045 1377 tractabimus,
1075 1344 1162 1369 curn
1185 1333 1230 1370 ad
1256 1335 1385 1372 locum
1409 1334 1455 1372 dc
1478 1334 1619 1380 judiciis
1633 1348 1691 1375 ve-

102 1386 271 1426 niemus;
322 1384 444 1421 obiter
465 1395 612 1421 tantum
632 1386 706 1430 jam
735 1384 850 1422 locuti
878 1387 924 1423 de
939 1385 992 1434 iis,
1020 1398 1200 1435 quatenus
1228 1388 1422 1439 expediant
1450 1390 1693 1442 &suppleant

101 1438 234 1478 omissa
258 1451 279 1476 a
295 1439 387 1488 lege.

626 1519 699 1559 De
714 1519 1003 1574 retrospec‘Jione
1036 1520 1173 1576 legum.

96 1625 112 1632 ,,
154 1595 302 1652 Aphor.
322 1608 388 1648 47.
418 1599 512 1634 EST
542 1601 578 1635 &
611 1598 708 1636 aliud
732 1611 848 1647 genus
879 1599 1123 1650 supplementi
1150 1599 1301 1638 casuum
1329 1600 1561 1648 omissorum,
1600 1613 1688 1640 cum

100 1653 164 1692 lex
190 1655 312 1704 legem
341 1652 558 1702 supervenit,
587 1666 696 1702 atque
717 1652 823 1690 simul
851 1654 950 1691 casus
978 1653 1129 1691 omissos
1155 1656 1279 1693 trahit.
1337 1656 1377 1693 Id
1405 1655 1445 1693 fit
1466 1657 1505 1694 in
1532 1657 1688 1705 legibus,

101 1706 173 1748 five
207 1708 342 1747 statutis
370 1720 463 1755 quac
497 1707 769 1760 retrospiciunt,
808 1719 848 1746 ut
873 1710 989 1758 vulgo
1017 1711 1242 1760 loquuntur:
1280 1710 1397 1756 Cujus
1423 1709 1564 1760 generis
1590 1712 1690 1760 leges

101 1776 197 1811 raro,
227 1766 262 1800 &
288 1775 422 1813 magna
447 1775 534 1800 cum
554 1763 726 1801 cautione
747 1763 830 1801 sunt
851 1763 1095 1801 adhibendae:
1125 1777 1246 1814 neque
1262 1767 1366 1803 enim
1380 1766 1499 1816 placet
1514 1765 1631 1818 Janus
1653 1765 1693 1803 in

102 1819 259 1869 legibus.

155 1871 304 1925 Aphor.
320 1872 386 1921 48.
416 1874 517 1924 QU1
546 1873 652 1909 verba
686 1883 747 1910 aut
774 1872 997 1911 sententiam
1027 1875 1116 1924 legis
1143 1875 1316 1923 captione
1346 1876 1383 1912 ὅ(
1415 1874 1545 1912 fraude
1573 1875 1692 1912 eludit

103 1930 143 1966 &
166 1927 447 1973 circumscribit,
476 1929 610 1977 dignus
636 1927 684 1964 est
709 1926 772 1978 qui
806 1929 919 1964 etiam
942 1942 962 1965 a
992 1930 1073 1979 lege
1101 1929 1276 1979 sequente
1303 1928 1516 1967 innodetur.
1572 1930 1689 1978 Igitur

102 1984 146 2023 in
172 1981 308 2021 casibus
335 1982 471 2020 fraudis
501 1985 537 2020 ὅ(
566 1981 742 2020 evasionis
778 1982 929 2019 dolosae
962 1984 1095 2029 iustum
1124 1984 1183 2030 est,
1221 1994 1260 2021 ut
1294 1984 1392 2033 leges
1424 1982 1694 2034 retrospiciant‚

101 2048 214 2086 atque
237 2039 369 2075 alterae
391 2039 514 2074 alteris
534 2038 574 2074 in
598 2035 757 2074 subsidiis
785 2035 871 2078 sint;
902 2048 942 2074 ut
965 2040 1028 2089 qui
1054 2038 1164 2075 dolos
1188 2037 1387 2075 meditatur
1404 2040 1438 2076 δε
1462 2036 1692 2075 eversionem

95 2094 232 2142 legum
259 2091 518 2144 praesentium,
548 2091 675 2128 saltem
704 2104 723 2129 a
750 2091 882 2129 futuris
903 2103 1054 2130 metuat.

154 2144 301 2199 Aphor.
317 2157 382 2196 49.
413 2148 562 2184 LEGEs
590 2159 682 2195 quae
718 2148 885 2184 aetorum
908 2150 944 2185 ὅ(
967 2147 1301 2184 instrumentorum
1333 2159 1433 2185 veras
1462 2145 1692 2184 intentiones

102 2212 234 2239 contra
249 2202 498 2239 formularum
518 2212 579 2238 aut
592 2200 856 2238 solennitatum
877 2202 1039 2239 defectus
1054 2203 1235 2239 roborant
1252 2205 1287 2239 ὅ(
1303 2202 1541 2247 confirmant,
1570 2200 1688 2238 restis-

102 2254 192 2294 fime
225 2258 418 2308 praeterita
445 2257 765 2304 complestuntur:
802 2257 910 2305 Legis
938 2259 1054 2302 enim,
1082 2269 1175 2304 quac
1207 2255 1425 2305 retrospicit,
1462 2255 1594 2294 vitium
1633 2256 1692 2293 vel

101 2312 341 2362 praecipuum
363 2311 422 2357 est,
450 2311 552 2358 quod
567 2311 768 2359 perturber.
823 2310 880 2346 At
900 2310 1111 2355 hujusmodi
1135 2312 1232 2359 leges
1259 2310 1561 2347 confirmatoriae
1576 2310 1621 2346 ad
1635 2322 1693 2361 pa·

102 2377 187 2404 cem
203 2368 239 2402 ὅ(
253 2364 541 2402 stabilimentum
557 2377 701 2410 eorum,
730 2376 822 2413 quac
842 2365 1017 2402 transacta
1037 2365 1132 2412 sunt,
1163 2365 1334 2416 spectant.
1397 2366 1620 2402 Cavendum
1639 2375 1690 2401 ta·

103 2432 194 2458 men
219 2420 278 2466 est,
308 2433 353 2456 ne
376 2421 634 2457 convellantur
649 2431 703 2455 res
719 2420 911 2465 judicatae.

156 2473 303 2527 Aphor.
338 2486 398 2523 50.
429 2475 464 2511 D
476 2485 490 2511 1
504 2486 553 2511 L1
568 2486 592 2511 G
604 2485 661 2510 EN
678 2486 701 2510 T
714 2486 770 2511 ER
800 2475 1082 2520 attendendum,
1112 2485 1159 2510 ne
1175 2485 1237 2510 eae
1256 2474 1354 2522 leges
1368 2483 1516 2511 tanturn
1535 2473 1580 2510 ad
1596 2484 1693 2522 prae-

103 2528 209 2567 terita
237 2528 412 2581 respicere
440 2539 629 2580 putentur,
658 2541 751 2577 quac
779 2530 942 2565 anteaCm
969 2529 1175 2566 infirmant:
1207 2527 1266 2564 sed
1293 2530 1330 2565 ὅ(
1358 2540 1420 2565 eac
1449 2539 1542 2576 quae
1570 2527 1694 2565 futura

103 2583 302 2634 prohibent
315 2586 348 2620 ὃς
362 2583 596 2632 restringunt,
623 2596 711 2620 cum
723 2583 926 2632 praeteritis
942 2584 1139 2621 ncccss'ario
1154 2595 1330 2620 connexa.
1388 2583 1529 2629 Veluti,
1559 2580 1583 2618 si
1599 2594 1692 2630 quae

103 2640 161 2676 lex
181 2638 379 2676 artificibus
401 2637 582 2685 aliquibus
604 2637 809 2684 interdicat,
839 2651 886 2675 nc
902 2638 1148 2675 mercimonia
1164 2636 1223 2673 sua
1239 2635 1275 2673 in
1291 2634 1475 2686 posterum
1509 2638 1691 2674 vendant:

104 2693 193 2731 haec
207 2693 312 2731 sonat
336 2692 373 2729 in
398 2692 596 2741 posterum,
626 2692 684 2729 sed
714 2703 885 2741 operatur
908 2695 948 2730 in
979 2695 1238 2744 praeteritum:
1268 2694 1402 2740 Neque
1417 2693 1521 2729 enim
1535 2690 1606 2728 illis
1625 2691 1692 2728 alia

105 2749 250 2786 ratione
265 2748 401 2785 vicium
417 2759 590 2794 quaerere
607 2748 680 2791 jam
696 2749 886 2796 integrum
918 2747 976 2784 est.

157 2801 304 2854 Aphor.
328 2814 387 2851 51.
417 2804 510 2838 Lssx
533 2800 770 2838 declaratoria
795 2803 932 2847 omnis,
963 2803 1047 2838 licet
1070 2814 1150 2838 non
1175 2801 1284 2838 habet
1312 2802 1421 2838 verba
1448 2800 1495 2837 de
1519 2799 1688 2850 praeteri-

104 2866 160 2903 to,
187 2868 312 2895 tamen
338 2858 381 2893 ad
399 2857 602 2905 praeterita,
631 2855 702 2904 ipsa
722 2855 756 2892 vi
771 2855 1036 2902 declarationis,
1067 2854 1228 2893 omnino
1250 2855 1418 2893 trahitur.
1473 2857 1568 2893 Non
1585 2854 1687 2892 enim

106 2922 187 2949 tum
204 2914 332 2961 incipit
354 2911 609 2962 interpretatio
629 2923 715 2947 cum
731 2911 949 2958 declaratur,
978 2910 1038 2947 scd
1058 2907 1216 2948 efficitur
1235 2921 1412 2958 tanquam
1436 2921 1693 2962 contempora-

106 2977 175 3003 nea
191 2965 252 3016 ipsi
269 2965 350 3015 legi.
408 2968 535 3013 Iraque
563 2967 658 3014 leges
678 2965 933 3003 declaratorias
960 2978 1008 3004 ne
1039 2966 1227 3015 ordinato,
1256 2963 1324 3003 nisi
1337 2966 1378 3004 in
1406 2964 1541 3004 casibus
1567 2964 1628 3002 ubi
1642 2965 1691 3000 le-

105 3032 168 3070 ges
189 3032 276 3058 cum
292 3019 421 3068 justitia
444 3019 681 3070 retrospicere
697 3016 847 3072 possinr.

1598 3127 1690 3164 H1c

1782 281 1877 329 253
