2040 3439
64 184 282 250 caspuli.
339 184 438 232 DE
476 175 1000 230 AUGMENTIS
1051 185 1684 236 SCIENTIARUM.

67 286 272 340 pliffimum
289 287 436 326 virtutis
453 288 661 337 praemium
678 285 719 323 fit
735 285 807 335 ipsa
826 288 942 326 virtus
963 302 974 330 ς
1001 289 1327 340 quemadmodum
1344 290 1379 327 &
1400 291 1582 328 ultimum
1597 293 1677 331 vitii

67 343 288 396 supplicium
303 341 352 379 cst
370 342 504 381 vitium
526 340 647 390 ipsum
669 355 679 382 3
707 340 796 379 ficut
817 343 962 392 egregie
982 355 1093 393 poeta
1111 358 1118 380 ε

341 435 460 491 Qae
474 434 597 485 vohis,
619 450 716 490 qaae
730 436 859 490 digna,
889 440 984 487 viri,
1000 449 1073 492 pro
1088 438 1265 480 laudibus
1279 438 1363 492 istis

340 490 640 545 ‘Praemiapoffe
654 493 858 545 warsblvi
874 492 895 532 ,Ρ
949 493 1224 533 Pulcherrima
1229 497 1402 549 primum

339 545 424 585 Da·
437 546 627 600 morescffle
640 545 787 586 dabunt
805 546 936 599 vestri.

65 621 113 666 Et
133 633 153 658 e
168 628 301 658 contra
322 631 403 656 non
423 621 549 657 minus
577 634 665 658 vere
686 622 750 658 illc
770 622 817 659 de
842 621 1034 669 sceleratis,
1063 629 1182 676 atque
1200 635 1284 661 eum
1302 622 1534 671 ulcisc'·entur
1548 639 1669 671 mores

55 673 134 728 fili.
189 673 409 727 Qinctiam
433 677 626 723 mortales,
654 677 746 713 dum
763 678 803 713 in
816 688 950 714 omnes
970 687 1091 727 partes
1111 678 1357 728 cogitationes
1373 671 1454 717 'suas
1470 684 1611 731 agitant
1630 687 1667 722 δε

65 728 296 776 diffundunt,
331 740 373 767 ut
396 729 560 767 fortunis
582 731 652 768 suis
681 732 780 768 reste
799 731 1037 783 prospectum
1064 742 1174 784 atque
1191 733 1407 771 consultum
1433 733 1486 782 fit,
1515 736 1669 776 interim

65 787 107 824 iu
125 785 258 823 mediis
278 785 352 822 illis
383 786 502 821 animi
518 784 782 823 transcurlibus
803 787 848 824 ad
877 787 1005 824 divina
1028 787 1169 833 judicia
1196 790 1233 826 &
1261 788 1533 840 providentiam
1555 804 1670 830 aeter-

65 850 155 883 nam
175 841 309 878 oculos
337 841 508 877 attollere
530 841 696 882 debent3
724 853 818 889 quae
853 837 1059 892 saepissime
1092 841 1298 894 impiorum
1319 843 1614 884 machinationes
1633 851 1670 886 ὅ(

65 893 217 933 consilia
251 897 372 944 prava,
413 893 498 932 licet
518 896 715 945 profunda,
750 895 930 932 subvertit
955 898 992 932 δε
1017 896 1062 933 ad
1093 895 1256 934 nihilum
1276 896 1433 947 redigit3
1464 899 1691 941 secundum«

14 995 16 998 y
65 949 160 989 illud
190 949 401 1000 seripturae‚
443 948 625 1002 Concepit
647 949 909 1003 iniquitatem,
949 946 998 992 (sy
1021 951 1152 1002 pariet
1181 951 1416 990 vanitatem.
1472 956 1568 1001 Imo,
1606 955 1671 994 etst

65 1003 208 1050 iniuriis
228 1007 263 1042 δε
288 1003 395 1041 malis
416 1004 556 1042 artibus
583 1003 786 1042 abstineant
807 1019 816 1045 ,ς
847 1016 1015 1042 attamen
1035 1005 1125 1043 hacc
1151 1006 1245 1055 iugis
1265 1009 1301 1044 <Se
1330 1008 1528 1059 irrequieta
1560 1011 1670 1048 anhe—

65 1059 157 1100 latio
177 1060 224 1097 ad
243 1060 360 1097 ardua
376 1060 563 1106 fortunae,
602 1059 737 1108 absque
758 1059 967 1105 cessatione,
1008 1063 1045 1098 δε
1065 1059 1165 1110 quafi
1189 1059 1265 1098 sine
1294 1061 1456 1109 labb-ato,
1482 1065 1669 1103 tributum

65 1113 247 1165 t'cmporis
263 1115 376 1152 nostri
395 1116 483 1152 Deo
502 1115 673 1153 debitum
694 1114 852 1152 minime
874 1115 981 1152 solvit
999 1129 1007 1151 :
1036 1115 1124 1169 Qui,
1153 1126 1195 1154 ut
1208 1116 1334 1155 videre
1353 1118 1413 1165 est,
1446 1118 1668 1158 facultatum

66 1170 276 1208 nostrarum
296 1169 471 1216 decimas,
499 1169 680 1219 temporis
706 1180 833 1207 autem
850 1169 1033 1222 septimas,
1064 1169 1178 1220 exigit
1203 1173 1240 1209 δε
1266 1169 1330 1208 fibi
1346 1171 1505 1224 seponit.
1542 1176 1667 1228 Qior-

65 1225 149 1262 sum
166 1226 271 1263 enim
291 1223 415 1271 fuerit,
443 1237 485 1262 os
507 1237 634 1274 gerere
657 1224 696 1261 in
716 1223 812 1261 coeli
834 1225 1009 1263 sublimia
1028 1226 1218 1266 ereetum3
1247 1238 1420 1264 mentem
1448 1241 1539 1266 vero
1558 1230 1665 1268 humi

47 1323 50 1326 Α
67 1278 296 1334 prostratam,
333 1282 369 1317 &
389 1281 582 1329 pulverem
598 1278 704 1320 instar
724 1278 902 1331 serpentis
919 1280 1186 1319 comedentem
1203 1284 1216 1321 Ξ
1269 1282 1387 1334 Quod
1406 1281 1520 1320 etiam
1548 1284 1668 1322 ethni·

68 1339 132 1373 cos
151 1346 234 1373 non
253 1333 348 1384 fugit
367 1349 374 1372 ε

338 1429 476 1485 Atque
494 1428 622 1485 affigit
643 1431 755 1471 hamo
770 1431 933 1472 divinae
941 1431 1183 1485 particulam
1197 1445 1326 1475 aurae.

64 1499 182 1560 Qo'd
203 1501 282 1542 siin
301 1503 374 1541 hoe
392 1501 457 1540 fibi
478 1504 673 1553 quisquam
686 1504 954 1552 adblandiatur,
977 1505 1081 1556 quod
1096 1505 1251 1542 fortuna
1264 1505 1337 1553 sua,
1372 1515 1563 1555 uteunque
1583 1519 1667 1545 eam

69 1559 176 1611 malis
199 1560 343 1598 artibus
361 1557 577 1606 obtinuerit,
605 1560 702 1597 redte
722 1558 777 1598 uti
802 1560 1034 1601 decreverit;
1062 1558 1152 1598 ficut
1179 1560 1227 1597 de
1252 1560 1424 1610 Augusto
1446 1561 1600 1599 Caesare
1629 1566 1666 1600 ὅ(

67 1613 251 1667 Septimio
272 1615 410 1652 Severo
443 1613 597 1651 solitum
631 1624 708 1652 erat
728 1613 812 1661 diei,
836 1615 998 1652 debuisse
1024 1614 1121 1662 illos,
1151 1624 1213 1653 aut
1247 1628 1443 1664 nunquam
1464 1615 1573 1664 nasci,
1602 1629 1665 1654 aut

65 1673 262 1721 nunquam
283 1670 384 1706 mori
406 1682 416 1709 5
445 1670 609 1719 tantajn
638 1668 782 1707 ambitu
802 1669 976 1707 fortunae
1006 1668 1090 1707 suae
1117 1680 1310 1720 patrarunt
1325 1672 1434 1718 mala,
1462 1682 1565 1708 tanta
1592 1685 1667 1709 rur-

65 1723 124 1763 sus‘
152 1724 298 1763 summa
328 1722 462 1775 adepti,
491 1725 737 1763 contulerunt
767 1725 888 1762 bona:
930 1723 1112 1774 intelligat
1143 1723 1390 1762 nihilominus
1424 1726 1520 1763 hanc
1549 1729 1665 1764 malo-

67 1790 153 1831 rum
168 1791 232 1832 per
257 1780 357 1817 bona
379 1778 729 1828 compensationem
757 1781 837 1829 post
856 1779 996 1817 fastum
1009 1780 1185 1830 probari3
1213 1778 1412 1818 confilium
1441 1790 1570 1819 autem
1599 1782 1665 1818 hu-

67 1824 230 1880 jusmodi
244 1836 385 1871 merito
412 1834 594 1871 damnari.
651 1836 780 1872 Absre
800 1833 991 1885 postremo
1009 1832 1118 1873 nobis
1145 1847 1228 1872 non
1259 1835 1384 1881 fuerit,
1416 1834 1453 1873 in
1470 1835 1576 1873 eursu
1598 1836 1664 1874 isto

66 1888 224 1927 incitato
243 1891 280 1926 &
298 1888 457 1935 fervidO,
488 1889 610 1926 versus
643 1889 835 1926 fortunam
862 1889 1039 1937 nostram,
1067 1888 1239 1939 frigidam
1265 1889 1443 1939 paulisper
1462 1890 1663 1940 aspergere,

64 1943 227 1983 haustam
244 1956 263 1981 e
278 1943 434 1981 dicterio
449 1944 518 1980 illo
533 1956 613 1981 non
633 1943 844 1993 inelegante
867 1945 998 1982 Caroli
1019 1943 1151 1997 Quinti
1166 1944 1412 1994 imperator-ig
1443 1944 1480 1982 in
1497 1944 1663 1983 instituti-

63 2000 201 2037 onibus
225 1998 293 2036 suis
316 1999 360 2036 ad
377 1997 496 2036 filium
520 2013 527 2035 :
558 2001 699 2036 Imitari
719 1999 915 2036 fortunam
930 2011 1057 2036 mores
1079 1997 1295 2046 mulierum,
1319 2011 1414 2047 quae
1429 2012 1562 2049 procos
1581 2002 1663 2050 plus

64 2055 191 2092 nimio
206 2052 421 2100 ambientes,
450 2054 658 2106 plerunque
693 2054 847 2106 superbe
871 2053 1094 2091 aversantur.
1152 2055 1298 2092 Verum
1315 2054 1388 2090 hoe
1409 2056 1589 2092 ultimum
1609 2067 1664 2092 re-

65 2109 237 2146 medium
250 2110 414 2159 pertinet
443 2108 487 2145 ad
504 2121 581 2156 eos,
611 2109 745 2157 quibus
760 2108 882 2158 gustus
911 2121 954 2145 ex
973 2110 1112 2146 morbo
1128 2106 1244 2146 animi
1273 2120 1467 2158 corruptus
1489 2110 1546 2146 est.
1607 2112 1664 2147 ln-

64 2166 234 2202 nitantur
254 2165 381 2213 potius
397 2163 572 2201 homines
587 2163 698 2215 lapidi
719 2165 786 2210 illi,
816 2165 881 2214 qui
928 2163 1143 2213 theologiae
1171 2165 1206 2200 δί
1229 2163 1487 2215 philosophiae
1512 2164 1560 2200 est
1585 2174 1663 2201 tan-

67 2230 180 2267 quam
203 2220 412 2268 angulari53
441 2231 535 2269 quae
552 2218 653 2255 idem
678 2219 754 2256 fere
770 2218 927 2255 afferunt
942 2219 988 2255 de
1012 2231 1071 2265 co,
1101 2219 1205 2269 quod
1233 2220 1399 2267 primum
1414 2221 1541 2266 quaeri
1557 2219 1664 2257 debe-

65 2284 102 2311 at
125 2288 132 2309 :
165 2272 314 2310 Etenim
325 2272 516 2322 theologia
535 2272 645 2310 edicit
670 2286 680 2314 3
708 2271 888 2310 ‘Primum
897 2273 1071 2324 quaerite
1090 2284 1244 2323 regnum
1259 2270 1360 2319 Dei,
1394 2269 1440 2315 όν
1454 2271 1525 2323 ssa
1539 2274 1665 2311 omnia

65 2325 304 2382 adjicientur
319 2325 440 2365 vobis.
499 2326 735 2377 Philosophia
753 2337 880 2364 autem
896 2326 1010 2364 {imile
1023 2328 1200 2376 quiddam
1216 2328 1319 2373 jubet
1337 2341 1345 2364 :
1374 2327 1541 2365 Primum
1557 2340 1664 2375 quac-

66 2385 141 2421 rite
166 2383 266 2420 bona
293 2381 423 2430 animi,
457 2393 598 2420 caetera
633 2393 694 2419 aut
718 2383 890 2428 aderunt,
918 2392 981 2420 aut
1005 2394 1086 2419 non
1109 2383 1285 2419 oberunt.
1342 2383 1523 2433 Quamvis
1536 2393 1665 2420 autem

67 2437 141 2475 hoe
161 2437 463 2484 fundamentum,
476 2438 692 2475 humanitus
713 2438 862 2482 jactum,
879 2437 1071 2474 interdum
1084 2437 1230 2473 locetur
1245 2435 1349 2486 super
1369 2449 1514 2478 arenas;
1535 2449 1664 2485 quem-

66 2493 276 2530 admodum
296 2493 421 2529 videre
447 2493 494 2530 cst
525 2494 566 2529 in
589 2492 645 2528 M.
668 2492 798 2539 Bruto,
832 2490 896 2541 qui
924 2493 965 2529 in
985 2503 1068 2528 eam
1093 2502 1240 2538 vocem,
1270 2491 1335 2528 sub
1364 2493 1506 2529 exitum
1541 2491 1663 2540 lirum,

69 2558 260 2600 prorupit:

332 2640 387 2682 Te
411 2642 520 2691 colui,
555 2644 701 2691 virtus,
728 2648 773 2680 ut
802 2655 902 2681 rem.-
930 2640 986 2694 ast
1002 2650 1045 2681 tu
1060 2654 1191 2682 nomen
1219 2644 1334 2681 inane
1349 2655 1399 2681 es.

69 2721 124 2758 At
147 2717 249 2757 idem
263 2717 569 2764 fundamentum,
607 2718 784 2757 divinitus
801 2719 984 2763 locatum,
1014 2716 1181 2755 firmatur
1202 2717 1346 2770 semper
1363 2721 1402 2756 in
1421 2728 1535 2771 petra.
1592 2721 1663 2757 Hie

69 2784 194 2813 autem
217 2771 423 2810 doeirinam
448 2773 494 2809 de
509 2774 652 2811 ambitu
670 2775 778 2819 vitae,
808 2775 846 2811 ὃ(
878 2770 985 2809 simul
1013 2771 1223 2810 doni-inam
1245 2775 1459 2823 generalem
1474 2774 1520 2811 de
1549 2783 1662 2825 nego-

70 2831 142 2877 tiis,
171 2828 443 2867 concludimus.

179 3084 243 3124 Vo
256 3097 291 3122 1„
323 3083 349 3122 Ι.
880 3081 915 3120 H
931 3083 956 3123 h
1499 3085 1544 3121 (ἶ
1569 3083 1602 3120 Α

1630 3086 1666 3121 ζὉ

1761 209 1851 253 241

2030 3296 2033 3309 -
2026 2986 2034 3278 -v——m-m
2031 2958 2034 2972 -
2033 2919 2035 2932 -
