2040 3439
47 859 55 871 ν
104 843 332 888 Astrolabium‚

699 146 1224 206 INDEX.

104 270 152 290 -e
161 262 246 299 quae
257 250 300 286 ad
312 250 425 287 visum
438 251 474 289 &
485 250 639 288 auditum
650 253 828 301 pertinent
835 264 940 304 quare

153 300 322 342 liberales,
766 303 850 351 Pag.
871 314 884 338 1
893 313 911 349 3
921 315 933 337 1

102 349 272 387 Arthurus
287 350 482 394 Britannus,
758 365 770 387 1
784 364 839 395 12,
867 363 911 399 29
917 364 937 398 5

104 399 251 435 Articuli
270 399 497 446 inquisitionis
513 399 560 435 de
575 400 675 448 gravi
693 400 732 435 &
750 400 832 443 levi,
869 413 936 447 ¹49

103 449 253 495 Ascenfits
266 447 518 497 particularium
531 449 573 484 ad
586 450 848 497 generalissima,
865 463 933 497 302

102 498 292 544 Aschamus,
320 498 605 546 praelectionibus
635 499 778 537 illustrat
798 500 934 536 Cicero-

149 559 243 589 nem,
889 562 934 596 39

101 596 181 642 Asta
200 596 344 643 antiquis
362 596 550 644 incognita,
864 601 932 635 288

103 645 282 693 Affentatio
299 646 418 681 infima
434 647 481 682 est
499 648 676 683 assentatio
692 648 804 697 vulgi,
868 650 932 695 187

99 693 308 740 'Affimilati0‚
335 697 468 743 paffirn,
866 709 934 745 379

102 744 206 790 Astris
225 744 315 779 nulla
333 745 414 780 inest
432 745 539 781 fatalis
557 748 735 789 necessitas,
758 758 837 783 102.
882 747 936 782 Ex

142 795 247 839 'astris
264 793 332 829 fata
349 795 423 830 elici
443 808 508 831 non
530 796 672 843 possunt,
868 808 881 830 1
893 808 933 842 13

47 890 50 892 .
774 846 834 887 62,
863 846 934 891 360

103 892 281 941 sssrologia
301 893 446 929 multum
465 894 565 930 habet
584 895 784 942 phantasiae,
805 906 863 939 42.
893 896 934 930 In

111 978 115 979 .
149 941 309 990 ⁴plurimis
327 941 548 979 fundamento
564 954 667 986 caret,
867 956 934 979 100

95 979 282 1039 'ffistralogia
297 993 413 1028 multis
423 994 714 1042 superstitionibus
728 993 929 1034 referta‚101

94 1059 145 1071 --
157 1040 233 1077 fana
253 1042 472 1085 desideratur,
503 1054 582 1079 102.
630 1042 725 1091 Qid
744 1043 777 1078 in
794 1055 830 1077 ea
847 1043 933 1079 defi-

147 1090 296 1135 deratur,
310 1091 386 1128 ibid.
401 1093 593 1142 Qomodo
605 1093 832 1136 conficienda,
850 1092 931 1130 ibid.

99 1158 149 1175 ·,·-—
162 1139 204 1176 ad
221 1141 306 1189 quid
321 1142 526 1184 adhibenda,
753 1154 833 1188 103,
865 1154 933 1188 104

100 1188 300 1238 Astrologiae
333 1192 444 1227 multa
477 1201 674 1227 commenta
719 1191 931 1235 refelluntur,

864 1253 927 1277 101

97 1308 149 1315 —
161 1288 324 1326 videlicet
337 1290 551 1339 planetarum
565 1303 627 1339 per
638 1301 744 1328 certas
755 1291 853 1327 horas
867 1291 930 1326 im-

151 1338 299 1388 perium,
851 1340 928 1376 ibid.

101 1409 150 1415 —
166 1388 420 1426 distributiones
437 1389 637 1432 domorum,
846 1389 926 1426 ibid.

97 1454 148 1469 0—
163 1436 320 1474 doetrina
338 1439 381 1474 de
400 1438 630 1475 nativitatibus
648 1449 706 1474 aut
734 1439 928 1487 conceptio-

145 1486 256 1529 nibus,
860 1499 925 1523 102

97 1535 295 1583 Astrologiae
312 1537 393 1584 quid
426 1537 653 1580 retinendum,
682 1537 759 1573 ibid.
811 1538 928 1573 Potius

147 1583 366 1634 e'xpurganda
383 1598 486 1634 quam
510 1586 711 1634 abjicienda,
860 1599 922 1622 101

95 1635 242 1682 —quid
261 1636 295 1671 in
314 1648 351 1670 ea
378 1636 596 1678 desideratur,
627 1647 702 1670 102.
758 1634 926 1671 Βοξὶτίηει

143 1684 188 1719 de
196 1685 464 1720 revolutionibus
473 1686 549 1733 plus
560 1685 659 1721 habet
668 1684 815 1720 sanitatis
823 1696 927 1732 quam

146 1733 276 1782 reliqua
286 1735 485 1781 astrologiae,
503 1735 581 1770 ibid.
633 1735 765 1770 Eorum
777 1734 927 1782 supersti-

146 1783 208 1825 tio,
860 1796 873 1818 1
883 1785 928 1831 76

98 1831 276 1879 Astrologia
291 1832 379 1870 sana.
413 1845 490 1878 103.
542 1833 668 1880 Qalcs
681 1831 927 1880 praedictiones

145 1894 186 1916 ex
216 1894 254 1917 ea
288 1883 360 1917 fieri
390 1883 541 1930 possunt,
567 1882 644 1917 ibid.
699 1882 818 1916 Modis
845 1883 926 1928 qui-

143 1931 204 1966 bus
220 1931 264 1966 ad
280 1934 494 1967 emendatam
513 1932 710 1978 astrologiam
734 1931 791 1966 via
809 1930 925 1966 sterni-

145 1990 213 2023 tur,
245 1991 322 2025 104.
361 1981 493 2016 Insania
506 1981 703 2028 astrologica,
728 1992 805 2025 ¹05-
845 1981 927 2016 Suas

145 2031 246 2066 habet
261 2030 519 2078 praediffiones,
553 2041 629 2076 133.
682 2030 721 2064 In
738 2029 924 2077 astrologiae

142 2079 380 2116 traditionibus
397 2079 553 2115 distincta
572 2079 718 2126 ingenia,
855 2090 924 2126 207

98 2125 298 2173 Astronomia
332 2138 548 2177 comparatur
582 2128 800 2170 Prometheo,
843 2138 924 2170 100,

858 2189 920 2213 101

93 2246 144 2254 -—
157 2227 191 2263 in
211 2228 363 2275 plurimis
378 2228 494 2264 differt
511 2228 555 2262 ab
572 2227 765 2275 astrologia,
855 2238 924 2262 100

93 2277 235 2324 ——quid
255 2278 292 2312 δε
309 2287 472 2324 quantum
493 2277 526 2311 in
545 2276 603 2311 illa
619 2277 838 2319 desideratur,
858 2288 919 2311 101

93 2325 204 2370 Astuti
222 2326 385 2369 homines,
413 2327 503 2362 unde
521 2337 628 2361 artem
648 2326 796 2368 trahunt,
854 2338 865 2360 1
879 2337 921 2372 19

93 2375 277 2410 Atalantae
306 2388 451 2424 pomum
482 2387 635 2418 aureum,
668 2375 722 2417 16,
752 2387 811 2421 45,
840 2378 922 2422 287.

140 2424 248 2466 Pilae,
853 2425 924 2470 306

91 2472 250 2520 Atheismi
267 2473 394 2516 causae,
878 2485 924 2519 30

93 2522 301 2569 Athenienses
318 2524 500 2571 culpantur
518 2537 536 2558 a
555 2524 800 2564 Demosthene,
852 2533 921 2569 237

94 2593 142 2600 -—
156 2572 270 2620 quales
285 2573 316 2607 in
330 2573 425 2608 bellis
440 2573 665 2621 suscipiendis,
681 2584 761 2619 247.
788 2571 921 2607 Eorum

140 2623 230 2669 leges
247 2622 417 2657 condendi
436 2635 522 2665 mos,
544 2634 624 2668 254.
666 2623 704 2657 In
724 2622 921 2657 inventione

142 2670 258 2719 legum
280 2671 316 2706 &
335 2672 457 2706 artium
476 2671 571 2715 clari,
854 2683 892 2716 31
905 2682 917 2705 1

93 2719 261 2756 Athletica
280 2732 349 2768 quo
364 2720 455 2756 sensu
473 2720 683 2768 accipienda,
852 2731 920 2766 130

92 2770 295 2805 Atlanticum
313 2782 418 2812 mare,
855 2782 919 2815 353

92 2819 237 2854 Atlantis
251 2818 378 2858 fabula,
412 2830 488 2864 152.
542 2818 600 2854 Ad
614 2819 711 2867 polos
726 2818 843 2854 mundi
857 2830 921 2853 tra-

140 2869 274 2904 ducitur
292 2869 335 2902 ab
353 2868 545 2910 Aristotele,
842 2868 920 2904 ibid.

92 2917 212 2959 Astomi,
239 2929 280 2952 ex
297 2929 367 2964 quo
385 2917 477 2953 fonte
490 2930 607 2952 eorum
620 2918 738 2964 opinio
753 2918 919 2959 manavit,

141 2968 198 3002 82.
252 2967 347 3002 Huic
366 2967 397 3001 se
414 2967 579 3014 applicuit
591 2967 818 3010 Democritus,
838 2967 917 3003 ibid.

138 3015 247 3052 Atomi
265 3015 332 3050 five
354 3016 537 3061 pulviscula
558 3016 760 3053 Democrito
778 3028 845 3052 11011
865 3015 918 3050 fu-

137 3076 234 3100 erunt
251 3064 421 3113 principia
439 3077 566 3109 rerum,
853 3065 921 3108 146

92 3113 245 3157 Atridae,
853 3126 914 3161 ¹7¹

90 3163 250 3208 Atrophia
269 3161 393 3206 senilis,
854 3166 916 3199 128

981 252 1111 290 Atticus
1124 254 1327 292 Ciceronem
1342 263 1457 294 monet
1469 256 1512 294 de
1528 258 1626 296 vultu
1648 260 1685 296 δὲ
1703 258 1812 309 gestu,

1644 311 1730 359 Pag.
1744 321 1762 344 2
1773 322 1815 356 15

980 351 1163 388 Attritione
1181 366 1255 390 mos
1272 355 1438 392 excitandi
1457 356 1590 404 ignem,
1744 363 1813 406 318

979 401 1146 449 Aucupum
1164 403 1202 439 δε
1219 413 1424 441 venatorum
1458 418 1534 443 mos
1563 407 1607 443 ad
1634 407 1817 456 capiendas

1028 452 1183 488 volucres
1203 453 1239 488 &
1260 453 1391 498 bestias,
1739 469 1814 504 209

981 499 1144 544 Audacia,
1746 508 1813 554 187

980 549 1150 597 Augurum
1170 563 1244 587 mos
1263 551 1300 588 &
1317 553 1458 597 vanitas,
1765 558 1783 591 8
1794 569 1808 592 1

980 599 1016 634 S.
1031 600 1235 647 Augustinus,
1762 616 1811 653 70

981 647 1174 695 Augzstinus
1193 650 1328 687 Donius
1346 652 1434 687 male
1452 664 1521 688 non
1539 652 1665 701 scripsit
1682 654 1725 691 de
1741 656 1814 691 ani-

1025 710 1082 733 ma
1101 699 1259 742 sensibili,
1742 716 1810 751 133

979 767 1029 774 -—-
1047 748 1172 784 Telefii
1189 749 1386 796 discipulus,
1729 753 1810 790 ibid.

980 796 1117 843 Augusti
1144 798 1333 846 eloquentia
1359 811 1399 835 ex
1417 800 1554 859 J'acito,
1582 812 1639 848 27.
1689 801 1813 838 Preca-

1027 846 1126 881 batur
1144 847 1203 882 fibi
1219 847 1461 892 euthanafiam,
1741 863 1779 886 12
1788 864 1809 898 5

981 893 1138 941 Aagzstus
1155 896 1275 932 Caesar
1293 909 1360 932 non
1380 897 1446 933 fuit
1462 898 1697 939 dissimulator,
1727 902 1811 947 236.

1030 945 1193 981 Formula
1204 945 1271 993 ejus
1279 945 1415 993 jurandi
1429 947 1521 994 apud
1533 948 1714 994 populum,
1731 950 1813 986 ibid.

978 1013 1026 1022 --
1040 994 1084 1030 ad
1098 994 1239 1031 statuam
1250 994 1335 1042 Julii
1346 995 1496 1032 Caesaris
1507 1008 1647 1032 manum
1672 1009 1813 1045 proten-

1028 1044 1094 1086 dit,
1728 1048 1809 1084 ibid.

978 1113 1027 1122 ·—
1040 1093 1154 1141 potius
1169 1093 1212 1128 ab
1225 1094 1393 1130 avunculo
1407 1094 1554 1131 diversus
1566 1107 1670 1144 quam
1685 1095 1747 1134 illo
1761 1098 1812 1133 in-

1028 1143 1143 1185 ferior,
1740 1157 1812 1193 '2²9

979 1213 1029 1220 —
1046 1193 1230 1229 moriturus
1244 1193 1289 1229 ab
1305 1193 1425 1230 amicis
1442 1193 1528 1241 quid
1546 1195 1694 1242 petierit,
1730 1196 1812 1232 ibid.

980 1242 1073 1276 —in
1091 1241 1198 1277 oculis
1214 1242 1396 1278 hominum
1413 1244 1514 1286 vixit,
1544 1255 1626 1290 ²33-
1679 1245 1812 1280 Debuit

1028 1302 1085 1327 aut
1094 1303 1265 1340 nunquam
1277 1291 1366 1328 nasci
1376 1303 1433 1328 aut
1442 1305 1617 1340 nunquam
1630 1294 1806 1338 mori,241

978 1360 1028 1369 —-
1043 1341 1175 1377 summa
1193 1341 1340 1389 patravit
1358 1342 1461 1382 mala,
1490 1343 1593 1378 etiam
1613 1343 1715 1386 bona,
1727 1343 1811 1380 ibid.

977 1393 1102 1425 Aurum
1116 1391 1302 1437 aliquando
1317 1392 1515 1437 excoquitur
1534 1392 1626 1439 igne,
1653 1393 1807 1439 quando-

1050 1452 1090 1476 ue
1104 1438 1137 1474 in
1149 1440 1294 1476 arenulis
1305 1452 1428 1487 purum
1445 1441 1626 1484 invenitur,
1643 1441 1700 1478 66.
1727 1441 1811 1477 Pro-

1025 1453 1104 1524 duci
1124 1488 1232 1524 forsan
1250 1489 1359 1538 potest
1378 1490 1485 1524 multa
1503 1490 1539 1525 δε
1558 1490 1665 1538 sagaci
1684 1490 1811 1526 moliti-

1026 1551 1103 1578 one,
1136 1551 1149 1573 1
1161 1549 1213 1575 12.
1265 1539 1392 1574 Aurum
1410 1538 1573 1586 potabile,
1600 1541 1677 1575 128.
1705 1540 1808 1585 Juxta

1026 1588 1187 1635 positum,
1211 1597 1390 1635 argentum
1410 1589 1529 1623 vivum
1548 1589 1697 1631 imbibit,
1743 1601 1811 1632 144

977 1658 1026 1664 ——-
1038 1637 1140 1672 habet
1156 1638 1229 1685 plus
1246 1637 1404 1686 ponderis
1418 1638 1455 1672 δε
1466 1637 1577 1673 minus
1591 1637 1811 1674 dimensionis

1028 1698 1131 1734 quam
1144 1698 1336 1734 argentum,
1359 1686 1438 1731 146.
1472 1686 1560 1722 Auri
1573 1687 1810 1736 proprietates,

1737 1747 1755 1770 2
1765 1748 1776 1770 1
1786 1748 1807 1782 5

977 1784 1117 1820 Auri&
1140 1785 1267 1832 argenti
1283 1784 1357 1821 vivi
1377 1783 1493 1826 coitio,
1524 1797 1602 1832 377.
1652 1785 1811 1821 Frustum

1026 1837 1104 1868 auri
1121 1834 1292 1869 detentum
1309 1836 1343 1869 in
1361 1845 1419 1868 ore
1437 1835 1684 1881 operariorum,
1712 1835 1744 1870 in
1759 1834 1809 1870 fo-

1023 1883 1110 1917 dinis
1127 1884 1256 1929 argenti
1275 1883 1362 1924 vivi,
1725 1883 1808 1918 ibid.

978 1931 1167 1967 Authentici
1186 1932 1374 1980 scriptores,
1736 1943 1754 1966 2
1761 1944 1807 1979 57

978 1981 1138 2016 Authores
1156 1982 1280 2017 artium
1301 1980 1481 2016 consecrati
1500 1980 1583 2016 inter
1601 1980 1694 2024 deos,
1754 1994 1804 2029 49

977 2030 1156 2064 Authorum
1177 2043 1250 2066 mos
1268 2030 1523 2078 improbandus,
1779 2043 1804 2078 9

977 2078 1221 2125 Authypastatae
1238 2079 1497 2128 propositiones,
1734 2079 1806 2122 264

977 2129 1165 2163 Auxiliares
1184 2129 1259 2164 libri
1279 2129 1311 2164 in
1330 2127 1574 2175 scientiajuris,
1735 2139 1804 2175 257

976 2177 1063 2212 Axes
1082 2188 1229 2213 rotarum
1248 2179 1425 2214 flammam
1441 2177 1650 2226 concipiunt,
1735 2180 1805 2223 318

977 2227 1152 2262 Axiomata
1169 2229 1272 2269 unde,
1293 2239 1375 2274 275,
1396 2238 1480 2274 277,
1500 2227 1568 2264 Εἲς.
1619 2227 1806 2273 Perper-am

1026 2276 1164 2312 traffitata
1181 2278 1223 2312 ab
1241 2277 1435 2319 Aristotele,
1735 2277 1806 2322 283

976 2345 1025 2352 —
1037 2326 1275 2361 convertibilia
1286 2325 1514 2370 facere,felicis
1523 2323 1570 2360 est
1581 2323 1723 2373 ingenii,
1736 2325 1803 2360 168

976 2375 1180 2410 Axiomatum
1199 2375 1356 2422 iniquitas
1374 2374 1590 2422 corrigenda,
1757 2374 1803 2421 67

974 2445 1023 2450 —
1037 2425 1143 2466 varia,
1755 2435 1805 2470 94

974 2494 1023 2499 —
1040 2473 1178 2509 diversis
1198 2473 1340 2509 scientiis
1358 2473 1586 2521 applicantur,
1667 2485 1728 2521 94,
1755 2485 1803 2519 95

974 2543 1023 2550 -
1035 2523 1144 2570 qualia
1161 2524 1270 2558 adhuc
1289 2536 1391 2559 nemo
1409 2523 1614 2570 composuit,
1642 2534 1699 2569 95.
1751 2520 1805 2557 De

1023 2574 1181 2607 axiomate
1198 2572 1444 2616 constituendo,
1465 2583 1548 2619 302,
1568 2571 1700 2620 passim.
1732 2572 1804 2606 Ax-

1025 2623 1173 2657 iomatum
1190 2635 1325 2670 genera,
1734 2633 1752 2667 3
1763 2632 1803 2666 15

1365 2720 1402 2756 Β.

1056 2819 1193 2862 Acchus,
1213 2830 1271 2866 90.
1300 2820 1378 2855 Vide
1392 2818 1592 2866 Dionysius:
1620 2817 1708 2854 circa
1725 2830 1801 2853 cur-

1104 2882 1180 2904 rum
1199 2869 1269 2917 ejus
1288 2868 1471 2904 subsultant
1488 2869 1684 2909 daemones,
1754 2878 1795 2912 91

973 2920 1132 2961 Basonus,
1159 2917 1294 2954 honesta
1311 2917 1378 2966 ejus
1402 2917 1583 2966 propensio
1612 2917 1644 2952 in
1672 2916 1803 2963 generis

1023 2968 1162 3003 humani
1181 2969 1376 3011 commoda,
1776 2976 1799 3007 4

973 3016 1175 3064 ——spondet
1205 3017 1234 3052 se
1251 3018 1405 3053 comitari
1434 3015 1667 3063 antiquitatem
1699 3013 1800 3059 usquc·

1022 3067 1065 3101 ad
1095 3079 1178 3108 aras,
1206 3078 1263 3113 99.
1316 3067 1411 3102 Inani
1451 3066 1577 3113 gloriae
1604 3063 1799 3113 :ibnunciat,

1023 3126 1058 3151 ut
1075 3117 1268 3151 commodis
1285 3116 1440 3153 humanis
1459 3113 1627 3155 inserviat,
1733 3115 1799 3157 190

973 3164 1053 3201 Vide
1069 3165 1293 3202 Verulamius.

1660 3208 1799 3244 Baculus
