2912 4368
1142 601 1234 649 DE
1272 590 1722 644 AUGM'ENTIS
1758 586 2301 642 SCIENTIARUM.
2393 593 2630 641 travitin-

1094 737 1328 792 Exemplum
1346 734 1541 789 portionis
1561 730 1757 770 dominae
1783 729 1828 769 de
1848 727 2098 782 occqfionibus
2119 730 2275 785 spasfis,
2304 745 2353 770 ex
2367 731 2559 785 parabolis

1605 785 1800 839 aliqm'bus
1822 785 2043 827 Solomonis.

1080 866 1226 909 ‘Pas-ab.
1249 879 1280 904 1.
1313 866 1508 902 MOLLIS
1532 860 1721 914 responsio
1751 860 1888 911 frangit
1919 864 2024 899 iram.

1081 921 1321 975 Explicatio.
1354 921 1401 956 81
1432 918 1653 956 incendatur
1679 919 1731 953 ira
1747 917 1920 966 principis
1935 919 1992 954 vel
2013 918 2210 968 superioris
2230 917 2398 954 adversus
2415 928 2463 961 tc,
2501 920 2533 953 t<
2556 929 2638 953 tuae

1029 984 1103 1027 jam
1126 977 1194 1016 sint
1216 974 1395 1027 loquendi
1429 985 1561 1023 partes,
1591 984 1669 1020 quo
1696 974 1876 1023 praecipit
1904 974 2094 1009 Solonion
2115 988 2120 1008 :
2151 974 2330 1009 Alterum
2354 972 2469 1009 uttiat
2494 972 2638 1021 respon

1028 1034 1093 1081 sio,
1122 1034 1279 1070 alterum
1301 1042 1341 1067 ut
1359 1030 1488 1066 eadem
1514 1026 1553 1064 sit
1579 1026 1715 1064 mollis.
1773 1028 1876 1064 Prius
1900 1030 2072 1065 continet
2093 1030 2162 1064 tria
2192 1038 2394 1079 praecepta.
2442 1029 2579 1071 Primo,
2603 1039 2641 1063 ut.

1031 1101 1155 1127 caveas
1181 1100 1199 1123 a
1223 1085 1370 1124 silentio
1390 1084 1480 1122 tristi
1507 1086 1542 1119 ὃ(
1569 1081 1784 1119 contumaci
1808 1096 1814 1118 ε
1848 1083 1943 1119 Illud
1960 1085 2063 1119 enim
2093 1093 2155 1119 aut
2186 1084 2332 1131 culpam
2354 1093 2474 1119 totam
2493 1084 2577 1119 inte
2593 1095 2639 1117 rc-

1033 1142 1135 1193 cipit‚
1166 1154 1205 1178 ac
1224 1140 1247 1178 si
1276 1139 1369 1178 nibil
1396 1140 1540 1184 habea&
1572 1139 1673 1186 quod
1693 1137 1915 1186 respondere
1938 1135 2050 1187 possis
2067 1155 2080 1179 ,-
2110 1148 2172 1175 aut
2188 1139 2390 1174 dominum
2413 1140 2559 1173 occulte
2582 1138 2643 1172 in-

1033 1198 1184 1247 quitatis
1208 1194 1405 1241 insimulat,
1435 1207 1474 1231 ac
1504 1191 1527 1230 fi
1552 1205 1653 1229 aures
1678 1194 1765 1238 cim,
1797 1191 2002 1229 defensioni
2018 1195 2104 1230 licet
2128 1192 2246 1238 justae,
2278 1205 2357 1229 non
2375 1203 2552 1243 paterent.
2586 1194 2644 1228 Sc-

1033 1254 1174 1298 cundo‚
1204 1262 1244 1288 ut
1266 1262 1389 1288 caveas
1409 1263 1429 1286 a
1450 1262 1488 1286 rc
1510 1247 1886 1297 comperendinanda,
1916 1261 2038 1296 neque
2068 1259 2214 1297 tempus
2243 1249 2344 1284 aliud
2388 1248 2431 1283 ad
2467 1245 2647 1284 defensio-

1035 1321 1125 1346 nem
1153 1305 1335 1357 postules:
1366 1307 1449 1342 Hoc
1479 1304 1583 1341 enim
1599 1315 1660 1340 aur
1676 1304 1834 1340 candem
1860 1313 1993 1340 notam
2022 1306 2150 1349 inurit,
2181 1315 2293 1351 quam
2321 1302 2429 1354 prius,
2460 1304 2645 1339 nimirum

1036 1365 1240 1401 dominum
1264 1372 1374 1398 tuum
1404 1359 1520 1397 nimia
1550 1360 1685 1396 mentis
1701 1359 1982 1407 perturbatione
2004 1358 2150 1401 efferri‚·
2183 1368 2243 1394 aut
2265 1359 2374 1409 plane
2398 1356 2587 1406 signifieat,
2602 1368 2643 1394 te

1036 1417 1271 1456 artificiosam
1291 1416 1478 1464 quandam
1502 1412 1761 1451 defensionem
1782 1412 1964 1459 meditari,
1995 1426 2082 1451 cum
2114 1413 2150 1449 in
2172 1424 2348 1464 promptu
2374 1412 2466 1449 nihil
2491 1413 2647 1449 habeas:

1039 1474 1155 1511 Adeo
1176 1483 1215 1509 ut
1234 1474 1425 1521 optimum
1450 1469 1594 1518 semper
1623 1470 1747 1514 suerit,
1778 1469 1919 1516 aliquid
1942 1471 1980 1505 in
2002 1468 2216 1518 praesentia,
2248 1470 2283 1504 δ(
2306 1480 2324 1504 e
2346 1480 2384 1504 re
2406 1478 2502 1513 nata,
2530 1467 2568 1503 in
2592 1480 2649 1504 cx-

1037 1529 1271 1566 cusationem
1291 1526 1345 1563 tui
1361 1526 1553 1562 adducere.
1612 1525 1759 1570 Tertio,
1789 1534 1829 1561 ut
1850 1523 1911 1560 fiat
1933 1524 2083 1573 prorsus
2105 1522 2291 1575 responsio
2310 1537 2316 1559 :
2347 1520 2566 1574 Responsio,
2597 1525 2652 1559 in—

1037 1595 1164 1635 quam,
1194 1595 1275 1619 non
1296 1593 1397 1617 mera
1413 1575 1612 1625 confessio,
1632 1589 1695 1616 aut
1719 1591 1822 1615 mera
1844 1576 2051 1625 submiffio,
2083 1578 2143 1615 scd
2166 1578 2303 1627 aliquid
2327 1580 2526 1627 apologiae
2542 1580 2578 1615 ὅ(
2593 1591 2651 1614 ex-

1039 1638 1240 1675 cusationis
1265 1636 1513 1685 inlpergatur:
1544 1636 1680 1684 Neque
1710 1634 1813 1670 enim
1843 1633 1947 1670 aliter
1969 1645 2093 1672 tutum
2112 1633 2159 1670 est
2173 1634 2302 1680 facere,
2334 1631 2398 1670 nisi
2422 1634 2517 1683 apud
2551 1635 2652 1682 inge-

1041 1695 1103 1730 nia
1132 1692 1236 1729 valde
1278 1690 1457 1739 generosa
1486 1691 1522 1725 &
1555 1690 1820 1737 magnanima3
1850 1701 1944 1736 quae
1974 1702 2053 1726 rara
2081 1689 2289 1726 admodum
2321 1689 2414 1725 sunt.
2475 1690 2651 1737 Sequitur

1041 1748 1241 1799 posteriore
1268 1747 1369 1792 loco,
1400 1754 1439 1781 ut
1465 1742 1655 1795 responsio
1674 1741 1715 1780 sit
1739 1744 1881 1789 mollis,
1910 1745 2069 1782 mininie
2084 1744 2282 1795 praefracta
2312 1755 2373 1780 aut
2394 1743 2527 1793 aspera.

1096 1799 1244 1840 Ῥαγαύ,
1266 1812 1299 1837 2.
1332 1802 1518 1838 SERVUS
1545 1800 1708 1848 prudens
1733 1799 1992 1837 dominabitur
2020 1802 2060 1837 in
2094 1799 2214 1836 filium
2245 1797 2396 1837 stultum
2420 1814 2429 1840 ς
2459 1801 2494 1836 ὅ(
2524 1801 2654 1850 partie·

1040 1868 1102 1896 tur
1118 1856 1385 1894 haereditatem
1408 1854 1504 1891 inter
1525 1854 1664 1891 fratres.

1099 1912 1200 1963 Exp.
1232 1913 1283 1948 IN
1306 1909 1413 1947 omni
1442 1908 1580 1946 familia
1611 1908 1758 1945 turbata
1788 1910 1823 1945 ὃ(
1853 1908 2027 1953 discordi,
2058 1908 2202 1959 semper
2235 1911 2379 1958 exurgit
2418 1910 2548 1960 aliquis
2585 1910 2653 1945 ser-

1043 1977 1121 2013 vus,
1151 1978 1213 2003 aut
1240 1965 1391 2003 humilis
1408 1966 1548 2001 amicus
1578 1974 1812 2015 praepotens,
1843 1963 1906 2012 qui
1935 1975 2005 2015 pro
2021 1964 2177 2001 arbitrio
2207 1964 2371 2014 legerat,
2388 1966 2433 2001 ad
2450 1965 2530 2001 lites
2551 1965 2654 2001 sami—

1045 2024 1115 2059 liae
1132 2021 1413 2070 componendas
1430 2034 1438 2060 3
1453 2021 1600 2068 cuique,
1613 2020 1835 2056 eonomine
1852 2022 1888 2057 <Sc
1903 2018 2042 2056 familia
2058 2030 2137 2056 tota
2159 2022 2195 2057 ὃ(
2208 2021 2388 2057 dominus
2404 2021 2478 2069 ipse
2496 2021 2577 2056 sunt
2590 2021 2655 2055 ob-

1044 2079 1162 2114 noxii.
1220 2077 1286 2113 lile
1311 2073 1336 2112 sl
1357 2076 1460 2113 suam
1494 2086 1574 2111 rem
1604 2085 1697 2124 agat,
1727 2073 1889 2111 familiae
1918 2075 2015 2110 mala
2043 2074 2146 2111 fovet
2172 2078 2208 2111 ὃ(
2239 2086 2430 2124 aggravatz
2464 2074 2512 2111 sin
2539 2076 2656 2111 tidelis

1046 2144 1172 2169 revera
1194 2132 1304 2168 fuerit
1335 2133 1371 2167 ἃ
1396 2132 1552 2180 integer,
1582 2131 1788 2178 plurimum
1809 2141 1908 2166 certe
1932 2141 2122 2166 meretur:
2151 2130 2265 2166 Adeo
2286 2140 2326 2166 ut
2348 2128 2456 2166 ctiam
2480 2142 2656 2177 tauquam

1046 2186 1141 2224 inter
1172 2187 1300 2223 fratres
1320 2186 1449 2222 haberi
1471 2185 1613 2232 debeat,
1645 2195 1705 2222 aut
1734 2184 1864 2221 saltem
1893 2187 2199 2234 procurationem
2234 2185 2470 2222 haereditatis
2494 2186 2656 2237 accipere

1045 2240 1282 2279 fiduciariam.

1099 2294 1246 2334 Parab.
1275 2303 1309 2346 3¹.
1342 2296 1439 2333 Vm
1471 2293 1651 2344 sapiensst
1675 2306 1764 2332 cum
1788 2294 1900 2332 stulto
1920 2294 2173 2341 contenderit,
2204 2294 2272 2331 five
2294 2295 2477 2339 irascatur,
2508 2292 2577 2332 sire
2610 2294 2653 2331 ri-

1045 2352 1140 2393 deat,
1171 2364 1251 2388 non
1282 2352 1447 2387 inveniet
1477 2352 1658 2398 requiem.

1100 2405 1206 2457 Exp.
1238 2407 1351 2443 MoN
1366 2417 1503 2442 EMUR
1526 2404 1673 2455 saepius,
1703 2416 1743 2441 ut
1769 2404 2005 2454 congressum
2027 2406 2207 2453 imparem
2230 2405 2415 2454 fugiamus
2437 2420 2446 2446 ς
2477 2418 2524 2441 eo
2541 2405 2658 2449 imru,

1048 2474 1096 2498 ne
1124 2473 1211 2499 cum
1233 2460 1440 2512 potioribus
1464 2461 1705 2497 decertemus.
1762 2460 1818 2497 At
1848 2460 1944 2497 haud
1979 2462 2105 2496 minus
2135 2462 2227 2497 utile
2248 2461 2294 2496 est
2319 2460 2523 2506 monitum,
2554 2463 2660 2508 quod

1048 2517 1110 2554 hic
1138 2516 1286 2554 exhibet
1304 2518 1506 2561 Solonion,
1536 2517 1599 2553 Ne
1626 2527 1714 2552 eum
1736 2515 1897 2564 indigno
1913 2515 2196 2552 contendamus.
2253 2517 2382 2566 Iniqua
2395 2518 2498 2552 enim
2515 2515 2662 2566 prorsus

1051 2572 1151 2609 sorte
1188 2571 1278 2608 hacc
1299 2584 1353 2608 res
1377 2569 1599 2620 transigitur.
1658 2571 1851 2620 Siquidem
1872 2569 1897 2607 fi
1918 2569 2121 2619 superiores
2150 2569 2283 2615 simus„
2301 2572 2402 2607 nulla
2424 2571 2585 2619 sequitur
2612 2570 2663 2608 vi-

1050 2628 1189 2667 &orm
1219 2625 1242 2662 fi
1262 2626 1476 2678 superemur
1497 2638 1632 2675 magna
1656 2627 1868 2674 indignitas.
1927 2628 2064 2673 Neque
2098 2627 2196 2670 juvat
2223 2625 2346 2672 etiam,
2376 2627 2415 2662 in
2445 2626 2662 2669 hujusmodi

1052 2684 1302 2719 contentione
1332 2682 1545 2727 exercenda,
1567 2679 1591 2718 st
1611 2681 1802 2718 interdum
1818 2680 1932 2718 veluti
1947 2693 2012 2732 per
2028 2682 2156 2725 jocum
2178 2693 2341 2731 agamus,
2370 2680 2560 2718 interdum
2576 2693 2663 2717 cum

1054 2736 1144 2774 fastu
1168 2740 1203 2774 ὅ(
1232 2747 1466 2786 contemptu.
1524 2738 1627 2774 Nam
1645 2748 1874 2788 quocunque
1904 2748 1974 2773 nos
2001 2747 2199 2782 vertamus,
2230 2735 2384 2773 leviores
2416 2738 2502 2773 inde
2527 2733 2664 2773 efficie-

1054 2805 1151 2837 mur,
1182 2804 1302 2840 neque
1318 2791 1523 2829 commode
1543 2803 1614 2829 nos
1642 2792 1918 2842 explicabimus.
1976 2788 2135 2829 Pessime
2158 2802 2284 2829 autem
2308 2792 2361 2835 tit,
2392 2790 2415 2828 fi
2445 2791 2659 2830 huiusmodi

1056 2847 1222 2896 persona,
1257 2859 1418 2897 quacum
1448 2847 1729 2893 contendimus,
1762 2846 1820 2895 (ut
1851 2848 2041 2884 Solomon
2076 2846 2273 2895 loquitur)
2304 2846 2442 2894 aliquid
2470 2843 2580 2883 affine
2604 2847 2666 2883 ha-

1058 2902 1138 2937 beat
1155 2903 1391 2943 cumstult03
1421 2902 1495 2939 hoc
1525 2902 1584 2948 est,
1620 2899 1701 2939 silit
1726 2902 1924 2939 audaculus
1954 2903 1989 2938 ἃ
2015 2904 2244 2938 temerarius.

1113 2954 1257 2993 Parab.
1283 2968 1320 3005 4.
1354 2959 1446 2994 SED
1474 2959 1509 2993 ὃ(
1526 2957 1668 2994 cunetis
1691 2956 1938 3002 sermonibus,
1969 2958 2033 3004 qui
2049 2957 2237 3002 dicuntur,
2256 2968 2304 2993 ne
2324 2957 2589 2993 accommodes
2604 2968 2665 2994 au·

1060 3021 1138 3046 rem
1167 3019 1281 3053 tuam,
1312 3025 1359 3048 ne
1381 3012 1479 3049 forte
1502 3013 1627 3049 audias
1649 3011 1795 3049 servum
1822 3022 1930 3048 tuum
1957 3010 2244 3048 maledicentem
2273 3012 2353 3048 tibi.

1114 3062 1218 3115 Exp.
1254 3067 1345 3103 Vix
1377 3068 1476 3104 credi
1504 3063 1617 3116 possit
1633 3068 1747 3103 vitam
1773 3078 1957 3117 quantum
1973 3066 2158 3115 perturbet
2183 3065 2325 3104 inutilis
2352 3064 2550 3111 euriositas,
2572 3067 2667 3103 circa

1059 3118 1121 3154 illa
1149 3132 1214 3165 res,
1244 3132 1335 3167 quae
1364 3121 1483 3159 nostra
1505 3121 1713 3159 intersunt:
1744 3123 1953 3168 Nimirum,
1983 3122 2137 3172 quando
2166 3121 2301 3158 secreta
2337 3124 2399 3158 illa
2429 3121 2555 3158 rimari
2581 3122 2668 3159 sata-

1060 3172 1192 3222 gimus,
1220 3186 1312 3221 quae
1336 3176 1476 3213 dctcaa
1506 3179 1541 3214 ὅ(
1570 3178 1734 3223 inventa,
1769 3177 2045 3226 aegritudinem
2074 3176 2226 3224 quidem
2257 3179 2389 3213 animo
2418 3176 2593 3221 inferant,
2621 3178 2667 3213 ad

1060 3226 1210 3265 consilia
1244 3240 1367 3265 autem
1388 3232 1615 3280 expedienda
1638 3231 1731 3269 nihil
1760 3233 1901 3277 juvent.
1959 3233 2089 3269 Primo
2109 3234 2211 3268 enim
2236 3231 2398 3282 sequitui·
2427 3232 2543 3268 animi
2565 3245 2665 3268 vexa-

1060 3283 1117 3318 tio
1140 3285 1175 3319 &
1204 3284 1438 3331 inquietudo,
1462 3299 1549 3323 cum
1565 3288 1729 3324 humana
1753 3286 1881 3324 onmia
1900 3286 2075 3336 perfidiae
2096 3289 2132 3324 ἃ*
2167 3286 2440 3336 ingratitudinis
2457 3289 2563 3334 plena
2586 3286 2663 3323 sint.

1060 3337 1176 3373 Adeo
1205 3348 1243 3374 ut
1276 3336 1297 3373 fi
1319 3341 1524 3390 comparari
1554 3342 1669 3392 poll‘et
1699 3342 1888 3393 speculum
1915 3343 2069 3389 aliquod
2102 3341 2301 3391 magicum,
2335 3341 2371 3378 in
2406 3354 2483 3390 quo
2517 3342 2600 3377 odia
2631 3345 2666 3379 §t

1061 3403 1303 3442 quaeeunque
1333 3405 1463 3430 contra
1484 3408 1553 3431 nos
1570 3396 1675 3433 ullibi
1692 3408 1995 3442 commoventur,
2027 3399 2162 3434 intueri
2191 3397 2386 3446 possemus⁷
2408 3398 2542 3432 melius
2560 3398 2667 3433 nobi<

1063 3446 1173 3494 foret,
1203 3446 1412 3497 siprotinus
1440 3451 1685 3500 projiceretur
1715 3454 1750 3489 ἃ
1775 3451 2027 3490 collideretur.
2085 3452 2312 3492 Huiutinodi
2341 3452 2441 3489 enim
2463 3465 2528 3492 res,
2556 3451 2668 3487 reluti

1607 3514 1623 3542 1
2484 3508 2662 3542 soliorum

2783 555 2851 606 illi·
2888 550 2889 558 ἵ
