2040 3439
658 115 1210 196 'INDEX

79 242 171 285 Sedes
188 243 374 288 musarum,
406 243 528 291 quibus
546 243 705 293 operibus
732 245 916 285 ornandae,

78 331 85 337 ,
770 295 855 342 Pag.
873 295 919 329 60

82 342 195 383 Semele
205 343 303 390 jovis
319 342 433 390 pellex
451 355 493 378 ex
510 344 585 379 voti
603 344 832 392 completione
856 356 916 391 pe-

132 403 203 436 rut,
868 405 917 440 90

83 441 343 490 Selenographia‚
847 443 917 488 360

81 492 230 534 Semidei,
256 491 397 539 quinam
415 489 458 526 ad
477 490 577 526 istum
610 491 749 528 honoris
777 491 916 528 titulum

116 542 224 590 >apud
240 541 392 577 ethnicos
409 540 654 583 evehebantur,
867 554 915 588 49

81 594 245 632 Senatores
261 589 387 626 eruditi
405 589 562 626 meliores
587 590 676 633 aliis,
705 603 762 638 50.
815 591 916 639 Inge-

95 671 97 674 .
131 642 190 677 nio
204 639 376 681 derisores,
847 652 913 676 221

75 693 199 729 Seneca
218 688 436 737 paedagogus
451 689 604 725 Neronis
635 702 696 738 per
722 689 916 737 quinquen—

105 774 108 777 ,
127 740 224 777 nium
234 737 844 787 feliciteradministravitimperium,
859 751 916 785 3²·

133 789 277 826 Dietum
293 786 363 835 ejus
381 788 424 824 de
443 788 605 824 mollibus
622 789 837 836 quibusdam,
858 801 915 834 33.

118 837 323 888 ,Qornodo
344 837 524 873 Neronem
542 838 737 880 instituerit,
767 838 823 883 36.
877 839 917 873 In

93 922 102 927 Α.
129 901 172 926 eo
187 886 290 934 stylus
307 885 454 929 effufior,
480 900 540 932 40.
594 888 791 923 Verborum
808 887 917 923 minu-

133 936 188 975 tiis
200 948 315 973 rerum
332 935 462 984 frangit
475 937 640 984 pondera,
658 937 738 973 ibid.
780 937 917 972 Praetu-

132 987 179 1024 lit.
188 985 386 1033 Diogenem
401 985 613 1028 Alexandro,
633 998 691 1031 51.
720 987 800 1022 Vide
813 1000 845 1035 p.
860 999 916 1033 39.

118 1036 189 1073 ÷De
203 1034 338 1072 fallacia
355 1034 527 1083 pinguiori
539 1034 723 1082 judicium,
748 1048 825 1083 153.
853 1037 916 1071 Di-

128 1085 275 1134 ·ligentia
291 1083 360 1132 ejus
379 1085 414 1120 in
434 1085 675 1133 hypothesibus
690 1086 757 1121 five
775 1086 918 1126 casibus,

139 1147 218 1183 179.
257 1135 383 1170 Sanum
398 1133 469 1182 ejus
482 1134 523 1170 de
533 1135 723 1182 eloquentia
734 1135 917 1183 judicium,

101 1189 104 1193 ”
851 1197 862 1219 1
897 1190 917 1219 6

85 1235 216 1276 Seneca,
227 1233 358 1268 dietum
370 1232 441 1281 ejus
449 1233 491 1268 de
501 1232 576 1268 viro
587 1245 668 1268 vere
679 1245 818 1281 magno,
837 1198 915 1281 1997.

133 1283 252 1319 Etiam
273 1283 316 1318 de
333 1282 424 1318 vitae
441 1282 584 1325 ratione,
848 1284 918 1318 206

85 1335 230 1370 Senectus
242 1331 403 1368 retardari
418 1341 475 1367 aut
486 1331 648 1379 juventus
664 1332 839 1368 instaurari
854 1346 919 1380 po-

136 1381 213 1424 test,
851 1394 864 1417 1
876 1395 888 1417 1
898 1395 916 1428 3

75 1435 185 1468 Senex
200 1430 367 1466 beneficus
387 1430 490 1466 instar
507 1431 671 1473 miraculi,
850 1435 915 1467 108

86 1481 230 1529 Senstbile
258 1480 380 1515 fortius
409 1480 555 1529 percutit
586 1481 793 1517 memoriam
812 1494 916 1529 quam

136 1529 373 1572 intellectuale,
851 1546 863 1567 1
872 1543 917 1578 57

85 1579 195 1627 Sensus
212 1580 249 1614 ὅτ.
265 1579 426 1614 sensibilis
443 1579 580 1615 uberior
599 1579 784 1628 inquisitio,
850 1592 916 1626 135

86 1629 194 1676 Sensus
210 1627 300 1664 visus
325 1629 363 1664 δε
391 1629 537 1670 auditus,
567 1640 623 1676 29.
673 1629 785 1675 Sensus
811 1629 917 1665 solem

136 1678 298 1720 referunt,
326 1678 485 1714 naturalia
500 1678 658 1720 reserant,
678 1679 795 1714 divina
806 1679 917 1714 occlu-

135 1728 231 1769 dunt,
258 1739 312 1773 30.
338 1728 450 1773 Sensus
461 1727 622 1775 estjanua
638 1728 839 1772 intellectus,
857 1729 916 1774 65.

135 1777 280 1823 Sensuum
293 1778 330 1812 &
345 1777 564 1813 reflexionum
576 1777 829 1820 convenientia,
860 1790 917 1824 95.

131 1827 259 1862 Procul
273 1828 317 1862 ab
329 1826 463 1874 objecffto
476 1826 664 1872 plurimum
678 1825 818 1869 fallitur,
839 1839 851 1861 1
861 1839 916 1864 22.

136 1876 269 1928 Qibus
283 1876 314 1911 in
329 1877 425 1911 rebus
435 1875 549 1910 differt
563 1888 581 1910 a
593 1877 821 1923 perceptione,
840 1888 852 1910 1
861 1888 917 1923 35.

135 1926 288 1972 Sensuum
301 1925 468 1967 fallaciae,
489 1935 569 1971 279.
622 1925 854 1972 Impreffiones
867 1928 918 1961 vi-

132 1975 252 2018 tiosae,
283 1976 363 2012 286.
415 1974 606 2009 Secundum
633 1975 754 2020 sensum
771 1975 918 2023 philoso-

92 2056 95 2059 .
137 2025 266 2073 phandi
287 2025 360 2060 sunt
377 2023 578 2059 substantiae
597 2023 828 2072 incorporeae,
849 2037 918 2071 359

88 2075 258 2121 Separatio
277 2075 475 2116 fluidorum,
500 2085 578 2116 144.
609 2074 779 2119 Separatio
796 2075 919 2110 vini&

139 2137 258 2172 aquae,
740 2135 753 2157 1
762 2135 820 2168 50,
853 2136 865 2158 1
874 2137 893 2169 5
902 2137 915 2159 1

87 2173 255 2220 Separatio
268 2184 451 2220 corporum
466 2184 533 2207 non
545 2185 606 2220 per
622 2173 737 2219 ignem
753 2173 918 2217 facienda,

851 2234 869 2268 3
880 2235 890 2257 ¹
900 2234 919 2269 7

89 2270 247 2318 Septimae
266 2270 440 2318 temporis,
850 2283 915 2314 241

89 2319 260 2367 Septimius
277 2321 419 2355 Severus
433 2319 553 2356 debuit
570 2331 627 2356 aut
641 2333 814 2369 nunquam
834 2321 921 2357 nasci

137 2379 195 2406 aut
212 2382 383 2417 nunquam
403 2370 506 2412 mori,
535 2381 616 2414 241.
671 2371 749 2406 Vide
767 2371 920 2407 Severus.

89 2421 169 2456 Sera
191 2419 397 2468 parsimonia
414 2419 449 2454 in
465 2419 573 2454 fundo
590 2420 649 2462 est,
856 2432 919 2467 175

89 2469 244 2505 Sermonis
275 2469 388 2504 anima
418 2469 517 2510 ratio,
550 2472 627 2514 158.
682 2469 763 2517 Ejus
793 2470 918 2517 triplex

137 2518 274 2561 divisio,
293 2520 368 2554 viz.
394 2518 526 2565 organi,
542 2519 748 2555 methodi&
771 2530 920 2563 ornatus,

143 2579 222 2614 159.
273 2568 428 2602 Sermonis
445 2580 596 2614 organon
615 2568 662 2604 est
679 2570 920 2616 grammatica,

138 2617 216 2654 ibid.
268 2617 391 2652 Altera
409 2616 452 2652 de
471 2617 654 2660 locutione,
679 2619 722 2653 de
738 2618 921 2666 scriptione

135 2666 252 2708 altera,
272 2665 350 2702 ibid.
379 2665 578 2709 Methodus,
602 2668 679 2712 165.
716 2667 769 2703 Ea
781 2668 920 2716 dupleX,

138 2715 214 2751 ibid.
242 2717 368 2751 Iterum
381 2716 521 2763 duplex,
536 2716 615 2752 ibid.
655 2718 835 2752 Sermonum
849 2729 920 2752 mu-

139 2777 256 2801 crones
274 2777 342 2800 non
361 2765 574 2812 negligendi,
599 2777 677 2813 171.
716 2766 921 2812 Omnesser-

139 2825 238 2849 mones
256 2827 323 2849 non
342 2814 516 2857 audiendi,
544 2817 627 2858 218,
649 2827 729 2862 219.
764 2817 922 2851 Sermonis

140 2865 293 2911 regimen
312 2864 470 2900 omnium
493 2865 635 2900 minime
654 2865 799 2912 prudens
812 2865 848 2899 ὅτ
863 2877 920 2911 po-

138 2913 280 2956 liticum,
310 2924 391 2948 222.
441 2914 615 2949 Sermonem
646 2914 814 2950 marinum
833 2927 920 2961 aqua

142 2961 300 2998 fluviatili
318 2963 468 3004 abluere,
849 2975 866 2998 2
875 2976 890 2998 2
897 2975 920 3000 0

93 3013 267 3054 Sertorius,
850 3024 868 3047 2
878 3025 890 3047 1
898 3025 919 3059 9

92 3061 240 3096 Servitus
257 3060 416 3096 ultimum
438 3061 620 3105 malorum,
850 3073 918 3108 205

94 3110 188 3144 Servi
204 3110 318 3146 divitis
336 3112 486 3146 maxime
496 3112 605 3157 servi,
739 3123 821 3159 172,
853 3123 918 3159 173

93 3160 188 3241 δενῧὶ
202 3171 268 3244 ηοῐΙι
283 3159 426 3195 delicate
441 3161 618 3203 traetandi,
640 3171 719 3197 221.
764 3162 830 3197 Per
844 3174 920 3208 gra-

175 3220 236 3246 οι..
272 3238 277 3243 .

1017 244 1079 279 dus
1097 246 1340 291 promovendi,
1359 245 1436 285 ibid.
1485 247 1525 282 In
1543 246 1582 283 iis
1596 248 1679 295 quid
1699 249 1800 296 potis-

1019 294 1142 329 simum
1160 294 1378 339 desideratur,
1628 298 1712 344 Pag.
1732 309 1772 332 22
1784 311 1796 334 1

967 343 1087 378 Servus
1103 344 1251 391 prudens
1264 345 1496 381 dominabitur
1524 345 1557 380 in
1588 346 1699 382 filium
1719 347 1799 383 stul-

1017 402 1104 435 tum,
1132 404 1151 427 2
1161 395 1214 430 18.
1266 395 1397 431 Modus
1411 407 1492 443 erga
1495 395 1608 442 servos
1620 396 1800 433 observan-

1017 441 1094 484 dus,
1731 457 1748 480 2
1757 458 1773 481 2
1781 460 1799 492 3

967 491 1139 526 Severinus
1159 493 1277 527 Danus
1296 492 1457 530 Paracelsi
1485 493 1738 543 philosophiam
1766 497 1800 532 in

1017 553 1142 589 corpus
1161 542 1307 589 redegit,
1735 558 1800 593 107

967 591 1135 626 Severitas
1151 603 1231 626 cum
1248 591 1426 627 clementia
1443 594 1675 641 temperanda,
1729 607 1796 642 252

967 640 1104 675 Severus
1121 639 1310 676 vindicavit
1327 653 1474 678 mortem
1494 643 1687 687 Pertinacis,-
1753 649 1771 680 8
1779 650 1796 680 S

968 690 1067 723 Sexus
1084 689 1284 733 differentia,
1730 708 1799 742 343

969 738 1090 783 Sibylla
1107 738 1191 774 duos
1207 739 1312 775 libros
1329 740 1530 776 comburens
1555 745 1703 790 pretium
1734 745 1799 780 du-

1018 787 1175 834 plicavit,

1731 807 1743 828 1
1781 807 1798 824 t·

968 837 1154 883 Sigillorum
1171 837 1318 885 prafflca
1334 837 1366 872 in
1379 850 1469 881 cera,
1489 840 1557 876 &a
1591 853 1667 886 144.
1722 806 1800 889 T7y³-

1020 886 1229 934 pographiae
1246 887 1339 922 viam
1360 888 1570 931 monstravit,
1734 905 1800 937 145

971 936 1141 970 Silentium
1160 936 1246 971 inter
1262 948 1360 979 artes,
1730 954 1800 985 214

971 985 1006 1019 A
1015 986 1145 1029 stlentio
1162 988 1356 1022 contumaci
1375 988 1582 1030 cavendum,-
1730 996 1797 1025 215

968 1034 1106 1081 Siliquae
1123 1035 1348 1078 scientiarum,
1732 1042 1799 1086 165

970 1085 1141 1119 simulatio
1160 1085 1405 1120 simulationem
1427 1086 1618 1134 impellens,
1729 1101 1772 1135 23
1783 1103 1797 1124 1

969 1153 1018 1159 --
1031 1133 1098 1180 ejus
1115 1135 1300 1170 commoda
1319 1136 1355 1170 &
1367 1135 1597 1178 incommon
1630 1138 1712 1183 236,
1730 1150 1797 1185 237

969 1183 1121 1218 Sinarum
1139 1196 1282 1231 regnum
1302 1185 1455 1220 nondum
1474 1186 1600 1233 gaudet
1613 1187 1669 1222 usu
1681 1187 1803 1235 alpha-

1019 1233 1099 1275 beti,
1729 1249 1801 1284 294

968 1282 1080 1317 Sixtus
1094 1283 1138 1318 V.
1166 1283 1325 1318 Pontifex
1357 1296 1422 1331 pro
1454 1283 1637 1320 fraterculo
1667 1286 1802 1323 habitus

1018 1344 1097 1367 cum
1115 1332 1312 1368 eveheretur
1328 1336 1369 1368 ad
1386 1345 1564 1380 papatum,
1587 1345 1643 1380 32.
1688 1335 1727 1370 In
1743 1349 1799 1371 ne-

1017 1382 1122 1428 gotiis
1140 1392 1254 1416 tamen
1272 1383 1430 1418 civilibus
1448 1384 1696 1427 versatissimus,
1716 1385 1800 1423 ibid.

968 1430 1072 1465 Sobole
1085 1431 1174 1467 aneti
1187 1433 1298 1478 magis
1312 1431 1434 1467 soliciti
1446 1432 1489 1467 de
1503 1432 1588 1468 statu
1607 1433 1800 1471 futurorum

1017 1489 1227 1528 temporum,
1753 1497 1801 1531 59

966 1529 1123 1572 Socrates,
1144 1543 1162 1577 3
1173 1544 1201 1566 1.
1255 1530 1442 1566 Accusatur
1454 1530 1512 1566 sub
1527 1531 1669 1579 triginta
1682 1543 1798 1580 tyran-

1014 1579 1077 1621 nis,
1106 1592 1164 1624 34.
1216 1579 1390 1615 Heroibus
1406 1591 1643 1617 annumeratus
1671 1583 1708 1617 δε
1723 1596 1800 1618 om-

1016 1628 1112 1664 nibus
1130 1629 1313 1664 honoribus
1331 1630 1535 1673 cumulatus,
1718 1632 1801 1669 ibid.

968 1679 1112 1714 Socratis
1128 1678 1280 1726 elogium
1299 1691 1319 1713 a
1336 1678 1491 1722 Platone,
1753 1694 1797 1728 37

965 1728 1122 1770 Socrates,
1148 1729 1265 1764 omnia
1283 1728 1318 1762 in
1335 1727 1442 1764 dubio
1459 1729 1611 1777 reliquit,
1629 1742 1688 1776 45.
1716 1732 1802 1781 Qo

1016 1776 1106 1812 sensu
1118 1776 1372 1825 philosophiam
1381 1778 1560 1813 devocavit
1569 1779 1611 1815 de
1623 1781 1759 1826 coelo‚4
1764 1794 1800 1826 5,

1017 1837 1099 1873 291.
1152 1825 1342 1862 Altercatio
1359 1825 1428 1874 ejus
1445 1840 1525 1863 cum
1552 1827 1714 1878 sophista,
1741 1832 1800 1878 67.

1016 1876 1140 1911 Iterata
1169 1876 1257 1918 vice,
1288 1886 1368 1911 202.
1422 1876 1537 1913 Itonia
1567 1878 1685 1922 utitur,
1717 1891 1797 1924 14¹·

1017 1926 1052 1959 A
1070 1925 1236 1961 Cicerone
1257 1936 1404 1970 notatus,
1437 1938 1516 1976 117.
1568 1928 1718 1965 Natator
1731 1929 1801 1976 ejus

1016 1974 1152 2017 Delius,
1731 1990 1801 2015 120

965 2023 1063 2067 Soda,
1731 2040 1799 2074 145

967 2074 1021 2108 Sol
1038 2074 1145 2110 bonus
1174 2074 1211 2109 ὅτ
1244 2074 1350 2109 malus
1375 2073 1511 2109 diverso
1539 2075 1686 2123 aspectu,
1719 2089 1800 2125 173.

1015 2124 1113 2158 Solem
1126 2124 1293 2160 orientem
1308 2125 1420 2172 plures
1434 2123 1576 2160 adorant
1588 2138 1693 2173 quam
1707 2129 1797 2163 occi-

1015 2173 1166 2214 dentem,
1208 2185 1289 2215 224.
1343 2173 1398 2208 De
1423 2173 1490 2218 sole
1520 2174 1681 2221 plurima,
1711 2189 1797 2224 319,

1018 2233 1101 2269 327.
1140 2222 1271 2258 Caloris
1288 2222 1356 2268 ejus
1373 2222 1524 2270 respectu
1539 2223 1626 2270 ignis
1640 2225 1799 2262 differen-

1016 2271 1075 2313 tia,
1729 2288 1746 2321 3
1752 2287 1800 2321 50

966 2321 1118 2357 Soliditas
1134 2321 1308 2356 coelorum
1329 2319 1516 2367 rejicienda,
1729 2337 1798 2361 100

968 2371 1178 2407 Solennitates
1197 2370 1381 2406 verborum
1400 2371 1435 2406 δε
1454 2372 1622 2416 aCtorum,
1727 2386 1799 2420 250

968 2420 1108 2456 Solertia
1125 2420 1318 2461 brutorum,
1727 2436 1746 2470 3
1752 2435 1795 2470 52

967 2470 1135 2506 Solomonis
1144 2468 1328 2517 aphorismi
1344 2468 1411 2504 five
1423 2472 1642 2517 proverbia,2
1653 2485 1665 2507 1
1673 2483 1730 2520 7,2
1741 2487 1753 2508 1
1763 2476 1780 2508 8
1785 2500 1797 2516 ,

1017 2519 1086 2555 &a
1141 2519 1418 2561 pronuntiatum,
1463 2531 1545 2565 312.
1603 2523 1799 2559 Sententiae

1018 2569 1183 2616 quaedam
1202 2569 1245 2604 de
1263 2568 1411 2609 scientia,
1451 2570 1510 2609 28,
1538 2581 1596 2617 29,
1627 2583 1686 2618 30,
1717 2584 1798 2619 109.

1019 2618 1211 2665 Sapientiae
1228 2618 1357 2653 donum
1376 2618 1420 2652 ab
1450 2630 1491 2654 eo
1507 2621 1710 2666 praelatum,
1737 2626 1795 2666 48.

1017 2668 1152 2716 Qubus
1169 2667 1202 2702 in
1221 2668 1318 2703 rebus
1331 2667 1468 2703 caeteris
1481 2670 1690 2712 excelluerit,
1717 2671 1797 2707 ibid.

968 2717 1119 2760 Solomon,
1663 2732 1720 2766 35,
1748 2724 1794 2764 48

968 2767 1057 2802 Solon
1077 2767 1165 2813 leges
1183 2765 1279 2801 dedit
1297 2766 1459 2814 optimas,
1487 2779 1569 2815 quas
1600 2768 1690 2804 cives
1707 2770 1794 2804 acci-

1018 2828 1097 2864 pere
1112 2815 1303 2858 voluerunt,
1323 2816 1380 2861 36.
1431 2819 1526 2853 Acte
1536 2817 1796 2853 dierum-sdver-

1016 2866 1066 2901 sus
1093 2877 1171 2900 eum
1201 2865 1261 2901 sub
1294 2865 1433 2913 persona
1450 2867 1586 2909 Graeci,
1614 2878 1670 2909 40.
1724 2868 1794 2903 Re-

1017 2914 1178 2963 sponsum
1211 2914 1278 2963 ejus
1296 2914 1422 2951 Croeso
1454 2929 1572 2951 aurum
1599 2916 1794 2959 ostentanti,

1615 2975 1695 3010 243,
1725 2977 1796 3010 244

969 3013 1089 3048 Solutio
1106 3012 1333 3049 continuitatis
1351 3014 1385 3049 in
1400 3013 1542 3049 scientiis
1555 3013 1705 3057 vitanda,
1729 3027 1793 3061 117

967 3063 1073 3098 Somni
1101 3063 1257 3107 geminae
1298 3073 1430 3110 portae,
1470 3073 1548 3097 212.
1601 3063 1796 3099 Somniorum

1016 3112 1219 3148 naturalium
1239 3112 1486 3158 interpretatiO,
1511 3114 1590 3153 118,
1615 3124 1692 3160 119.
1713 3114 1795 3149 Plu-

1017 3163 1110 3198 rimis
1129 3162 1250 3209 ineptis
1266 3161 1379 3203 scatet,
1412 3175 1424 3197 1
1436 3172 1488 3206 ¹9·
1539 3162 1668 3197 Somnus
1683 3162 1719 3198 δε
1738 3176 1795 3199 ve-

1305 3210 1342 3244 H
1359 3211 1378 3244 h
1397 3210 1417 3244 h
1448 3221 1463 3242 2
1734 3225 1795 3247 nus
