2040 3439
63 197 225 275 0¹29]ss
269 208 370 255 DE
423 206 921 261 AUGMENTis
975 182 1580 268 scmNTtAR‘UM.
1716 222 1808 276 161

60 324 213 383 pliciora
237 325 347 387 verba
371 323 568 374 postulant.
625 330 731 380 Quin
755 329 916 368 Hebraei
939 341 1086 369 tantum
1111 331 1406 382 compositiones
1429 334 1508 371 illas
1530 336 1668 376 rcfiioi-

59 393 140 430 unt,
168 392 209 420 ut
229 381 364 419 malint
387 381 606 430 metaphora
629 384 731 421 abuti
755 397 867 432 quam
893 384 1212 436 compositionem
1237 387 1487 427 introducere.
1545 369 1665 444 Quiii-

58 439 172 499 etiam
196 436 317 474 verbis
343 444 421 493 tam
445 437 569 485 paucis
590 439 626 474 δί
647 439 807 475 minime
828 443 1043 478 commixtis
1064 452 1233 488 utuntur,
1273 453 1314 481 ut
1335 446 1446 496 plane
1470 456 1514 482 cx
1536 444 1663 496 lingua

56 493 131 546 ipsa
157 493 240 540 quis
260 490 453 540 perspiciat
475 502 629 540 gentem
659 493 763 531 fuiss'e
786 494 891 531 illam
915 497 1158 544 Nazaraeam‚
1198 499 1235 535 ὅ(
1260 511 1280 534 a
1303 501 1457 548 reliquis
1484 502 1661 549 gentibus

53 547 275 606 separatam..
308 545 470 607 ‘Annon
491 548 528 584 δε
543 546 637 584 illud
661 547 920 587 observatione
939 551 1098 600 dignum
1117 551 1219 597 (licet
1242 553 1354 591 nobis
1375 554 1569 592 modernis
1590 557 1657 607 spi-

50 601 141 657 ritus
156 600 332 639 nonnihil
347 601 536 649 retundat)
552 603 721 651 antiquas
736 603 880 653 linguas
894 606 1020 656 plenas
1035 605 1343 655 declinationum,
1374 610 1537 656 casuum,
1567 623 1657 650 con-

49 658 300 708 jugationum,
337 665 568 705 temporum,
608 659 645 695 <Sc
672 656 850 696 similium
878 659 1005 701 fuiffe;
1043 661 1242 698 modernas
1268 661 1325 699 his
1350 663 1429 702 fere
1457 664 1643 704 destitutas

46 713 207 766 plurima
219 723 285 761 per
306 708 596 760 praepositiones
618 715 654 749 δε
671 714 780 750 verba
803 713 989 752 auxiliaria
1006 714 1166 764 segniter
1186 717 1370 766 expedire.
1429 720 1527 757 Sane
1546 700 1656 760 facile

45 768 126 820 quis
149 767 338 812 conjiciat,
370 766 575 814 (utcunque
595 768 707 804 nobis
730 766 792 819 ipsi
807 770 1031 819 placeamus)
1058 769 1206 819 ingenia
1220 773 1392 820 priorum
1419 773 1653 814 sacculorum

44 822 177 863 nostris
199 821 303 860 fuiffe
327 822 452 857 multo
470 823 637 859 acutiora
662 825 698 859 ὃς
724 823 930 861 subtiliora.
986 826 1189 862 Innumera
1210 825 1295 862 sunt
1319 827 1517 875 ejusmodi,
1556 842 1652 878 quae

41 873 174 924 justum
195 877 378 914 volumen
404 877 596 927 complere
615 873 770 926 possint.
825 879 921 916 Non
945 879 1006 915 abs
1031 891 1070 915 re
1095 880 1209 928 igitur
1232 880 1344 917 fuerit
1368 885 1654 931 grammaticam

41 927 374 984 philosophantum
390 942 409 967 a
424 927 577 980 simplici
593 935 629 970 ὃς
644 931 804 970 literaria
819 933 1055 982 distinguere,
1086 935 1121 970 ὅ(
1137 932 1378 972 desideratam
1394 949 1552 989 ponere.

63 1023 71 1042 .>
92 986 166 1026 An
183 984 465 1036 grammaticam
487 988 600 1023 etiam
616 988 805 1036 pertinere
828 987 1034 1033 judicamus
1049 989 1180 1026 omnia
1199 990 1275 1036 illa,
1304 1002 1399 1039 quae
1421 992 1540 1030 verbis
1556 1006 1650 1042 quo·

39 1054 118 1092 quo
139 1041 261 1079 modo
284 1039 466 1088 accidunt,
497 1040 616 1090 qualia
639 1041 723 1079 sunt
748 1041 871 1089 sonus,
901 1043 1086 1089 mensura,
1124 1054 1308 1082 accentus.
1365 1046 1421 1084 At
1443 1046 1562 1098 prima
1585 1050 1650 1088 illa

40 1097 231 1148 literarum
252 1094 475 1146 simplicium
501 1097 684 1135 cunabula
703 1097 862 1147 (nempe
888 1110 961 1146 qua
987 1095 1223 1148 percuflione
1249 1100 1411 1149 linguae,
1449 1115 1521 1150 qua
1547 1115 1649 1152 aper-

37 1162 119 1203 tui-‘²
136 1154 224 1198 oris,
253 1164 326 1200 qua
341 1151 566 1188 adduffione
585 1153 785 1200 labiorum,
814 1165 893 1201 quo
908 1151 988 1191 nisu
1002 1155 1174 1203 gutturis,
1205 1152 1434 1204 singularum
1451 1159 1645 1196 literarum

39 1207 152 1250 sonus
173 1207 388 1257 generetur)
415 1207 461 1244 ad
483 1209 768 1256 grammaticam
785 1220 865 1244 non
886 1210 1091 1258 pertinent,
1121 1208 1182 1245 sed
1197 1211 1328 1258 portio
1352 1210 1436 1248 sunt
1452 1212 1646 1252 doetrinae

35 1263 85 1314 de
104 1261 205 1300 sonis
227 1261 293 1299 sub
315 1260 422 1299 sensu
445 1264 482 1299 &
504 1260 663 1299 sensibili
685 1263 884 1300 trastaiida.
943 1264 1078 1310 Sonus,
1113 1263 1159 1300 de
1184 1276 1261 1312 quo
1285 1266 1492 1313 loquimur,
1521 1280 1643 1317 gram-

35 1318 193 1356 maticus
222 1316 269 1355 ad.
298 1315 504 1368 euphonias
539 1327 689 1355 tantum
717 1319 881 1367 pertinet
912 1320 949 1355 ὅ(
977 1318 1213 1370 dysphonias.
1279 1320 1431 1358 Illarum
1460 1324 1643 1370 quaedam

33 1383 259 1430 communes
282 1370 388 1409 sunt:
417 1373 535 1411 Nulla
557 1373 660 1409 enim
676 1373 725 1410 est
746 1374 886 1423 lingua,
916 1372 1006 1421 quin
1022 1374 1212 1411 vocalium
1233 1378 1543 1414 concurrentium
1564 1378 1638 1415 hia-

30 1438 102 1485 tus,
129 1436 193 1464 aut
207 1426 500 1465 consonantium
516 1429 824 1466 concurrentium
840 1427 1047 1476 asperitates
1062 1426 1292 1476 aliquatenus
1312 1429 1483 1479 refugiat.
1543 1433 1638 1471 Sunt

31 1483 184 1533 &aliae
204 1479 435 1531 respeffivoe,
463 1493 557 1533 quae
580 1481 718 1519 seilicet
739 1481 972 1520 diversorum
996 1474 1230 1534 populorum
1253 1484 1402 1521 auribus
1425 1495 1548 1534 gratae
1571 1498 1635 1525 aut

31 1537 197 1589 ingratae
215 1536 408 1574 accedunt.
468 1537 607 1574 Graeca
622 1536 747 1586 lingua
766 1536 1011 1586 diphthongis
1026 1537 1161 1577 scatet3
1190 1539 1321 1575 Latina
1338 1540 1452 1584 longe
1467 1542 1633 1590 parcius:

29 1595 176 1644 lingua
189 1589 386 1642 Hispanica
402 1592 526 1630 literas
545 1602 676 1630 tenues
691 1591 784 1639 odit,
814 1591 945 1641 easque
959 1592 1080 1629 statim
1096 1593 1207 1630 vertit
1223 1594 1263 1629 in
1279 1580 1424 1630 medias
1433 1609 1440 1631 ;
1468 1596 1638 1644 Linguae

31 1661 126 1700 quae
151 1659 194 1684 ex
220 1643 355 1684 Gothis
379 1644 530 1694 fluxere,
567 1647 731 1697 aspiratis
754 1647 942 1697 gaudent:
980 1647 1105 1685 Multa
1131 1645 1214 1684 sunt
1241 1647 1452 1694 ejusmodi:
1492 1651 1640 1689 Verum

31 1704 122 1754 haec
136 1701 211 1753 ipsa
225 1700 373 1739 fortass‘e
388 1703 469 1751 pius
486 1701 581 1740 satis.

83 1759 156 1797 AT
177 1756 350 1795 mensura
364 1757 568 1795 verborum
591 1759 723 1807 ingens
743 1757 854 1795 nobis
871 1769 1005 1810 corpus
1027 1759 1116 1795 artis
1131 1757 1296 1808 peperit;
1326 1757 1467 1808 poesim
1484 1758 1637 1808 scilicet,

30 1826 115 1854 non
137 1821 320 1864 quatenus
342 1811 388 1849 ad
411 1814 619 1860 materiam,
654 1813 702 1851 de
725 1825 798 1862 qua
821 1811 938 1862 supra,
968 1813 1029 1849 sed
1057 1824 1240 1862 quatenus
1262 1813 1307 1850 ad
1330 1812 1463 1862 stylum
1491 1816 1527 1852 ὃ(
1547 1815 1639 1865 figu-

31 1881 112 1920 ram
134 1867 349 1917 verborum,
378 1866 501 1906 versus
523 1869 708 1907 nimirum
723 1866 794 1907 sive
817 1866 1002 1906 carmina:
1034 1869 1148 1906 Circa
1167 1880 1262 1917 quae
1285 1880 1340 1905 ars
1358 1868 1516 1906 habetur
1538 1869 1640 1918 quasi

29 1923 178 1976 pusilla5
206 1923 375 1972 exempla
388 1922 569 1962 accedunt
582 1923 748 1973 grandia,
778 1925 815 1960 &
828 1921 984 1960 infinita.
1043 1925 1180 1971 Neque
1195 1933 1324 1959 tamen
1344 1934 1399 1959 ars
1419 1922 1481 1960 illa
1503 1922 1634 1972 (quam

28 1977 243 2034 prosodiam
265 1977 501 2027 grammatici
525 1979 726 2028 appellant)
749 1977 795 2015 ad
810 1979 1022 2015 carminum
1045 1990 1183 2027 genera
1198 1979 1234 2014 ὅ(
1255 1977 1445 2015 mensuras
1470 1978 1629 2016 edocen-

29 2030 263 2086 dastantum
283 2031 452 2082 restringi
475 2033 629 2071 debeat:
665 2031 889 2080 Adjicienda
910 2030 1011 2069 enim
1032 2032 1116 2070 sunt
1138 2042 1341 2084 praecepta,
1381 2032 1484 2081 quod
1505 2033 1634 2070 carmi-

29 2102 124 2132 num
147 2100 265 2140 genus
290 2088 426 2137 cuique
450 2089 625 2126 materiae
650 2086 721 2127 sive
746 2086 911 2132 subjecto
936 2089 1083 2137 optime
1107 2088 1319 2124 conveniat.
1383 2086 1546 2136 Antiqui
1572 2088 1632 2126 he-

29 2147 132 2186 roica
151 2145 316 2181 carmina
335 2142 494 2181 historiis
514 2146 551 2181 ὅ(
570 2144 755 2181 encomiis
775 2143 1072 2192 applicaverunt3
1102 2144 1228 2191 elegos
1248 2142 1510 2190 querimoniis,
1540 2144 1630 2179 iam-

28 2203 98 2243 bos
123 2196 322 2244 investivis,
360 2199 497 2246 lyricos
525 2199 606 2235 odis
631 2201 668 2235 &
693 2198 855 2246 hymnis.
923 2199 1061 2246 Neque
1085 2197 1173 2234 hace
1199 2197 1392 2246 prudentia
1418 2196 1633 2234 recentiori-

28 2257 97 2300 bus
120 2255 241 2307 poetis
261 2254 302 2290 in
322 2252 459 2301 linguis
479 2254 642 2304 propriis
665 2252 810 2289 defuit:
839 2253 932 2289 illud
956 2251 1317 2300 reprehendendum,
1347 2251 1451 2299 quod
1476 2252 1633 2299 quidam

27 2309 258 2360 antiquitatis
284 2309 449 2345 nimium
475 2306 636 2354 studiosi,
675 2308 820 2356 linguas
845 2306 1045 2344 modernas
1071 2306 1116 2342 ad
1142 2305 1330 2342 mensuras
1356 2307 1526 2354 antiquas
1555 2306 1630 2352 (he-

27 2362 158 2412 roicas,
193 2364 382 2412 elegiacaS,
417 2362 615 2412 sapphicas,
655 2363 739 2409 διε.)
765 2361 957 2399 traducere
981 2362 1108 2398 eonati
1133 2360 1229 2407 sunt,
1265 2372 1354 2408 quas
1378 2359 1539 2412 ipsarum
1564 2362 1633 2397 lin-

25 2431 183 2472 guarum
210 2418 350 2456 fabrica
368 2417 519 2469 respuit,
560 2429 630 2454 nec
650 2419 776 2454 minus
799 2429 899 2454 aures
927 2416 1142 2453 exhorrent.
1199 2416 1241 2451 In
1271 2414 1488 2461 hujusmodi
1518 2415 1628 2453 rebus

26 2475 149 2516 sensus
164 2473 347 2522 judicium
361 2473 447 2510 artis
467 2473 673 2524 praeceptis
688 2471 1013 2523 praeponendum,
1042 2480 1082 2508 ut
1097 2471 1147 2507 ait
1163 2470 1249 2507 ille:

411 2552 721 2608 Coenaefercula
736 2551 882 2605 nostrae

302 2610 470 2651 Mallem
484 2611 670 2649 convivis
685 2606 991 2663 quamplacmffe
1005 2608 1116 2646 cocis.

26 2689 164 2738 Neque
178 2699 268 2726 vero
282 2699 338 2725 ars
358 2686 418 2734 est,
447 2685 509 2724 sed
525 2686 612 2723 artis
630 2682 772 2731 abusus,
801 2695 888 2723 cum
904 2681 966 2720 illa
980 2692 1152 2720 naturam
1168 2691 1249 2717 non
1265 2675 1440 2728 perficiat,
1471 2675 1531 2713 sed
1548 2687 1627 2727 per-

24 2753 154 2782 vertat.
212 2744 357 2781 Verum
378 2742 485 2792 quod
505 2741 550 2778 ad
573 2739 712 2790 poesim
733 2740 880 2785 attinet,
919 2735 1003 2784 (sive
1026 2737 1072 2774 de
1092 2734 1235 2781 fabulis,
1264 2732 1334 2771 sive
1357 2733 1404 2769 de
1424 2741 1550 2768 metro
1570 2732 1626 2767 lo-

25 2796 213 2848 quamur,)
243 2798 291 2834 est
311 2799 386 2844 illa,
417 2796 472 2843 (ut
496 2796 658 2847 superius
677 2795 864 2841 diximuS,)
899 2803 1077 2843 tanquam
1103 2790 1218 2828 herba
1242 2788 1441 2832 luxurians,
1477 2784 1552 2822 sine
1573 2785 1624 2822 se·

24 2854 129 2891 mine
152 2862 249 2898 nata,
284 2865 326 2890 ex
347 2854 476 2902 vigore
499 2849 607 2902 ipsius
628 2861 748 2887 tetrae
772 2849 997 2899 germinans.
1063 2847 1188 2897 Qate
1211 2844 1350 2891 ubique
1376 2840 1487 2892 serpit
1511 2843 1549 2878 ὃς
1576 2841 1624 2876 la-

25 2903 166 2945 tiffime
190 2906 321 2945 diffusa
346 2907 406 2953 est,
444 2917 485 2943 ut
508 2905 774 2954 supervacuum
797 2903 896 2940 foret
923 2902 969 2938 de
996 2900 1199 2938 defectibus
1223 2899 1301 2944 ejus
1324 2896 1514 2933 solicitum
1540 2894 1620 2932 csse.

25 2961 86 3000 De
111 2959 174 2999 illa
197 2960 310 3011 igitur
332 2974 418 3000 cura
444 2961 492 2997 est
517 2960 730 3006 abjicienda.
786 2956 903 3009 Qiod
929 2969 1021 2994 vero
1046 2957 1090 2993 ad
1116 2963 1288 2992 accentus
1314 2951 1530 2995 verborum,
1568 2947 1623 2984 nil

26 3028 120 3066 opus
144 3015 192 3054 cst
210 3016 257 3054 de
272 3030 310 3054 re
332 3027 410 3054 tam
426 3014 552 3065 pusilla
571 3015 716 3054 dicere3
746 3011 812 3050 nisi
835 3012 934 3049 forte
951 3011 1043 3048 illud
1066 3009 1147 3062 quis
1163 3018 1295 3046 notatu
1319 3006 1479 3055 dignum
1494 3013 1621 3053 putct;

25 3070 130 3122 quod
149 3083 321 3111 accentus
334 3072 538 3111 verborum
553 3068 744 3120 exquisite,
773 3078 946 3105 accentus
962 3077 1089 3106 autem
1112 3062 1380 3105 sententiarum
1402 3061 1621 3106 neutiquam

82 3126 144 3167 VO
151 3137 188 3164 L.
216 3127 245 3165 I.
807 3124 842 3163 X
1583 3109 1622 3147 in
