2040 3439
1991 46 1995 87 l

118 151 213 201 322
632 129 961 180 NovuM
1032 125 1526 177 ORGANUM.
1738 123 1922 209 fumi·
1992 115 1997 191 ξ

300 242 450 274 vocant.
508 234 567 270 De
590 232 653 269 illa
672 231 825 267 flamma
849 236 991 273 autem,
1029 237 1143 274 quam
1172 226 1329 276 antiqui
1357 236 1491 262 nautae
1519 227 1704 264 vocabant
1734 228 1926 270 Castorem

304 294 341 329 ὅ(
365 290 590 334 Polllucem,
621 288 658 322 δε
674 284 852 321 moderni
877 281 1010 318 focum
1034 279 1148 317 sancti
1169 281 1290 326 Emi,
1319 281 1472 329 qualem
1500 282 1665 319 calorem
1682 282 1826 332 habeat,
1840 297 1922 324 non

305 346 388 383 satis
405 341 610 393 quaesitum
625 338 685 377 est.

826 402 902 443 Ad
909 403 1133 457 septimam,
1162 400 1396 443 duodecima.
1858 408 1889 440 a*

358 480 511 515 OMNE
538 475 702 525 'ignitum
724 475 776 511 ita
796 483 838 511 ut
861 483 1026 511 vertatur
1045 471 1085 509 in
1114 472 1293 510 ruborem
1318 473 1487 521 igneum,
1516 470 1628 508 etiam
1658 471 1733 510 fine
1766 474 1918 517 flamma
1969 506 1971 508 .

304 543 488 585 perpetuo
517 529 680 568 calidum
709 528 783 570 est3
815 537 941 577 neque
965 529 1052 565 huic
1087 524 1328 564 affirmativae
1361 525 1599 576 subjungitur
1623 530 1790 577 negativa
1805 547 1820 572 ,ς
1858 529 1919 570 sed

305 589 410 639 quod
429 587 470 624 in
490 584 665 636 proximo
693 584 754 629 est,
782 584 932 621 videtur
957 583 1030 626 effe
1054 584 1203 632 lignum
1229 592 1363 631 putre3
1398 582 1503 629 quod
1530 581 1698 633 splendet
1717 585 1843 632 ηοᾶιι,
1859 597 1923 624 ne.

306 656 378 693 quc
394 652 524 680 tamen
544 639 845 690 deprehenditur
863 639 1026 676 calidum
1043 652 1053 674 ι
1092 641 1128 674 ὅ(
1156 636 1328 686 squamae
1349 636 1506 688 piscium
1533 637 1793 686 putrescentes,
1812 653 1920 692 >quae

306 701 421 737 etiam
447 697 644 747 splendent
681 695 810 739 noctu,
840 706 911 732 nec
944 691 1186 730 inveniuntur
1214 692 1259 728 ad
1288 693 1429 728 tatium
1460 692 1620 733 calidae;
1657 705 1781 742 neque
1804 697 1919 734 etiam

304 765 441 805 corpus
465 752 670 789 cicindelae
689 760 752 788 aut
774 749 936 797 muscae,
973 749 1101 797 (quam
1131 758 1268 785 vocant
1291 748 1498 793 luciolam,)
1524 748 1690 786 calidum
1716 749 1761 786 ad
1780 750 1922 788 tactum

306 806 608 859 deprehenditur.

800 880 876 922 Ad
894 880 1088 930 ofiavam,
1117 881 1266 921 decima
1290 883 1424 922 tertia.
1737 903 1740 908 ·
2012 875 2029 924 'a

355 955 425 992 DE
450 953 592 990 balneis
620 951 759 998 calidiS,
797 951 838 987 in
861 961 941 998 quo
960 946 1028 986 situ
1052 952 1089 987 ὃ(
1112 960 1242 987 natura
1264 948 1331 986 soli
1361 961 1537 987 emanare
1558 949 1713 998 soleant,
1742 964 1825 990 non
1845 952 1924 993 satis

299 1007 507 1062 quaesitum
532 1008 581 1045 cst
599 1021 607 1044 :
638 1007 765 1055 itaque
785 1017 868 1043 non
889 1004 1129 1054 subjungitur
1147 1004 1328 1055 negativa.

817 1095 893 1137 Ad
907 1109 1058 1146 nonam,
1086 1094 1235 1136 decima
1260 1105 1415 1152 quarta.

361 1181 602 1230 L1qu11>1s
625 1176 855 1215 ferventibus
877 1175 1113 1224 subjungitur
1128 1177 1299 1224 negativa
1323 1173 1431 1225 ipsius
1459 1175 1594 1223 liquidi
1622 1173 1660 1212 in
1690 1184 1823 1214 natura
1847 1176 1922 1218 sua.

308 1236 474 1272 Nullum
502 1232 604 1270 enim
633 1230 824 1269 invenitur
845 1230 1032 1279 liquidust]
1056 1231 1251 1279 tangibile,
1287 1231 1389 1279 quod
1414 1228 1456 1267 fit
1484 1232 1524 1267 in
1551 1239 1679 1268 natura
1703 1231 1764 1268 sua
1787 1233 1825 1269 ὅ(
1849 1244 1925 1271 ma-

309 1300 397 1327 ncat
411 1287 622 1326 constanter
636 1287 800 1324 calidum
816 1303 827 1330 ;
843 1287 904 1324 sed
920 1285 1216 1335 superinducitur
1225 1286 1271 1323 ad
1291 1296 1437 1336 tempus
1454 1295 1602 1322 tantum
1613 1287 1729 1334 calor,
1743 1297 1782 1324 ut
1793 1297 1925 1326 natura

311 1344 466 1382 ascititia
481 1361 494 1388 ς
524 1344 621 1381 adeo
635 1353 676 1380 ut
697 1354 791 1390 quae
806 1340 984 1391 potestate
1001 1346 1036 1378 ‘cx'
1058 1340 1277 1390 operatione
1294 1341 1378 1379 sunt
1398 1340 1559 1378 maxime
1575 1341 1706 1386 calida,
1720 1351 1761 1378 ut
1776 1340 1926 1391 spiritus

311 1399 398 1447 vini,
421 1400 503 1436 olea
518 1409 732 1436 aromatum
747 1392 930 1445 chymiea,
947 1398 1060 1434 etiam
1083 1397 1166 1433 olea
1191 1395 1332 1435 vitrioli
1356 1399 1393 1434 ὃ(
1413 1394 1604 1446 sulphuris,
1621 1396 1659 1432 δι’,
1675 1394 1816 1443 similia,
1830 1411 1926 1447 quae

312 1456 427 1505 paulo
446 1453 526 1504 post
554 1455 728 1500 adurunt,
756 1453 803 1490 ad
828 1454 996 1501 primum
1025 1454 1167 1489 tactum
1189 1449 1259 1489 sint
1283 1450 1426 1501 frigida.
1482 1451 1596 1500 Aqua
1623 1456 1750 1488 autem
1774 1453 1926 1491 balneo-

311 1523 398 1547 rum
418 1511 647 1547 naturalium
671 1518 822 1557 excepta
850 1506 888 1544 in
915 1520 975 1544 vas
998 1508 1163 1558 aliquod,
1199 1511 1235 1545 ἃ
1262 1507 1420 1559 separata
1447 1518 1468 1542 a
1495 1506 1666 1543 fontibus
1698 1505 1783 1553 suis,
1805 1508 1926 1545 defer'·

310 1563 421 1602 vescit
439 1565 594 1615 perinde
615 1576 655 1600 ac
671 1576 765 1611 aqua
777 1564 866 1612 igne
880 1562 1064 1599 calefacta.
1107 1562 1163 1598 At
1179 1575 1310 1601 verum
1327 1561 1376 1599 est
1385 1573 1543 1613 corpora
1560 1560 1686 1598 oleos-a
1709 1561 1755 1598 ad
1782 1564 1925 1601 mistum

311 1621 426 1671 paulo
440 1622 568 1657 minus
592 1619 661 1657 effe
681 1616 816 1668 frigida
833 1630 946 1666 quani
961 1629 1102 1665 aquca5
1125 1627 1165 1654 ut
1186 1620 1316 1654 oleum
1340 1618 1465 1653 minus
1485 1627 1599 1664 quam
1628 1628 1734 1663 aqua,
1765 1616 1925 1656 sericum

311 1676 437 1713 minus
452 1687 566 1727 quam
581 1676 756 1712 linteum.
787 1674 932 1712 Verum
950 1673 1023 1710 hoc
1038 1673 1201 1722 pertinet
1216 1673 1261 1709 ad
1277 1673 1442 1710 tabulam
1459 1671 1644 1721 graduum
1659 1672 1706 1708 de
1728 1670 1882 1722 frigido.

795 1764 870 1804 Ad
894 1764 1092 1813 decimam,
1122 1763 1270 1803 decima
1289 1763 1441 1817 quinta.

370 1848 653 1884 SImLirER
673 1846 800 1894 vapori
833 1844 981 1882 fervido
1010 1844 1246 1893 subiungitur
1270 1841 1439 1892 negativa
1469 1852 1621 1878 natutae
1645 1840 1750 1891 ipsius
1769 1842 1926 1895 vaporis,

311 1904 432 1950 qualis
456 1903 553 1951 apud
573 1914 644 1938 nos
663 1901 868 1937 invenitur.
925 1901 1076 1936 Etenim
1101 1899 1353 1936 exhalationes
1373 1910 1416 1934 ex
1451 1895 1594 1943 oleofis,
1624 1898 1711 1934 lieet
1738 1897 1847 1936 facile
1873 1898 1927 1937 in-‘

305 1957 567 2004 flammabHes,
607 1967 737 1993 tamen
769 1967 850 1992 non
884 1956 1131 1992 inveniuntur
1154 1953 1305 2001 calidae,
1339 1950 1407 1990 nisi
1424 1964 1445 1989 a
1466 1963 1627 2004 corpore
1649 1953 1774 1990 calido
1800 1965 1927 1992 recen-

306 2024 362 2050 ter
384 2012 647 2050 exhalaverint.

810 2085 885 2126 Ad
898 2085 1096 2134 decimam,
1126 2084 1273 2124 decima
1286 2083 1421 2138 fi’xta.

372 2160 651 2197 SIMILITER
674 2155 748 2194 aeri
784 2153 849 2207 ipsi
883 2155 1041 2192 ferventi
1064 2152 1300 2203 subjungitur
1326 2153 1497 2202 negativa
1518 2160 1670 2188 naturae
1696 2149 1786 2188 a'e‘tis
1807 2147 1925 2201 ipsius.

312 2216 452 2263 Neque
472 2213 574 2252 enim
595 2214 785 2250 invenitur
810 2211 906 2260 apud
934 2222 1005 2247 nos
1029 2211 1091 2246 a'er
1120 2207 1283 2250 calidus3
1312 2206 1380 2245 nisi
1404 2206 1515 2244 fuerit
1535 2215 1598 2243 aut
1627 2204 1835 2254 conclusus,
1863 2216 1926 2244 aut

313 2269 473 2317 attritus,
502 2280 564 2306 aut
581 2265 773 2306 manifeste
797 2266 992 2303 calefactus
1012 2277 1032 2301 a
1048 2264 1137 2311 sole,
1153 2265 1253 2313 igne,
1274 2274 1336 2301 aut
1356 2263 1485 2314 aliquo
1499 2263 1574 2299 alio
1590 2272 1750 2313 corpore
1764 2261 1898 2300 calido.

772 2358 847 2399 Ad
856 2356 1107 2405 undecimam,
1134 2355 1283 2395 decima
1296 2356 1480 2409 septima.

371 2439 393 2474 S
406 2450 465 2475 Uss
473 2449 492 2488 J
503 2448 528 2474 U
540 2447 603 2474 Nc,
617 2447 631 2472 1
642 2446 665 2471 T
676 2445 741 2471 UR
771 2434 942 2483 negativa
961 2431 1223 2484 tempestatum
1238 2430 1462 2480 frigidarum
1485 2430 1603 2479 magis
1626 2440 1740 2477 quam
1754 2440 1825 2479 pro
1841 2429 1926 2466 rati-

315 2504 390 2528 one
405 2494 589 2542 temporis
605 2491 709 2535 anni,
743 2501 837 2538 quae
866 2489 1045 2525 eveniunt
1068 2488 1165 2537 apud
1180 2498 1252 2523 nos
1272 2486 1385 2522 flante
1413 2497 1504 2522 euro
1533 2486 1569 2521 <Sc
1589 2485 1720 2521 borea:
1750 2484 1926 2537 quemad-

315 2547 475 2584 modum
493 2550 527 2583 &
557 2547 766 2584 contrariae
791 2542 1025 2593 tempestates
1054 2544 1235 2580 eveniunt
1260 2540 1376 2577 flante
1405 2540 1525 2577 austro
1552 2541 1588 2576 ὃ(
1616 2540 1796 2588 zephyro.
1850 2537 1926 2577 Eti-

315 2613 376 2636 am
413 2599 607 2639 inclinatio
639 2600 684 2637 ad
714 2601 880 2650 pluviam
905 2597 1139 2648 (praesertim
1174 2595 1411 2647 temporibus
1447 2595 1694 2644 hyemalibus)
1725 2592 1926 2633 comitatur

314 2657 569 2705 tempestatem
592 2655 759 2708 tepidam
785 2669 793 2692 :
825 2664 862 2691 at
889 2654 977 2703 gelu
997 2663 1130 2690 contra
1149 2649 1334 2701 frigidam.

766 2746 841 2786 Ad
861 2744 1136 2793 duodecimam,
1164 2740 1313 2783 decima
1332 2742 1486 2782 oft'ava.

370 2819 735 2867 SUBJUNGITUR
776 2819 947 2868 negativa
988 2817 1082 2854 aei-is
1115 2813 1280 2854 conclusi
1312 2817 1353 2852 in
1388 2813 1552 2852 cavernis
1580 2822 1754 2860 tempore
1777 2810 1923 2848 aestivo.

313 2872 368 2909 At
397 2873 443 2908 de
472 2875 554 2908 aere
583 2872 764 2910 concluso
785 2875 950 2910 omnino
979 2870 1194 2921 diligentius
1222 2869 1503 2919 inquirendum.
1558 2869 1689 2904 Primo
1720 2869 1823 2902 enim
1842 2877 1925 2902 non

315 2927 449 2978 absque
472 2926 576 2963 causa
605 2925 642 2962 in
666 2928 945 2966 dubitationem
969 2928 1084 2974 venit,
1119 2924 1236 2975 qualis
1265 2923 1307 2962 fit
1339 2935 1470 2962 natura
1489 2924 1592 2969 a'e'ris,
1614 2931 1795 2971 quatenus
1810 2921 1854 2957 ad
1870 2932 1925 2958 ca-

315 2981 435 3019 lidum
458 2983 494 3018 &
519 2979 698 3031 frigidum
719 2984 760 3019 in
785 2993 919 3021 natura
939 2982 1000 3021 sua
1021 2983 1182 3034 propria.
1239 2977 1389 3030 Recipit
1414 2981 1519 3017 enim
1539 2979 1598 3014 ae't
1626 2976 1788 3015 calidum
1805 2976 1924 3013 mani-

1833 3030 1923 3067 festo
