2040 3439
166 223 258 258 202

397 206 496 250 DE
540 198 1032 266 AUGMENTJS
1083 191 1683 243 sci‘ENTmRUM
1740 197 1949 262 tabam-,2

340 304 405 330 aut
438 295 475 329 in
495 291 700 329 sinceritate
715 290 907 326 fruitionis
924 285 985 323 sita
1006 283 1069 332 est,
1099 285 1214 323 autin
1231 286 1396 330 ejusdcm
1419 285 1565 335 vigore:
1594 286 1771 337 Qioruni
1787 288 1947 336 aiterum

341 349 487 385 inducit
515 350 551 383 δε
583 345 733 397 praestat
764 343 973 390 aequalitas,
1002 343 1161 378 alterum
1191 351 1316 377 autem
1341 339 1491 378 varietas
1521 342 1559 377 &
1580 337 1810 391 vicissituclog
1840 343 1947 391 Alte-

343 415 429 440 rum
448 404 640 438 minorem
657 399 766 436 habet
789 399 991 434 mixturam
1011 397 1113 442 mali,
1141 397 1302 433 alterum
1318 391 1602 445 impressi0nem
1622 397 1740 445 magis
1755 396 1895 444 fortem
1911 399 1950 445 ὅς

344 457 503 494 vividam
536 452 638 492 boni.
699 453 913 498 Caeterum,
943 451 1083 488 horum
1122 460 1250 487 utrum
1279 449 1425 497 melius,
1465 449 1682 499 ambigitur:
1711 451 1825 497 Dein,
1853 463 1947 500 num

346 523 477 548 natura
495 510 657 546 humana
677 519 879 555 utrumque
895 503 1001 543 simul
1018 505 1113 557 apud
1131 505 1164 542 se
1185 506 1344 542 retinere
1359 501 1484 555 ponit,
1514 517 1595 542 non
1607 506 1819 557 inquiritur.
1835 554 1839 555 ⁷

400 567 474 602 AT
490 575 590 616 Qui:
622 572 806 611 quantum
829 561 874 598 ad
894 560 942 607 id,
972 561 1018 597 de
1039 572 1118 610 quo
1143 561 1359 609 ambigitur,
1389 558 1557 597 ventilari
1577 561 1701 609 coepit
1717 558 1778 597 illa
1797 572 1949 603 cont-ro.-

346 619 456 660 vcrfia
482 622 580 655 inter
605 619 799 655 Socratem
825 619 861 653 δε
888 616 1083 668 sophistam
1112 615 1313 664 quendam.
1370 615 1430 652 Ac
1459 615 1627 652 Socrates
1652 615 1807 661 quidem
1826 616 1950 665 affer&

346 678 422 721 bat,
452 671 702 712 Felicitatem
717 670 837 722 sitam
853 668 923 722 effe
941 670 982 707 in
997 670 1118 707 [mimi
1134 678 1234 722 pace
1258 666 1451 721 constante
1476 668 1523 711 ὅ)
1537 667 1950 722 tranqtfillz'tateffispf

346 727 464 782 phista
485 740 576 766 vero
595 726 633 764 in
649 727 734 774 hoe,
765 727 825 766 Ut
856 727 937 775 quis
953 727 1118 762 multum
1139 735 1298 774 appetat,
1330 727 1366 762 δε
1393 726 1557 762 multum
1573 724 1726 762 fruatur.
1784 726 1952 777 Quin&

347 787 392 823 ab
417 781 644 833 argumentis
668 780 802 831 delapsi
825 781 909 818 sunt
925 781 970 818 ad
986 778 1166 820 convitia;
1195 779 1355 817 Dicente
1380 777 1550 829 sophista,
1578 780 1798 817 felicitatem
1820 782 1952 827 §Ocra-

348 840 406 887 tis,
436 840 564 890 stipitis
594 839 651 874 vel
682 838 812 889 lapidis
843 837 911 873 css'e
941 834 1176 876 felicitatem3
1205 847 1225 872 c
1253 846 1368 872 conta
1398 838 1561 883 Socrate,
1590 834 1770 885 sophistae
1801 835 1952 883 felicita·

347 906 441 941 tem,
470 892 688 930 felicitatem
712 892 780 928 ess'e
809 889 968 938 scabiosi,
1006 892 1070 940 qui
1100 900 1282 942 perpetuo
1310 891 1471 942 pruriret
1503 893 1540 927 ὃ(
1569 890 1755 942 scalperet.
1814 893 1953 941 Neque

346 962 476 988 tamen
500 947 632 985 desunt
662 946 812 996 utrique
841 946 1044 983 sententiae
1072 945 1133 983 sua
1154 946 1400 983 firmamenta.
1458 947 1562 983 Nam
1591 945 1736 982 Socrati
1765 946 1954 1008 afl'entjtqr

348 1007 404 1041 vel
424 1005 570 1055 Epicuri
584 1002 707 1039 schola
718 1002 803 1052 ipsa,
833 1013 926 1050 quae
937 1002 1092 1047 virtutis,
1122 1000 1166 1037 ad
1183 999 1410 1047 felicitatem,
1438 1010 1559 1050 partes
1573 999 1643 1037 effe
1653 1001 1954 1050 maximagnqn

348 1056 590 1097 diffitebatur.
648 1058 766 1109 Quod
799 1055 825 1093 fi
858 1058 908 1093 ita
928 1054 982 1104 fit,
1011 1066 1115 1093 certo
1130 1058 1264 1093 certius
1290 1054 1350 1103 est,
1379 1053 1526 1093 virtutis
1553 1056 1739 1102 majorem
1754 1054 1955 1113 efl'eusum

349 1114 389 1152 in
421 1113 765 1166 perturbationibus
799 1111 978 1157 sedandis,
1008 1123 1121 1164 quam
1154 1111 1263 1148 rebus
1297 1109 1428 1160 cupitis
1456 1109 1709 1163 adipiscendiS.
1765 1109 1953 1164 Sophiskae

349 1181 477 1207 autem
503 1167 679 1204 nonnihil
701 1166 888 1216 suffragari
916 1166 1063 1204 videtur
1085 1165 1230 1203 assertio
1258 1165 1332 1212 illa,
1360 1166 1463 1212 cujus
1482 1178 1503 1202 a
1530 1164 1640 1203 nobis
1664 1166 1814 1204 mentio
1832 1167 1956 1214 [ηοάρ

351 1225 444 1263 facta
469 1222 529 1269 cst,
560 1222 660 1270 quod
677 1221 848 1258 videlieet
871 1222 1021 1259 bonum
1036 1221 1281 1270 perfectivum
1305 1221 1413 1258 bono
1433 1219 1692 1258 conservativo
1706 1217 1747 1257 {it
1770 1219 1955 1274 superius}

348 1277 484 1330 quippe
513 1278 598 1328 quia
631 1275 840 1326 cupitarum
865 1288 991 1313 rerum
1020 1275 1236 1326 adeptiones
1261 1285 1435 1313 naturam
1470 1274 1664 1313 videantur
1688 1273 1822 1316 senfim
1847 1276 1953 1329 perfi-

351 1346 456 1370 cere:
486 1332 589 1379 quod
610 1330 698 1368 licet
720 1343 805 1368 vere
825 1343 907 1368 non
930 1330 1083 1372 faciant3
1114 1341 1243 1368 tamen
1269 1333 1306 1368 ὅ(
1321 1329 1539 1380 motusipse
1559 1329 1598 1368 in
1613 1329 1767 1379 circulo,
1797 1331 1957 1382 speeiem

356 1388 583 1426 nonnullam
614 1399 700 1435 prae
715 1385 751 1423 se
766 1386 837 1423 fert
858 1397 984 1423 motus
1008 1382 1237 1435 progressivi.

406 1443 440 1481 A
456 1455 480 1479 T
512 1442 670 1479 secunda
689 1440 862 1493 quaestio,
893 1441 1003 1491 (num
1025 1441 1163 1478 scilicet
1187 1450 1319 1478 natura
1345 1440 1510 1478 humana
1532 1453 1614 1478 non
1637 1435 1753 1492 poffit
1773 1442 1810 1478 ὅ(
1833 1442 1955 1490 animi

352 1496 674 1549 tranquillitatem,
704 1499 739 1533 ὃ(
763 1496 913 1534 fruendi
936 1497 1120 1545 vigorem,
1148 1493 1256 1533 fimul
1279 1497 1439 1533 retinere
1450 1496 1473 1542 ?)
1504 1494 1573 1533 rite
1598 1493 1759 1543 definita,
1786 1495 1956 1548 priorem

353 1554 459 1591 illam
485 1550 603 1589 reddit
624 1550 783 1588 otiosam
801 1554 835 1589 ὃ(
860 1551 1176 1603 supervacaneam.
1234 1549 1383 1588 Annon
1401 1549 1503 1587 enim
1527 1548 1706 1597 videmus,
1735 1549 1833 1588 haud
1867 1563 1955 1600 raro

355 1608 505 1645 animos
521 1607 799 1644 nonnullorum
824 1605 873 1644 ita
901 1607 1017 1643 factos
1033 1608 1069 1643 ὅ(
1083 1603 1323 1657 compofitOS,
1352 1616 1393 1643 ut
1409 1605 1662 1655 voluptatibus
1677 1601 1885 1644 afficiantur
1899 1608 1959 1658 vel

354 1661 516 1700 maxime
531 1674 618 1699 cum
633 1660 760 1708 adfint,
791 1664 827 1698 δε
843 1672 969 1698 tamen
985 1673 1113 1698 earum
1128 1662 1304 1707 jacturam
1326 1672 1407 1698 non
1434 1671 1584 1710 gravate
1611 1660 1752 1698 ferant?
1781 1662 1835 1698 Ita
1849 1671 1890 1704 ut
1905 1661 1958 1700 se-

354 1719 426 1754 ries
442 1718 505 1754 illa
520 1715 786 1767 philosophica,
815 1719 911 1755 Non
941 1717 1008 1763 uti,
1037 1726 1079 1753 ut
1099 1728 1180 1753 non
1199 1726 1365 1766 appetas;
1394 1727 1476 1752 non
1498 1725 1681 1765 appetere,
1711 1725 1753 1752 ut
1773 1728 1955 1765 nonme-⁴

354 1783 447 1818 tuas,
475 1771 641 1809 videatur
670 1772 740 1808 effe
765 1770 885 1822 pusilli
913 1771 1104 1816 cujusdam
1133 1769 1259 1818 animi,
1289 1773 1325 1808 ὃ(
1354 1766 1568 1808 diffidentis.
1627 1772 1735 1817 Sane,
1764 1770 1958 1821 doctrinae

355 1829 552 1877 pleraeque
568 1826 883 1876 philosophorum
905 1826 1078 1864 videntur
1101 1826 1170 1863 ess'e
1186 1827 1299 1875 paulo
1318 1825 1544 1872 timidiores,
1574 1827 1611 1862 δε
1640 1837 1769 1863 cavere
1792 1825 1957 1879 homini·-A

358 1884 437 1928 bus,
479 1882 673 1932 plusquam
706 1893 838 1919 natura
872 1893 994 1918 rerum
1024 1881 1193 1930 postulat.
1251 1881 1394 1927 Veluti,
1432 1892 1520 1917 cum
1549 1879 1680 1917 mortis
1708 1880 1959 1929 formidinem

357 1937 550 1974 medendo
574 1947 722 1985 augent.
779 1937 943 1983 Etenim,
973 1948 1061 1972 cum
1088 1934 1182 1972 nihil
1210 1934 1309 1972 aliud
1337 1935 1414 1972 fere
1442 1933 1558 1973 vitam
1581 1934 1787 1973 humanam
1806 1936 1956 1986 faciant,

355 2004 469 2043 quam
489 1990 620 2028 mortis
641 1992 827 2040 quandam
844 1992 1165 2042 praeparationem
1187 1992 1222 2027 δ(
1238 1988 1482 2040 disciplinam,
1513 1991 1714 2039 quomodo
1738 1989 1816 2027 fieri
1828 1987 1957 2041 poffit,

358 2058 399 2084 ut
423 2048 485 2083 ille
501 2045 609 2084 hostis
624 2049 763 2084 mirum
796 2048 836 2082 in
857 2047 1018 2083 modum
1046 2057 1129 2083 non
1152 2046 1319 2083 videatur
1339 2044 1523 2092 terribilis,
1552 2056 1685 2083 contra
1700 2057 1813 2095 quem
1836 2045 1956 2085 muni-

356 2102 443 2139 endi
464 2103 589 2139 nullus
602 2099 643 2138 {it
658 2101 762 2138 finis?
791 2102 929 2138 Melius
945 2112 1066 2151 pocta,
1098 2099 1157 2149 (ut
1171 2099 1268 2137 inter
1302 2098 1511 2150 ethnie053)

523 2185 612 2280 ἷὺἔιὶ
620 2183 743 2236 finem
772 2185 885 2224 vitae
901 2191 1115 2223 extremum
1129 2184 1233 2222 inter
1252 2194 1408 2221 munera
1413 2188 1540 2235 ponat

561 2240 721 2279 saturae.

416 2318 437 2353 S
450 2329 462 2353 1
477 2328 508 2353 M
521 2328 533 2353 1
544 2329 568 2354 L
582 2329 595 2354 1
606 2329 628 2353 T
640 2328 698 2353 ER
717 2317 752 2352 δε
766 2317 804 2352 in
816 2313 1114 2352 omnibusannifi
1122 2314 1205 2352 sunt
1214 2312 1424 2364 philosophi
1434 2312 1603 2350 animum
1615 2312 1824 2350 humanum
1834 2311 1959 2352 reddess

362 2383 399 2406 re
411 2371 521 2408 nimis
533 2371 766 2409 uniformem
777 2374 811 2407 ὅ(
824 2371 1087 2408 harmonicum
1099 2385 1107 2407 z
1137 2382 1225 2408 eum
1236 2368 1401 2406 motibus
1409 2369 1605 2406 contrariis
1617 2370 1650 2404 &
1663 2368 1837 2404 extremis
1852 2366 1959 2414 mini-¹

362 2437 424 2463 me
448 2425 725 2464 assuefaciendo.
786 2426 904 2471 Cujus
931 2424 1077 2462 causam
1101 2424 1260 2462 arbitror
1288 2424 1404 2471 fuiss'e,
1433 2423 1536 2472 quod
1557 2421 1618 2473 ipsi
1633 2424 1728 2459 vitae
1747 2422 1783 2458 se
1798 2419 1960 2471 privatae

361 2481 588 2525 dedicarunt,
618 2494 636 2519 a
653 2482 816 2530 negotiis
837 2483 872 2517 &
889 2482 1051 2518 aliorum
1070 2480 1260 2528 obsequiis
1276 2477 1438 2516 immuni
1460 2481 1496 2516 &
1512 2477 1655 2515 liberae.
1712 2477 1817 2529 Quin
1832 2479 1959 2528 potius

363 2534 554 2573 imitentur
578 2536 750 2573 homines
766 2537 1002 2585 prudentiam
1026 2536 1343 2584 gemmariorum3
1373 2535 1437 2582 qui
1461 2531 1486 2569 fi
1514 2533 1611 2570 forte
1635 2534 1676 2568 in
1691 2543 1840 2581 gemma
1860 2531 1959 2582 inve-

364 2591 486 2626 niatur
503 2593 685 2628 nubecula
701 2593 835 2639 aliqua,
865 2602 925 2627 aut
940 2590 1151 2640 glaciccula‚
1179 2601 1271 2640 qnae
1289 2591 1337 2625 ita
1357 2587 1473 2640 poss‘ct
1493 2586 1617 2633 eximi,
1645 2596 1687 2623 ut
1710 2585 1961 2637 magnitudini

363 2643 491 2692 lapidis
507 2657 585 2681 non
603 2646 763 2683 nimium
794 2646 1017 2691 detrahatur,
1046 2657 1127 2682 eam
1143 2646 1303 2684 tollunt3
1331 2644 1438 2680 aliter
1461 2655 1551 2680 vcro
1564 2641 1739 2679 intactam
1755 2654 1836 2678 eam
1852 2640 1960 2681 relin-

366 2709 504 2746 quunt:
535 2703 612 2748 pari
643 2703 799 2747 ratione,
821 2699 1003 2738 serenitati
1024 2698 1239 2737 animorum
1264 2701 1314 2736 ita
1336 2697 1612 2735 consulendum
1642 2696 1701 2743 cst,
1731 2706 1772 2733 ut
1793 2709 1873 2734 non
1900 2698 1960 2736 de-

367 2752 523 2790 struatur
557 2756 850 2803 magnanimitas.
905 2756 1034 2807 Atque
1063 2755 1109 2791 de
1138 2756 1244 2791 bono
1268 2752 1485 2790 individuali
1501 2753 1687 2790 ha&enus.

426 2809 513 2844 Pos
528 2821 551 2844 T
564 2821 623 2859 qu
648 2821 707 2846 &M
737 2812 849 2859 igitur
877 2811 924 2848 de
952 2812 1059 2848 bono
1075 2808 1212 2847 suitatis
1243 2808 1361 2858 (quod
1377 2810 1489 2845 etiam
1503 2806 1731 2858 particulare,
1761 2808 1961 2857 privatum,

368 2864 605 2908 in=³2x*i3.u;:le,
636 2866 816 2915 appellare
841 2864 1018 2915 solemus)
1048 2867 1123 2912 jam
1146 2866 1366 2905 dixerimus
1396 2872 1605 2913 repetamus
1621 2863 1767 2899 bonum
1790 2873 1961 2900 commu-

370 2916 505 2961 nionis,
542 2920 643 2965 qnod
675 2919 889 2957 societatem
916 2920 1093 2958 intuetur.
1150 2919 1244 2957 Istud
1264 2921 1422 2956 nomine
1452 2915 1568 2955 officii
1596 2918 1720 2955 vocari
1751 2915 1960 2955 consuevit:

369 2972 546 3021 liquidem
577 2975 800 3010 vocabulum
828 2971 943 3012 officii
966 2978 1082 3026 magis
1108 2976 1256 3025 proprie
1278 2973 1490 3012 attribuitur
1512 2972 1641 3010 animo
1666 2972 1761 3009 bene
1787 2970 1962 3020 dispofito

372 3039 456 3077 erga
484 3027 590 3063 alios:
621 3028 845 3065 vocabulum
866 3030 1012 3068 virtutis
1037 3030 1164 3070 animo
1187 3030 1283 3069 intra
1301 3029 1337 3067 se
1359 3029 1455 3067 reste
1483 3028 1650 3066 formato
1678 3028 1715 3065 ὅ(
1738 3024 1959 3076 composito.

1815 3082 1960 3121 Verum

1944 3201 1957 3225 1
