2040 3439
19 216 22 219 ’
70 211 222 270 tii-21.
292 211 392 268 DE
442 219 947 267 AUGM-ENTIS
994 205 1601 266 SCIENTIARUM.
1760 225 1823 281 μ

66 319 245 371 pendere,
281 318 394 356 variis
411 316 858 363 luminibusinstruc‘tum,
895 329 973 366 quo
995 318 1124 354 onmia
1139 315 1542 368 fimulperlustrentur,
1569 331 1685 368 quam

18 411 23 417 ,
69 375 110 413 in
125 371 291 423 singulos
310 372 469 421 angulos
484 371 756 421 quaquaversus
770 374 942 422 exiguam
959 372 1202 409 circumferre
1218 373 1436 410 lucernam?
1464 373 1587 422 Atqui
1603 387 1685 414 non

67 425 242 466 absimilis
257 427 306 464 est
322 438 457 464 eorum
477 425 583 473 ratio,
613 428 678 475 qui
700 439 781 464 non
803 438 881 464 tam
904 429 1102 464 veritatem
1124 426 1322 476 perspicuis
1349 430 1594 477 argumentis,
1624 442 1684 468 au-

67 481 320 529 thoritatibus,
331 484 692 531 comparationibus,
705 483 883 534 exemplis
894 479 1073 519 illustrare
1083 483 1257 519 nituntur
1269 496 1278 523 3
1295 495 1409 531 quam
1421 485 1460 520 in
1474 484 1547 521 hoc
1561 484 1684 524 solum

68 538 311 584 incumbunt,
333 548 374 575 ut
390 538 560 574 minutos
577 537 745 585 quosque
757 536 948 586 lcrnpulos
963 538 1141 582 eximant,
1154 539 1189 574 ὅ(
1200 539 1453 586 captiunculas
1469 540 1683 590 expediant,

69 594 106 631 ἃ
133 592 391 631 dubitationes
420 591 584 632 solvant3
624 592 698 629 hoc
721 592 830 642 paeio
859 591 1111 640 quaestionem
1140 603 1183 628 ex
1220 592 1431 640 quaestione
1458 594 1684 644 gignentem

67 647 392 696 quemadmodum
403 646 443 683 fit
455 648 494 683 in
511 645 689 696 superiori
700 644 953 693 similitudine,
965 657 1006 684 ut
1020 648 1171 684 lucerna
1182 647 1222 683 in
1240 659 1359 684 unum
1375 649 1539 697 aliquem
1553 651 1684 688 locum

67 702 200 748 delata,
221 703 314 738 alios
332 703 623 750 circumquaque
639 701 811 738 destituat
827 704 864 739 ὅ(
879 701 1065 739 obscuret.
1120 701 1236 739 Adeo
1262 711 1302 739 ut
1328 704 1471 752 Scyllae
1497 705 1620 742 fabula
1636 706 1682 743 ad

67 758 197 796 vivum
217 758 400 806 exprimat
427 756 502 794 hoc
526 768 644 805 genus
663 756 944 807 philosophiae3
973 757 1076 803 cujus
1096 761 1139 794 o's
1172 758 1210 793 ὅς
1237 757 1364 808 pectus
1392 760 1581 808 'virginem
1605 760 1681 797 for*

68 811 216 860 mosam
230 811 502 862 praeferebant,
533 811 630 849 infra
644 823 736 850 vero
750 811 856 849 fuiss'e
871 812 990 858 aiunt,

120 917 301 965 Candida
308 919 553 974 fitccinfft'am
567 917 812 960 latrantibus
826 920 988 973 inguina
1002 917 1188 971 monstris.
1244 911 1353 971 Virg.
1370 923 1450 960 Ecl.
1471 924 1507 961 6.
1540 923 1606 975 75.

65 1026 330 1082 Sicgeneralia
349 1033 533 1081 quaedam
556 1031 653 1081 apud.
677 1029 911 1069 scholasticos
940 1031 1122 1078 invenias,
1151 1031 1246 1080 quae
1273 1033 1426 1083 pulchra
1452 1033 1537 1074 sunt
1563 1036 1677 1084 dieta,

64 1089 103 1126 δι
121 1099 203 1126 non
222 1099 416 1138 perperam
446 1090 621 1128 inventa;
654 1087 719 1124 ubi
746 1092 873 1123 autem
899 1096 1059 1124 ventum
1082 1086 1196 1124 fuerit
1225 1090 1270 1126 ad
1296 1087 1552 1128 distinctiones
1580 1092 1677 1129 deci-

62 1139 270 1192 fionesque,
297 1154 368 1192 pro
387 1143 582 1181 foecundo
592 1153 714 1189 utero,
730 1141 776 1178 ad
788 1140 883 1179 vitae
897 1141 1084 1180 humanae
1100 1144 1319 1191 commoda,
1334 1143 1373 1181 in
1389 1146 1627 1194 portentosas
1640 1149 1678 1185 ὅ(

61 1198 238 1237 latrantes
252 1196 484 1247 quaestiones
500 1196 684 1235 desinunt.
742 1198 871 1245 ltaque
886 1197 1050 1234 minime
1071 1196 1225 1244 mirum,
1254 1197 1280 1236 si
1299 1199 1374 1237 hoc
1393 1201 1511 1249 genus
1538 1201 1677 1239 doctri-

61 1264 146 1300 nae,
172 1254 288 1290 etiam
305 1253 401 1302 apud
422 1254 556 1303 vulgus
572 1252 776 1290 hominum
791 1250 1032 1303 contemptui
1050 1252 1263 1290 obnoxium
1284 1254 1409 1302 fuerit,
1438 1258 1503 1304 qui
1519 1257 1596 1294 fere
1621 1257 1677 1295 so*-

59 1306 142 1346 lent
161 1309 359 1346 veritatem
380 1318 536 1360 propter
556 1305 826 1345 controversias
840 1308 938 1343 circa
952 1318 1036 1344 eam
1050 1318 1174 1345 motas
1196 1308 1395 1359 aspernari,
1425 1310 1537 1360 atque
1559 1311 1675 1350 existi-

60 1374 165 1402 mare
185 1374 251 1402 eos
277 1375 394 1400 errare
415 1375 562 1410 omnes,
592 1364 658 1412 qui
687 1373 883 1410 nunquam
913 1363 1012 1398 inter
1044 1360 1079 1399 se
1102 1366 1358 1406 conveniant3
1388 1377 1552 1415 cumque
1577 1366 1676 1405 vide-

60 1428 126 1456 ant
140 1417 274 1459 destos
288 1417 462 1456 homines
482 1420 582 1456 inter
598 1418 633 1455 se
648 1416 845 1466 digladiari
865 1417 912 1453 de
932 1417 1041 1453 rebus
1061 1418 1202 1455 nullius
1217 1422 1421 1467 momenti,
1449 1421 1558 1458 facilc
1578 1421 1674 1460 illud

60 1471 233 1522 Dionysii
257 1472 473 1522 Syracusani
503 1474 700 1524 arripiunt,
742 1468 867 1510 Verba
894 1467 967 1520 tsta
991 1469 1093 1523 sitnt
1110 1470 1249 1523 finum
1277 1472 1490 1525 otiosbrum.
1548 1473 1674 1515 Nihil-

59 1529 214 1570 ominus
237 1523 484 1564 certissimum
510 1528 571 1574 est,
600 1526 625 1564 fi
651 1527 772 1564 modo
793 1524 995 1563 scholastici
1020 1526 1065 1563 ad
1093 1528 1360 1579 inexplebilem
1385 1527 1483 1566 sitim
1508 1533 1675 1569 veritatis

59 1585 96 1620 ὁ(
112 1584 334 1623 continuam
350 1584 597 1631 agitationem
627 1582 783 1632 ingenii,
811 1582 1031 1619 varietatem
1052 1584 1088 1619 ὅ(
1104 1584 1427 1632 multiplicitatem
1448 1585 1621 1624 lediionis
1638 1590 1675 1626 &-

58 1639 429 1688 contemplationum
440 1637 697 1684 adjunxissent,
719 1634 875 1686 insignia
885 1636 1122 1688 profectoilli
1134 1638 1334 1676 extitissent
1343 1640 1502 1686 lumina,
1525 1641 1674 1679 omnes-

59 1704 133 1741 que
149 1695 294 1737 artes&
316 1692 484 1730 scientias
509 1693 666 1730 mirifice
681 1690 940 1744 provexissent.
996 1693 1185 1731 Hactenus
1214 1693 1262 1730 de
1290 1693 1450 1733 secunda
1476 1697 1673 1735 literarum

58 1749 298 1799 intemperie.
1106 1796 1110 1799 ἵ

111 1803 188 1843 An
213 1804 363 1846 tertiam
386 1799 491 1852 quod
513 1805 660 1850 attinet,
690 1806 785 1852 quac
805 1802 851 1839 ad
874 1798 1070 1840 falsitatem
1091 1804 1128 1841 &
1143 1797 1385 1843 mendacium
1412 1804 1569 1855 speetan
1598 1808 1673 1845 una'

61 1856 154 1902 hacc
180 1860 358 1899 omnium
387 1855 598 1910 turpiflima
620 1858 681 1904 est,
711 1859 850 1907 quippe
872 1869 966 1905 quac
996 1857 1111 1909 ipsam
1140 1870 1314 1896 naturam
1343 1861 1585 1910 animamque
1610 1864 1672 1911 de-

59 1912 165 1956 struit
182 1911 382 1954 scientiae3
411 1926 505 1962 quae
525 1914 621 1951 nihil
637 1912 736 1951 aliud
760 1912 810 1950 est
829 1924 941 1961 quam
961 1914 1127 1950 veritatis
1148 1915 1288 1964 imago.
1347 1917 1450 1953 Nam
1471 1919 1605 1955 veritas
1621 1918 1671 1954 es-

58 1967 164 2006 sendi
190 1970 228 2006 &
249 1969 385 2005 veritas
409 1968 679 2018 cognoscendi,
711 1968 813 2005 idem
843 1967 950 2008 sunt3
981 1980 1052 2005 nec
1078 1969 1159 2018 plus
1188 1981 1207 2006 a
1235 1969 1271 2007 se
1299 1971 1467 2008 invicem
1489 1968 1672 2010 differunt

57 2034 174 2072 quam
193 2023 317 2061 radius
340 2023 502 2061 directus
526 2026 563 2061 &
587 2024 755 2061 reflexus,
811 2024 898 2060 Hoc
913 2024 1048 2060 vitium
1075 2025 1201 2072 itaque
1221 2025 1361 2077 duplex
1375 2027 1434 2064 vcl
1455 2028 1584 2078 potius
1604 2028 1671 2066 du-

59 2073 239 2130 plicatum
267 2077 330 2125 est,
367 2079 569 2130 impostura
597 2082 634 2117 ὃ(
658 2078 882 2118 credulitas;
919 2078 1010 2115 haec
1033 2078 1231 2129 decipitur,
1263 2082 1326 2118 illa
1352 2081 1506 2133 decipit.
1563 2083 1672 2136 Quae

55 2133 146 2177 licet
163 2133 362 2174 ,videantur
384 2133 623 2184 discrepantis
643 2144 807 2180 naturae,
835 2134 1025 2181 alteraque
1044 2146 1063 2171 a
1083 2134 1286 2173 calliditate
1309 2136 1484 2184 quadam,
1512 2138 1624 2175 altera
1651 2138 1672 2176 a

56 2185 291 2238 simplicitate
299 2188 478 2240 profedta,
495 2190 704 2239 plerunque
713 2199 842 2226 tamen
857 2190 1008 2225 co'e‘unt.
1067 2190 1128 2229 Ut
1143 2191 1304 2228 enimin
1319 2193 1487 2229 carmine
1501 2191 1671 2241 habetur,

280 2295 604 2336 ‘Percontatorem
613 2288 751 2351 fugito
763 2308 776 2342 ,⁴
805 2300 896 2336 nam
910 2295 1100 2351 garrulus
1118 2293 1219 2336 idem
1240 2296 1319 2349 est:

58 2404 268 2454 innuendQ
295 2408 362 2456 qui
382 2408 548 2447 curiosus
563 2408 624 2456 est,
654 2408 818 2447 eundem
838 2409 908 2447 effe
924 2410 961 2446 δὲ
975 2408 1126 2446 futilem
1143 2423 1152 2446 ε
1182 2409 1321 2460 pariter
1340 2409 1393 2457 fi't,
1423 2411 1464 2448 ut
1479 2412 1543 2460 qui
1559 2411 1669 2452 facile

57 2462 325 2510 credat‚-ide1n
357 2464 520 2500 libenter
549 2463 719 2516 decipian
777 2462 1115 2516 Quemadmodum
1144 2475 1297 2513 quoque
1325 2464 1405 2502 fieri
1429 2466 1599 2505 videmus
1627 2469 1668 2508 in

57 2516 156 2555 fama
175 2521 213 2556 δε
228 2518 467 2559 rumoribus3
497 2529 538 2556 ut
564 2518 628 2567 qui
643 2521 722 2557 cito
738 2519 871 2556 iisdem
885 2519 1000 2557 fidem
1016 2518 1160 2566 habeat,
1181 2521 1259 2568 pari
1276 2519 1454 2558 facilitate
1473 2533 1539 2559 eos
1561 2535 1667 2561 auxe-

57 2573 107 2609 rit
128 2586 138 2610 ;
164 2572 451 2624 QodvTacitus
473 2574 678 2626 prudenter
707 2576 833 2612 innuit
858 2574 915 2612 his
938 2575 1071 2620 verbis,
1090 2571 1251 2627 fingunt
1264 2571 1388 2624 stmul
1405 2572 1640 2630 creduntque
1656 2592 1668 2615 .·

59 2626 176 2665 Adeo
189 2627 360 2667 finitimae
376 2628 473 2676 sunt,
501 2631 676 2667 voluntas
698 2629 867 2676 fallendi,
898 2632 935 2667 ὅ(
955 2630 1110 2667 facilitas
1126 2628 1313 2667 credendi.

91 2698 98 2705 ·
111 2683 146 2720 H
154 2694 244 2722 Ant:
259 2684 436 2721 credendi
452 2684 729 2736 recipiendique
739 2687 870 2722 omnia
882 2684 984 2732 (lic'et
1000 2685 1073 2722 levi
1088 2684 1316 2722 authoritate
1331 2684 1488 2735 munita)
1500 2685 1669 2735 facilitas,

57 2735 223 2776 duorum
240 2747 425 2788 generum
440 2738 489 2776 est
503 2750 573 2789 pro
584 2742 731 2777 ratione
748 2739 929 2787 subjestae
941 2741 1118 2777 materiae
1133 2754 1141 2775 ε
1170 2750 1232 2776 aut
1248 2741 1351 2777 enim
1367 2741 1531 2779 creditur
1542 2755 1667 2781 narra-

57 2791 170 2840 tioni,
198 2790 271 2831 five
283 2793 395 2840 facto,
426 2793 482 2841 (ut
502 2794 995 2849 loquunturJurisconsulti)
1019 2805 1080 2831 aut
1096 2794 1280 2844 dogmati.
1337 2797 1379 2833 In
1395 2798 1513 2848 priori
1530 2809 1668 2846 genere

59 2847 240 2895 videmus,
275 2857 422 2897 quanto
449 2849 643 2899 dignitatis
674 2850 906 2888 detrimento
934 2850 995 2886 hic
1024 2862 1131 2886 error
1161 2848 1326 2887 affecerit
1355 2863 1397 2888 ex
1423 2850 1670 2890 ecclesiasticis

58 2900 218 2944 historiis
231 2905 455 2945 nonnullas3
486 2917 579 2953 quae
594 2905 709 2942 nimis
723 2905 849 2942 faciles
866 2905 901 2942 se
921 2904 1182 2954 praebuerunt,
1222 2906 1261 2942 in
1276 2907 1482 2956 prodendis
1497 2907 1668 2945 transcri-

60 2955 269 3006 bendisque
282 2960 483 3006 miraculis,
513 2972 533 2997 a
546 2960 782 3008 martyribus,
810 2961 989 3005 eremitis,
1020 2960 1256 2997 anachoretis
1276 2963 1312 2998 ὅ(
1328 2960 1406 2998 aliis
1423 2961 1553 2999 sanetis
1568 2965 1668 3008 viris,

60 3020 171 3060 atque
194 3012 242 3052 ,ab
260 3024 405 3051 ‚eorum
432 3016 613 3066 reliquiis,
644 3015 856 3067 sepulchris,
886 3014 1037 3061 sacellis,
1068 3013 1305 3065 imaginibus,
1340 3017 1460 3053 editis.
1519 3017 1668 3054 Eodem

60 3066 180 3103 modo
199 3068 241 3105 in
254 3069 414 3107 naturali
437 3069 586 3109 historia
601 3070 771 3109 videmus
788 3071 908 3108 multa
931 3080 1085 3117 temere,
1116 3082 1157 3108 ae
1182 3081 1314 3120 parum
1327 3083 1415 3108 cum
1435 3071 1582 3108 delectu
1603 3082 1666 3108 aut

113 3121 220 3163 VOL.
249 3123 278 3162 1.
836 3126 861 3162 F
1527 3126 1669 3171 judicio
