2040 3439
175 204 271 268 176

571 199 660 248 DE
685 193 1124 248 AUGMENTIS
1166 190 1713 240 SCiENTIARUM.
1753 189 1851 240 Lib.
1871 188 1950 245 vt,
2030 185 2040 299 ζῆ

346 289 518 330 morose:
546 289 668 327 Vobis
699 287 866 324 omnino
892 295 986 334 opus
1015 283 1075 330 est,
1105 291 1147 319 ut
1175 282 1339 319 deterius
1366 278 1526 328 valeatis,
1554 292 1634 330 quo
1663 280 1950 329 medicamenta,

345 347 459 385 etiam
473 344 672 394 quaelibet,
703 342 864 378 libenter
894 339 1074 377 toleretis.
1130 338 1352 388 Quinetiam
1381 335 1456 388 ipse
1470 336 1604 386 gradus
1627 335 1853 386 privationis,
1879 335 1952 374 five

345 396 575 451 indigentiae
599 399 769 441 ultimae,
798 395 961 432 salutaris
979 392 1048 429 ess'e
1068 389 1193 444 possit‚
1223 404 1305 429 non
1325 401 1474 429 tantum
1497 390 1543 428 ad
1570 391 1805 428 excitandam
1828 391 1953 430 indus-

347 455 470 502 triam,
498 464 626 491 verum
643 453 756 488 etiam
772 449 817 486 ad
833 447 1092 498 imperandam
1107 446 1335 496 patientiam.

400 512 547 561 Quor>
574 506 620 543 ad
631 504 835 542 secundum
846 503 1062 540 membrum
1073 501 1178 548 hujus
1190 501 1431 551 sophismatis,
1462 500 1557 538 illud
1571 500 1721 547 eodem,
1749 511 1829 549 quo
1841 501 1953 551 prius,

348 565 600 603 fundamento
631 559 695 608 (de
709 559 884 610 gradibus
898 555 1113 607 quidditatis
1137 559 1175 594 δι
1190 556 1385 603 nullitatis)
1417 553 1561 592 nititur.
1616 556 1717 593 Hinc
1734 564 1838 593 tanta
1851 554 1953 594 usur·

347 629 494 672 panrur,
522 617 568 654 de
582 616 700 653 initiis
715 612 972 663 negotiorum,
1000 609 1206 664 praeconia.

649 688 881 731 Dimidium
892 687 1017 743 fabii,
1045 688 1113 741 qui
1133 685 1224 726 bene
1252 685 1388 740 coepit,
1415 682 1544 734 habet,
1573 682 1653 730 dyc.

347 764 447 803 Hinc
468 763 744 814 astrologorum
768 760 982 812 superstitio,
1011 757 1270 810 quijudicium
1294 758 1437 796 faciunt
1451 758 1498 795 de
1521 755 1760 809 dispositione
1787 764 1851 795 aut
1875 755 1952 805 for-

347 830 440 859 tuna
468 819 648 866 hominis,
675 830 718 855 ex
746 827 952 855 momento
971 813 1041 853 sive
1065 813 1222 852 articulo
1245 811 1444 851 nativitatis
1465 822 1529 850 aut
1547 821 1764 862 conceptus.
1863 850 1866 856 Α
1902 857 1904 859 ¹

404 872 617 914 Elenchus.
647 875 780 912 FALL
793 883 842 910 11*
873 869 1057 921 sophisma
1080 869 1218 922 primo,
1246 869 1430 918 quoniam
1451 869 1490 905 in
1518 866 1713 904 nonnullis
1734 861 1953 917 primjfa'effie-

348 940 436 969 rum
461 930 696 980 inceptiones
723 927 818 965 nihil
845 926 945 964 aliud
970 925 1066 972 sunt,
1095 936 1208 974 quam
1233 936 1326 975 quae
1349 924 1543 975 Epicurus,
1573 923 1612 959 in
1628 920 1865 973 philosophia
1878 920 1953 970 sua,

346 986 506 1038 appellat
526 992 776 1023 tentamenta3
805 981 920 1029 idest,
950 981 1163 1018 rudimenta
1184 979 1380 1027 quaedam,
1408 989 1503 1029 quae
1531 977 1642 1015 nihili
1671 976 1769 1023 sunt,
1796 973 1865 1014 nisi
1885 977 1953 1015 ite-

346 1051 481 1078 rentur
502 1049 567 1078 aut
594 1039 861 1089 provehantur.
916 1035 1045 1084 Itaque
1070 1037 1108 1072 in
1138 1035 1213 1072 hoc
1240 1033 1335 1081 casu,
1363 1033 1497 1083 gradus
1526 1032 1707 1070 secundus
1733 1031 1887 1081 dIgnior
1903 1030 1955 1070 vi·

346 1096 460 1134 detur
483 1097 520 1132 &
548 1094 757 1145 potentior,
785 1102 898 1140 quam
919 1092 1075 1140 primus:
1105 1088 1443 1142 Quemadmodum
1463 1089 1504 1125 in
1539 1085 1713 1139 plaustris,
1741 1086 1953 1139 equuswqui

346 1149 579 1204 penultimus
593 1149 652 1196 est,
681 1148 763 1197 plus
777 1145 927 1183 confert
947 1145 993 1182 ad
1013 1156 1164 1182 motum
1192 1143 1351 1194 plaustri,
1379 1153 1493 1192 quam
1513 1144 1665 1194 primus.
1719 1141 1846 1178 Etiam
1859 1142 1953 1194 =,non

346 1208 476 1256 inepte
505 1203 579 1242 dici
607 1203 720 1243 solet3
750 1202 966 1239 convitium
995 1199 1189 1250 regestum,
1218 1199 1311 1236 illud
1333 1197 1415 1245 effe,
1443 1198 1547 1249 quod
1574 1208 1720 1248 pugnae
1743 1193 1786 1234 fit
1811 1193 1951 1243 rerum.

344 1259 451 1300 Prius
473 1260 578 1296 enim
600 1256 749 1295 fortass'e
776 1255 1136 1305 praetervolaturum
1161 1253 1302 1291 fuiffet:
1331 1254 1456 1303 Itaque
1472 1253 1572 1302 prius
1600 1252 1704 1288 malo
1723 1250 1952 1303 principium

343 1315 463 1361 dedit,
492 1312 555 1351 sed
574 1312 752 1364 posterius
775 1310 937 1348 modum
956 1308 1110 1347 abstulit.
1167 1309 1275 1346 Fallit
1295 1307 1481 1359 sophisma
1499 1305 1676 1354 secundo,
1704 1316 1857 1358 propter
1872 1306 1952 1361 dig-

343 1371 506 1409 nitatem
533 1364 839 1420 perseverantiae3
867 1377 962 1414 quae
989 1363 1027 1401 in
1056 1364 1259 1416 progrfflh,
1287 1374 1369 1400 non
1403 1364 1443 1399 in
1470 1361 1634 1412 aggress'u
1659 1358 1723 1399 fita
1750 1360 1811 1399 est.
1865 1358 1952 1408 Ete-

343 1424 427 1463 nim
461 1422 572 1469 casus,
606 1432 669 1459 aut
696 1431 838 1468 natura,
881 1419 1046 1470 primum
1079 1418 1262 1469 impetum
1291 1416 1514 1468 progignere
1545 1416 1714 1467 poss'unt3
1742 1425 1779 1454 at
1801 1412 1953 1464 affefiius

345 1477 620 1518 tantummodo
646 1486 813 1514 maturus
836 1477 873 1512 &
891 1475 1087 1521 judicium,
1114 1473 1373 1511 constantiam.
1430 1473 1538 1510 Fallit
1561 1472 1677 1509 tertio
1705 1472 1746 1509 in
1770 1471 1813 1510 iis
1828 1470 1950 1521 rebus,

342 1546 503 1587 quarum
529 1542 661 1570 natura
678 1534 715 1568 ὅ(
738 1530 861 1568 cursus
875 1529 1085 1567 ordinarius
1099 1527 1138 1566 in
1154 1529 1384 1566 contrarium
1400 1528 1454 1564 tei
1469 1528 1637 1578 inceptae
1657 1525 1787 1579 fertur..
1821 1523 1893 1573 ,Ita
1907 1538 1950 1567 ut

344 1588 466 1640 prima
488 1589 656 1637 inceptio
684 1595 868 1637 perpetuo
896 1594 1105 1631 evacuetur,
1133 1582 1200 1620 nisi
1230 1581 1322 1621 vires
1353 1583 1635 1620 continuentur.
1691 1582 1951 1634 Quemadmo-

343 1643 494 1683 durnin
508 1643 684 1680 formulis
699 1640 770 1678 illis
786 1638 922 1677 usitatis
936 1638 1086 1680 dicitur-5
1116 1640 1210 1677 Non
1220 1636 1407 1689 progredi,
1434 1637 1484 1674 est
1498 1637 1659 1686 regredi:
1686 1637 1749 1684 Et,
1776 1635 1854 1690 Qui
1867 1649 1952 1678 non

345 1697 508 1751 proficit,
537 1695 681 1735 deficit:
711 1696 772 1736 Ut
792 1696 833 1732 in
856 1693 963 1732 cursu
976 1693 1017 1731 in
1037 1692 1231 1732 adversum
1246 1694 1406 1733 monris3
1436 1693 1685 1741 remigatione
1700 1692 1741 1728 in
1754 1692 1950 1740 adversum

346 1755 524 1805 gurgitis:
552 1752 609 1790 At
621 1760 766 1798 contra,
793 1748 999 1787 fiindeclivi
1017 1750 1160 1786 montis
1173 1757 1299 1786 motus
1320 1745 1486 1797 incipian
1515 1756 1578 1785 aut
1605 1745 1770 1784 secundo
1791 1746 1949 1794 flumine

342 1809 547 1859 remigatio
568 1806 651 1848 fiat3
679 1816 763 1844 tum
785 1805 919 1855 gradus
937 1805 1104 1856 inceptus
1123 1805 1238 1853 longe
1257 1804 1424 1852 potiores
1443 1811 1563 1851 partes
1576 1811 1693 1840 tenet.
1750 1799 1951 1843 Porro'iste

342 1865 465 1911 color,
493 1874 576 1900 non
589 1870 738 1898 tantum
766 1860 979 1898 extenditur
997 1859 1043 1896 ad
1068 1859 1227 1907 gradum
1242 1856 1478 1907 inceptionis,
1506 1858 1572 1905 qui
1596 1854 1638 1894 fit
1666 1868 1687 1894 a
1717 1849 1948 1909 potentiaad

341 1920 480 1965 astum,
508 1925 769 1966 comparatum
792 1927 882 1951 cum
909 1913 1038 1963 gradu,
1066 1915 1132 1962 qui
1163 1911 1205 1950 fit
1227 1913 1273 1950 ab
1302 1913 1383 1950 astu
1410 1912 1456 1950 ad
1489 1911 1788 1950 incrementum:
1815 1925 1948 1953 verum

338 1975 457 2012 etiam
472 1972 519 2009 ad
533 1971 691 2022 gradum
710 1971 777 2021 qui
790 1967 833 2006 fit
848 1969 894 2006 ab
914 1970 1141 2021 impotentia
1155 1968 1200 2005 ad
1224 1969 1449 2017 potentiam,
1477 1977 1737 2017 comparatum
1756 1978 1844 2006 cum
1865 1981 1949 2020 gra·

339 2029 406 2075 du,
435 2027 499 2077 qui
515 2025 557 2064 fit
571 2039 591 2064 a
605 2024 774 2077 potentia
793 2024 836 2062 ad
852 2024 988 2061 aetum.
1045 2025 1199 2060 Etenim
1213 2023 1347 2072 gradus
1360 2023 1406 2059 ab
1421 2022 1646 2073 impotentia
1659 2023 1705 2060 ad
1718 2025 1945 2075 potentiam,

336 2085 461 2129 major
477 2082 637 2129 videtur,
665 2092 778 2130 quam
799 2091 819 2116 a
837 2077 1004 2129 potentia
1024 2078 1069 2116 ad
1089 2079 1224 2116 actum.

394 2135 593 2190 Sophtsma
615 2148 672 2173 10.
702 2137 853 2187 QUOD
879 2135 925 2171 ad
953 2135 1149 2172 veritatem
1176 2132 1345 2180 refertur,
1387 2133 1505 2177 majus
1532 2132 1593 2179 est,
1621 2144 1734 2182 quam
1766 2133 1871 2186 quod
1897 2134 1945 2173 ad

334 2192 575 2244 opinionem.
631 2191 774 2228 Modus
797 2199 935 2236 autem,
965 2191 1002 2226 &
1029 2189 1204 2240 probatio
1222 2188 1311 2235 ejus,
1339 2188 1443 2237 quod
1458 2188 1504 2225 ad
1525 2188 1750 2239 opinionem
1763 2190 1942 2242 pertinet,

335 2249 430 2287 haec
444 2248 505 2295 est,
534 2246 639 2296 quod
662 2245 753 2295 quis,
782 2243 808 2282 fi
833 2245 930 2282 clam
954 2253 1098 2295 putaret
1118 2243 1213 2290 fore,
1241 2243 1402 2281 facturus
1427 2254 1509 2280 non
1539 2242 1637 2280 ess'et.

390 2306 476 2341 ITA
506 2299 758 2354 pronunciant
786 2297 958 2350 Epicurei
977 2299 1023 2336 de
1049 2297 1225 2336 felicitate
1249 2299 1480 2345 Stoicorum,
1509 2296 1548 2335 in
1581 2296 1716 2337 virtute
1743 2298 1942 2348 collocata,

333 2359 439 2410 quod
454 2357 583 2395 fimilis
608 2354 650 2394 fit
673 2355 844 2393 felicitati
872 2352 1058 2392 histrionis
1072 2355 1113 2391 in
1137 2353 1260 2395 scena3
1289 2350 1394 2402 quisi
1420 2364 1441 2390 a
1467 2352 1732 2404 spectatoribus
1761 2353 1942 2405 &plausu

334 2425 470 2451 eorum
498 2412 769 2458 destitueretur,
797 2409 932 2447 animis
961 2407 1080 2446 statim
1108 2407 1335 2447 concideret.
1390 2409 1520 2457 Itaque
1544 2406 1721 2445 virtutem
1745 2419 1812 2458 per
1832 2409 1940 2460 igno·

335 2466 505 2514 miniam,
533 2468 681 2505 bonurn
703 2465 882 2504 theatrale
896 2473 1044 2504 vocant.
1101 2462 1227 2502 Aliter
1241 2463 1282 2501 fit
1297 2465 1338 2500 in
1352 2461 1511 2507 divitiis;
1539 2463 1586 2500 de
1608 2461 1742 2512 quibus
1761 2463 1846 2502 ille:

701 2541 877 2597 Populus
895 2555 954 2581 me
960 2539 1099 2594 sibilat
1108 2561 1123 2586 ‚-
1152 2550 1197 2581 at
1216 2539 1314 2580 mihi
1330 2537 1488 2592 plaudo.

334 2599 470 2638 Itidem
484 2600 525 2637 in
546 2601 756 2650 voluptate:

874 2677 1004 2718 Grata
1017 2674 1093 2729 fich
1106 2676 1183 2715 imo

603 2733 760 2773 Gaudia
775 2733 885 2774 corde
889 2742 1083 2787 premens,
1113 2730 1231 2770 vultu
1237 2728 1449 2782 simulante
1461 2728 1658 2784 pudorem.

390 2801 600 2842 Elenchus.
655 2806 915 2842 PALLACIA
943 2802 1050 2849 hujus
1078 2800 1307 2852 sophismatis
1336 2801 1507 2839 subtilior
1527 2801 1642 2853 paulo
1667 2797 1735 2841 est;
1762 2796 1850 2839 licet
1879 2811 1934 2840 rc-

335 2857 483 2909 sponfio
504 2859 549 2895 ad
563 2861 788 2909 exemplum,
817 2858 921 2907 quod
945 2857 1154 2904 adducitur,
1183 2855 1309 2894 facilis.
1368 2858 1504 2908 Neque
1526 2857 1630 2893 enim
1654 2853 1770 2892 virtus
1784 2853 1935 2906 eligitur

330 2924 484 2966 propter
499 2925 625 2951 auram
635 2916 864 2964 popularem.
922 2914 1026 2951 Cum
1037 2914 1152 2950 etiam
1165 2912 1257 2950 illud
1269 2922 1505 2963 praeceptum
1520 2909 1575 2958 fit,
1605 2910 1665 2950 Ut
1674 2910 1756 2959 quis
1770 2911 1934 2948 maxime

330 2970 510 3007 omnium
538 2967 697 3018 seipsum
724 2977 944 3005 revereatur.
1000 2969 1053 3005 Ita
1086 2977 1127 3005 ut
1148 2969 1202 3005 vir
1225 2967 1359 3014 bonus,
1387 2966 1491 3004 idem
1510 2963 1621 3003 fuerit
1645 2966 1686 3002 in
1715 2962 1931 3012 solitudine,

329 3024 436 3064 idem
458 3022 498 3063 in
511 3022 673 3062 theatro.
726 3023 830 3060 Licet
850 3021 949 3061 forte
968 3020 1183 3062 intendatur
1202 3020 1315 3061 virtus
1337 3020 1517 3061 nonnihil
1543 3032 1610 3072 per
1637 3019 1930 3110 Ιεωάεὲἒῃςιιεω-

1719 3085 1739 3111 a
1809 3073 1927 3112 odum
