2040 3439
73 194 389 262 cap.11.-DE
439 187 937 240 AUGMENTIS
988 191 1594 240 SCIENTIARUM.

70 305 252 343 tanquam
274 304 318 329 ex
337 291 497 340 praealta
517 291 624 336 turri,
661 291 699 327 ὅ(
722 302 742 327 a
761 292 877 340 longe
900 291 1100 341 despicere,
1129 292 1167 328 &
1190 292 1287 328 circa
1305 287 1491 338 generalia
1510 291 1677 331 nimium

68 349 266 398 oceupari3
300 345 454 394 quando
474 344 500 382 fi
520 345 744 382 descendere
768 345 958 395 placuerit,
995 347 1033 383 ὅ(
1051 347 1097 383 ad
1120 344 1353 395 particularia
1377 345 1565 392 accedere,
1604 347 1676 384 res-

67 416 143 454 que
167 402 259 453 ipsas
279 401 456 439 attentius
479 403 516 438 &
541 399 756 449 diligentius
780 401 974 450 inspicere,
1013 402 1129 451 magis
1148 413 1234 438 vcra
1261 402 1299 438 ὅ(
1318 398 1419 437 utilis
1440 400 1548 437 fieret
1573 412 1679 439 com-

68 456 274 509 prehensio.
329 457 460 504 Itaque
475 455 582 501 hujus
596 454 837 493 incommodi
852 454 1074 502 remedium,
1103 468 1184 493 non
1200 457 1240 492 in
1255 467 1304 493 eo
1324 453 1447 492 solum
1469 453 1529 502 est,
1559 466 1600 493 ut
1615 469 1677 494 or-

67 525 208 564 ganum
233 511 354 564 ipsum
381 510 439 547 vel
467 519 601 548 acuant
626 511 684 549 vel
711 511 907 558 roborent,
944 510 1005 548 sed
1030 509 1137 548 simul
1166 521 1206 549 ut
1232 511 1277 547 ad
1307 511 1500 554 objectum
1527 509 1678 560 propius

67 568 255 607 accedant.
314 566 478 617 Ideoque
505 565 757 603 dubitandum
777 578 859 604 non
887 564 948 612 est,
986 567 1080 615 quin
1109 563 1134 602 fi
1153 565 1304 611 medici,
1343 561 1461 602 missis
1489 565 1675 616 paulisper

65 622 138 661 istis
159 621 406 673 generalibuS,
433 630 587 658 naturae
608 620 760 659 obviam
775 622 828 659 ite
850 621 1004 668 vellent,
1032 631 1233 670 compotes
1256 621 1333 667 ejus
1352 619 1497 667 fierent,
1526 620 1573 658 de
1597 633 1677 670 quo

67 679 119 716 ait
133 680 265 730 po'e‘ta:

337 728 400 770 Et
414 730 593 783 quoniam
608 729 773 768 variant
788 727 918 776 morbi,
947 727 1190 768 variabimus
1203 735 1313 767 artes
1323 746 1338 773 5

403 783 524 824 Mille
540 783 802 837 malispecies,
830 783 936 823 mille
943 783 1096 837 fhlutis
1114 791 1239 823 erunt.

65 895 183 949 Quod
208 907 256 932 eo
279 897 397 945 magis
423 895 543 932 facere
570 896 723 941 debent,
760 896 847 943 quia
873 894 1132 944 philosophiae
1157 892 1265 944 ipsae,
1303 892 1438 941 quibus
1458 891 1675 931 innituntur

65 951 216 997 medici,
245 947 316 986 five
339 948 558 996 methodici,
588 948 658 987 five
685 950 860 998 chymici,
891 950 1093 993 (medicina
1117 960 1243 986 autem
1263 947 1301 985 in
1328 946 1565 997 philosophia
1591 960 1675 986 non

64 1006 231 1052 fundata,
260 1016 316 1041 res
341 1005 584 1053 infirma-cst,)
617 1007 717 1054 parvi
734 1017 857 1042 revera
881 1004 977 1042 sunt.
1032 1006 1158 1057 Quare
1179 1002 1203 1041 si
1223 1004 1336 1040 nimis
1359 1004 1547 1051 generalia
1574 1002 1676 1048 (licet

66 1072 152 1100 vera
165 1060 306 1106 forent)
325 1061 398 1097 hoc
413 1062 547 1098 vitium
564 1060 735 1106 habeant,
766 1061 868 1108 quod
886 1072 965 1097 non
984 1060 1078 1097 bene
1094 1059 1268 1096 homines
1283 1058 1328 1095 ad
1349 1058 1538 1095 astionem
1557 1057 1673 1095 dedu·

67 1125 175 1157 cant3
213 1124 311 1153 certe
336 1116 453 1159 majus
477 1114 526 1152 est
548 1117 757 1167 periculum
781 1116 826 1152 ab
849 1114 920 1152 illis
944 1116 1190 1165 generalibus,
1227 1125 1322 1162 quac
1345 1115 1386 1150 in
1407 1112 1442 1149 se
1462 1112 1550 1149 falsa
1569 1112 1676 1154 sunt;

64 1180 189 1220 atque,
216 1171 306 1208 loco
321 1170 544 1216 deducendi,
576 1170 766 1208 seducunt.

117 1227 384 1263 MEDICINA
405 1227 519 1275 igitur
542 1226 610 1273 (uti
631 1225 893 1275 perspeximus)
920 1225 1039 1262 adhuc
1065 1225 1190 1262 taliter
1212 1232 1427 1273 comparata
1450 1222 1512 1269 est,
1551 1231 1593 1259 ut
1619 1221 1675 1259 fu-

64 1283 134 1318 erit
154 1282 271 1330 magis
291 1279 482 1326 ostentata,
511 1293 623 1328 quam
646 1281 854 1318 elaborata:
883 1282 995 1318 etiam
1015 1281 1134 1329 magis
1152 1280 1351 1324 elaborata,
1380 1290 1493 1326 quam
1515 1276 1672 1328 amplifi-

65 1346 168 1377 cata3
197 1347 284 1372 cum
308 1336 454 1372 labores
478 1337 517 1372 in
540 1348 623 1372 eam
639 1334 830 1385 insumpti,
858 1337 984 1385 potius
1008 1337 1048 1372 in
1068 1336 1213 1372 circulo
1236 1345 1349 1381 quam
1366 1333 1405 1369 in
1424 1331 1615 1384 progressu
1635 1330 1673 1368 se

65 1390 306 1429 exercuerint.
363 1392 528 1428 Plurima
549 1392 654 1427 enim
677 1388 714 1426 in
733 1403 774 1427 ea
798 1391 909 1428 video
929 1403 948 1427 a
964 1388 1204 1439 scriptoribus
1229 1390 1368 1434 iterata,
1397 1387 1522 1424 addita
1545 1398 1672 1435 pauca.

8 1482 14 1488 ,
63 1446 158 1482 Eam
173 1444 212 1482 in
232 1455 305 1482 tres
321 1456 438 1494 partes
461 1444 680 1491 dividemus,
709 1457 801 1493 quae
817 1444 886 1482 tria
906 1446 984 1489 ejus
999 1441 1123 1482 officia
1146 1442 1442 1481 nominabimus.
1498 1440 1669 1478 Primum

66 1499 116 1537 est
130 1500 363 1537 conservatio
387 1500 564 1546 sanitatis,
596 1499 800 1537 seeundum
816 1502 961 1537 curatio
985 1500 1223 1544 morborum,
1251 1498 1406 1535 tertium
1427 1496 1673 1545 prolongatio

65 1557 173 1592 vitae.
229 1554 285 1591 At
310 1554 402 1592 istud
418 1555 661 1606 postremum,
691 1567 771 1592 non
791 1555 967 1593 videntur
987 1553 1135 1600 medici,
1163 1564 1342 1602 tanquam
1367 1562 1511 1602 partem
1535 1551 1674 1599 princi-

66 1611 190 1660 palem
214 1611 302 1647 artis
327 1609 409 1646 suae
429 1609 628 1659 agnovisse,
665 1622 797 1647 verum
823 1610 926 1647 idem
952 1610 1105 1658 reliquis
1130 1609 1278 1646 duobus
1302 1607 1384 1644 satis
1410 1605 1580 1657 imperite
1606 1606 1674 1641 im-

67 1664 260 1702 miscuiffe.
318 1666 455 1702 Putant
476 1665 593 1711 enim,
621 1662 645 1701 si
665 1665 930 1717 propulsentur
949 1665 1088 1711 morbi,
1117 1674 1319 1712 antequam
1338 1663 1528 1710 ingruant,
1558 1662 1594 1697 ὃ(
1614 1672 1674 1698 cu-

67 1730 199 1757 rentur
222 1718 417 1769 postquam
440 1719 653 1767 invaserint,
681 1719 1014 1770 prolongationem
1035 1721 1132 1757 vitae
1155 1719 1258 1756 ultro
1284 1716 1395 1768 sequi.
1450 1716 1566 1766 Qod
1587 1716 1674 1752 licet

68 1773 228 1812 minime
251 1775 409 1812 dubium
433 1773 486 1819 fit,
520 1785 647 1812 tamen
670 1787 803 1827 parum
829 1785 935 1813 acute
955 1774 1200 1826 prospiciunt,
1235 1773 1374 1811 horum
1401 1781 1603 1819 utrumque
1629 1770 1674 1806 ad

67 1831 224 1867 morbos
239 1840 387 1867 tantum
403 1831 602 1880 pertinere,
625 1833 661 1868 ὅ(
676 1831 721 1868 ad
737 1843 819 1868 eam
835 1830 1080 1867 solummodo
1095 1830 1190 1867 vitae
1206 1827 1555 1878 prolongationem,
1577 1836 1672 1874 quae

67 1897 88 1921 a
105 1885 247 1923 morbis
269 1885 500 1922 abbreviatur
517 1887 554 1922 ὅ(
578 1884 833 1935 intercipitur:
861 1885 984 1934 Atqui
1005 1885 1111 1922 filum
1127 1883 1246 1933 ipsum
1270 1885 1367 1920 vitae
1381 1881 1602 1931 producere,
1631 1891 1673 1917 ac

67 1950 249 1986 mortem,
285 1952 349 1990 per
374 1939 643 1978 resolutionem
670 1938 877 1990 simplicem
902 1942 939 1978 &
965 1939 1177 1991 atrophiam
1202 1937 1369 1983 senilem,
1408 1932 1538 1972 sensim
1564 1935 1672 1971 obre-

67 2005 232 2045 pentem,
253 1997 298 2032 ad
313 2005 461 2045 tempus
477 1995 727 2042 summovere,
747 2005 1014 2045 argumentum
1030 1994 1090 2041 est,
1121 1994 1224 2042 quod
1241 2004 1358 2030 nemo
1373 2003 1415 2027 ex
1432 1989 1589 2026 medicis
1604 2001 1674 2038 pro

66 2051 250 2099 dignitate
273 2051 451 2087 tra'e'tavit.
509 2053 645 2098 Neque
669 2063 759 2088 vero
777 2050 901 2088 subeat
922 2048 1069 2086 animos
1089 2049 1294 2086 hominum
1309 2046 1372 2083 ille
1397 2044 1601 2095 scrupulus,
1631 2055 1672 2080 ac

66 2103 93 2142 si
111 2105 200 2142 hacc
217 2117 272 2142 res
294 2105 374 2142 fato
389 2108 426 2142 δε
450 2106 598 2143 divinae
613 2106 870 2157 providentiae
893 2104 1098 2152 commiss'a,
1128 2106 1168 2140 in
1192 2105 1278 2140 artis
1298 2098 1467 2138 officium
1485 2102 1674 2136 &munus

67 2161 142 2206 jam
169 2159 333 2210 primum
361 2173 382 2196 a
410 2161 520 2197 nobis
547 2172 791 2198 revocaretur.
856 2159 1095 2198 Providentia
1123 2160 1226 2196 enim
1252 2153 1504 2207 proculdubio
1530 2156 1674 2190 mortes

69 2214 319 2263 quascunque,
346 2212 417 2252 sive
437 2227 479 2252 ex
503 2217 696 2262 violentia,
725 2214 795 2253 sive
819 2227 861 2252 cx
886 2215 1042 2261 morbif,
1071 2212 1142 2251 sive
1165 2226 1207 2250 cx
1227 2210 1382 2249 decursu
1403 2210 1543 2255 aetatis,
1579 2209 1672 2260 pari-

67 2280 125 2307 tet
150 2271 264 2319 regit:
304 2272 440 2318 Neque
459 2281 586 2307 tamen
610 2271 698 2307 ideo
720 2272 1005 2320 praeventiones
1029 2272 1066 2306 ὅ(
1093 2267 1257 2305 remedia
1278 2265 1452 2303 excludit.
1511 2264 1588 2299 Ars
1612 2274 1673 2300 au·

66 2335 158 2372 tem,
187 2328 224 2362 ὅ(
244 2325 419 2362 industria
439 2324 614 2370 humana,
643 2335 798 2362 naturae
813 2327 850 2362 ὃ(
869 2324 949 2361 fato
969 2336 1051 2361 non
1069 2321 1267 2372 imperant,
1298 2320 1356 2357 sed
1378 2316 1666 2356 subministrant.

67 2381 214 2419 Verum
237 2381 283 2416 de
308 2380 374 2417 hac
400 2391 503 2430 parte
527 2383 641 2430 paulo
665 2380 743 2429 post
765 2378 955 2420 dicemus;
983 2379 1074 2415 haec
1093 2388 1241 2414 tantum
1270 2377 1410 2411 interca
1424 2371 1588 2423 praefatI,
1625 2384 1674 2409 ne

67 2434 148 2483 quis
170 2436 327 2472 tertium
356 2435 446 2472 istud
471 2433 641 2472 officium
671 2434 889 2481 medicinae,
927 2446 1014 2471 cum
1039 2432 1186 2470 duobus
1214 2430 1409 2480 prioribus,
1445 2428 1563 2477 (quod
1594 2427 1670 2464 fere

68 2490 187 2528 adhuc
200 2490 339 2528 ilicium
359 2488 420 2533 cst)
439 2489 609 2540 imperite
625 2489 845 2527 confundat.

120 2547 261 2598 QUOD
283 2545 327 2581 ad
349 2541 517 2582 officium
537 2545 697 2582 tuendae
722 2543 887 2581 sanitatis
910 2545 1056 2589 attinet,
1097 2542 1153 2588 (ex
1180 2536 1314 2578 officiis
1339 2537 1532 2589 praedic'tis
1557 2536 1673 2574 medi-

67 2601 172 2638 cinae
186 2601 366 2651 primum)
386 2600 496 2637 multi
509 2601 555 2637 de
572 2612 620 2637 eo
636 2598 868 2648 scripserunt,
898 2611 985 2636 cum
1001 2600 1040 2634 in
1058 2596 1135 2635 aliis
1147 2596 1256 2633 rebus
1272 2594 1353 2631 satis
1369 2594 1554 2643 imperite,
1584 2602 1667 2629 tum

68 2656 231 2692 nimium
256 2652 313 2699 (ut
336 2654 576 2696 arbitramur)
597 2653 756 2692 dele-&ui
776 2654 965 2699 ciborum,
1002 2654 1127 2690 minus
1150 2662 1264 2699 quam
1287 2661 1350 2699 pat
1376 2648 1435 2695 est,
1473 2645 1673 2696 quantitati

67 2722 201 2748 eorum
226 2711 446 2747 tribuentes.
502 2709 605 2762 Qiin
632 2713 668 2747 δ(
689 2712 729 2746 in
756 2710 965 2758 quantitate
985 2707 1070 2759 ipsa,
1108 2716 1288 2753 tanquam
1309 2702 1523 2754 philosophi
1546 2714 1666 2738 mora-

66 2766 130 2812 les,
160 2765 460 2804 mediocritatem
482 2764 593 2801 nimis
608 2765 826 2805 laudarunt3
855 2775 943 2800 curn
959 2766 994 2800 ὅ(
1017 2759 1150 2805 ieiunia
1167 2761 1206 2796 in
1226 2758 1539 2796 consuetudinem
1557 2756 1670 2800 versa,

67 2823 103 2858 ὃ(
131 2818 245 2858 victus
277 2820 449 2865 liberalis,
491 2818 550 2856 eui
579 2822 663 2868 quis
694 2819 895 2864 ass'uevetit,
934 2818 1070 2854 melius
1103 2816 1298 2852 sanitatem
1326 2823 1513 2858 tucantur,
1554 2823 1668 2859 quam

67 2875 130 2912 iste
162 2874 454 2920 mediocritates,
498 2886 591 2922 quae
624 2884 794 2911 naturam
824 2872 996 2921 ignavam
1024 2872 1101 2909 fere
1130 2869 1303 2913 reddunt,
1347 2880 1468 2916 neque
1498 2866 1666 2910 cxcess'us,

67 2940 188 2980 neque
216 2929 457 2978 indigentiae,
505 2941 593 2966 cum
623 2939 717 2978 opus
744 2927 868 2972 fuerit,
911 2925 1126 2976 patientem.
1190 2922 1512 2960 Exercitationum
1542 2931 1667 2958 autem

69 2984 216 3035 specim,
233 2996 326 3031 quae
343 2986 382 3021 in
399 2984 550 3021 sanitate
572 2983 710 3020 tuenda
729 2983 937 3032 plurimum
952 2982 1112 3030 pollent,
1140 2991 1258 3016 nemo
1278 2991 1319 3015 cx
1338 2976 1489 3015 medici>
1506 2977 1599 3012 benc
1615 2975 1666 3010 di-

66 3037 199 3084 stinxit,
229 3049 291 3075 aut
320 3041 542 3079 annotarim
581 3050 669 3076 cum
701 3039 761 3077 vix
790 3037 1000 3074 inveniatur
1030 3034 1150 3084 aliqua
1177 3034 1375 3071 inclinatio
1406 3035 1446 3069 in
1477 3031 1668 3073 morbum,

122 3094 228 3131 Vor..
250 3094 275 3130 1.
841 3092 891 3144 Q
909 3101 928 3127 2
1577 3094 1668 3130 quae

1717 209 1816 258 1²3
