2040 3439
639 61 1166 154 INiDEX.

43 199 104 238 De
137 197 325 245 Naufragii
357 193 510 246 periculo
541 198 672 248 elapsss,
713 199 877 248 quaestio,

97 249 165 294 278
172 277 178 282 .
231 247 456 294 Naufragium
467 248 656 290 doetrinae,
703 251 788 298 Pag.
806 261 877 297 ²90

19 326 27 337 x
44 295 160 336 Navis
179 295 372 338 inventum,
830 309 875 346 57

41 345 286 393 Navigationes
306 345 474 393 praesenti
494 357 648 396 tempore
666 359 728 395 per
740 347 876 384 univer-

95 394 166 432 sum
186 395 321 437 orbem,
719 407 778 444 77,
806 399 874 433 288

41 439 189 485 Notitae,
231 455 349 480 eorum
385 444 563 484 relationes
594 446 638 482 de
670 446 877 482 aromatibus

0 511 2 532 ι
75 492 264 535 -conclusls,
803 507 874 542 325

0 563 1 566 =
45 540 207 584 Nautic'a,
854 556 872 579 2

0 629 1 633 ,
41 588 194 630 Nautica
210 603 298 634 acus,
312 603 393 627 num
407 591 529 628 eadem
541 592 598 628 via
612 591 654 628 ad
670 592 767 640 polos
778 605 875 629 mun-

79 640 126 682 *di
143 639 175 676 se
191 641 352 688 applicat,
381 655 447 690 qua
464 641 635 686 coelestia,
807 654 875 688 144

44 687 262 737 Neapolitana
279 691 462 737 expeditio,
715 695 774 737 88,
805 705 819 727 1
831 705 842 726 1
851 705 872 738 5

43 732 378 778 Nebuchadnezzaris
397 740 610 782 monarchia,
801 753 871 788 245

45 784 243 837 ngotiandi
259 789 449 836 prudentia,
475 790 519 825 de
546 790 605 824 ista
621 790 704 826 nulli
724 789 870 827 conscri-

68 859 78 872 ς
89 837 214 882 buntur
226 837 318 881 libri,
334 849 414 886 217.
445 839 537 876 Inter
546 838 731 875 desiderata
744 851 870 883 tamen,

67 883 196 936 ibid-¹-
220 887 270 931 Et
301 890 392 936 apud
413 889 589 928 Romanos
613 891 770 932 exercita,
789 889 867 926 ibid.

76 930 149 979 ,De
170 936 318 984 negotiis
347 937 512 979 doctrina,
541 946 626 984 215,
656 939 735 974 216.
787 937 872 986 Ejus

58 981 239 1036 {partium
260 997 278 1020 2
289 986 340 1024 16.
393 988 582 1035 Nunquam
597 988 640 1022 ab
653 987 770 1036 aliquo
784 997 872 1024 trac-

64 1040 158 1083 ·,Jt'ata
175 1047 239 1083 pro
257 1036 305 1071 rei
325 1047 514 1078 momento,
790 1037 870 1074 ibid.

41 1082 249 1131 Negotiorum
266 1085 415 1121 diversus
434 1085 525 1128 finis,
824 1096 867 1133 33

39 1133 225 1180 Neptunus,
801 1147 814 1171 1
823 1149 868 1182 54

38 1182 182 1221 Neronis
199 1184 470 1231 quinquennium
491 1184 550 1219 sub
562 1185 686 1220 Seneca
698 1184 867 1232 paedago-

88 1245 150 1280 go,
164 1276 167 1277 ⁷
177 1244 236 1279 3²·
287 1235 430 1271 Neronis
447 1233 588 1276 cithara,
798 1247 864 1270 201

38 1280 159 1320 Nerva
172 1283 332 1330 princeps
350 1283 481 1324 doetus,
510 1294 567 1329 50.
621 1283 806 1331 Apollonii
822 1284 868 1319 sa-

86 1330 242 1374 miliaris,
277 1332 355 1368 ibid.
409 1332 705 1376 Clementiffirnus,
742 1333 870 1380 quique

86 1379 163 1416 orbi
180 1380 276 1416 dedit
294 1380 500 1429 Traianum,
823 1395 865 1428 51

37 1429 174 1475 Nervus
192 1429 273 1466 belli
289 1431 438 1480 populus
457 1430 647 1475 bellicosus,
796 1442 865 1478 243

38 1475 243 1522 Nicodamus,
796 1481 866 1527 265

36 1528 176 1566 Nitrum
192 1528 230 1563 &
247 1528 370 1576 glacies
389 1529 538 1565 maxime
555 1526 767 1576 refrigerant,
799 1530 867 1574 146

36 1577 124 1620 Nix,
149 1577 318 1614 albedinis
334 1577 404 1625 ejus
423 1579 532 1621 causa,
564 1578 640 1613 108.
694 1578 767 1614 Nix
786 1579 865 1615 licet

86 1625 234 1665 formata
247 1639 287 1663 ex
302 1627 454 1675 liquidis,
473 1630 544 1665 viz.
563 1629 636 1664 aere
655 1627 692 1663 &
705 1639 803 1675 aqua,
819 1638 868 1664 ta-

87 1689 167 1713 men
185 1676 435 1713 confistentiam
452 1677 579 1720 induit,
797 1689 868 1723 340

36 1725 170 1766 Nobiles
205 1726 240 1762 in
265 1725 373 1762 stadio
408 1727 596 1774 respectant
630 1726 746 1768 nimis,
789 1729 866 1763 180.

87 1774 144 1811 Ne
164 1774 296 1812 Nobiles
312 1775 587 1823 multiplicentur,
609 1787 689 1820 244-
730 1775 865 1812 Eorum

84 1823 224 1867 famuli,
248 1824 327 1862 ibid.
378 1825 557 1872 Mancipia
572 1825 609 1859 δε
627 1824 772 1872 operarii
790 1825 866 1861 sunt

83 1871 192 1922 plebs,
218 1872 298 1910 ibid.
349 1874 545 1910 Multitudo
573 1874 607 1909 in
637 1885 744 1922 regno
768 1886 865 1910 com-

131 1932 222 1959 ratur
239 1922 354 1970 sylvae
371 1923 527 1965 caeduae,
785 1923 865 1960 ibid.

35 1971 90 2010 No
111 1972 219 2018 ilitas,
251 1983 331 2020 ¹79·
382 1973 463 2008 Non
491 1972 752 2015 contemnenda,
785 1975 863 2009 180.

83 2020 554 2058 Nobilitatemintroducentes
565 2023 598 2058 in
612 2021 782 2058 familiam
798 2022 866 2058 fere

83 2070 256 2119 digniores
286 2070 360 2106 sunt
387 2071 537 2119 posteris,
571 2073 649 2118 189.
704 2072 760 2107 Ne
772 2070 865 2118 justo

83 2119 125 2156 fit
141 2120 361 2163 numerosior,
382 2131 464 2166 244.
505 2120 675 2157 Nobilitas
692 2133 863 2156 novorum

85 2168 280 2207 hominum,
795 2172 862 2215 308

35 2217 184 2256 Notluae
211 2218 313 2254 noctu
340 2228 492 2262 cernunt,
524 2217 602 2265 136.
655 2218 828 2255 Deduetio
845 2232 865 2254 a

86 2265 157 2303 visu
174 2271 318 2311 natiuae,
666 2287 670 2292 ›
795 2268 865 2314 364

35 2315 134 2361 Nosce
150 2316 295 2365 teipsum
314 2329 355 2352 ex
372 2317 523 2359 oraculo,
684 2328 697 2350 1
710 2315 765 2358 16,
794 2328 861 2363 233

36 2364 145 2404 Notae
171 2378 285 2403 rerum
312 2365 475 2414 duplices,
503 2366 626 2415 absque
655 2378 722 2414 ope
739 2367 863 2402 verbo-

85 2427 176 2458 rum,
799 2427 864 2461 159

36 2462 190 2502 Nationes
206 2463 380 2513 religionis
403 2477 498 2513 reges
527 2466 571 2501 ab
600 2476 713 2501 errore
742 2465 864 2501 refrae-

8 2550 9 2553 ,
85 2524 179 2557 nant,
817 2526 864 2559 50

36 2562 191 2600 Nationes
215 2563 402 2599 verborum
431 2563 575 2606 animae,
618 2575 696 2605 14¹-
745 2563 864 2599 Verba

84 2614 244 2649 notionum
270 2613 420 2655 tesserae,
445 2611 525 2649 ibid.
573 2612 750 2648 Generales
780 2613 865 2660 quid

84 2660 298 2698 incommodi
314 2661 434 2703 ferant,
465 2673 543 2708 153.
597 2661 651 2697 Ex
665 2672 799 2698 naturae
814 2662 865 2696 lu-

85 2710 177 2747 mine
206 2713 346 2746 notiones
373 2711 534 2746 habemus
564 2710 755 2753 nonnullas,
783 2711 863 2756 263.

82 2758 237 2797 Notiones
250 2760 347 2796 falsae
361 2760 538 2796 hominum
553 2770 679 2795 mentes
691 2760 862 2802 obsident,

86 2818 167 2856 277.
220 2810 281 2845 Ab
300 2809 514 2856 impreffione
531 2808 681 2843 sensuum
701 2809 789 2844 male
804 2810 862 2844 ab·

84 2856 289 2901 strabuntur,
303 2858 385 2895 286.
411 2858 566 2895 Nationes
577 2869 682 2904 vagae
697 2871 764 2895 non
778 2858 863 2894 bene

88 2907 298 2951 terminatae,
661 2907 664 2911 ’
794 2919 812 2953 3
820 2919 836 2953 3
843 2919 862 2953 3

37 2954 171 2994 Notitia
206 2957 388 2993 hominum
418 2965 505 3004 quot
540 2954 649 2991 modis
685 2955 861 2998 elicienda,

791 3016 862 3051 230

508 3054 566 3090 Sui
586 3053 734 3090 maxime
751 3055 862 3090 neces-

38 3053 172 3089 Notitia
188 3053 347 3097 aliorum,
375 3065 458 3101 233-
790 3103 852 3139 ,bd

424 3131 427 3133 Α
783 3117 792 3138 t
817 3117 826 3138 Ι
853 3131 861 3141 ·

90 3102 188 3145 saria,

137 3151 233 3188 Vox..
254 3152 283 3189 Ι.

925 202 1020 239 Novi
1035 204 1191 240 homines
1207 215 1248 240 ex
1275 208 1485 255 genealogiis
1514 211 1672 250 antinuae
1690 211 1754 248 aliz

971 252 1066 300 cujus
1083 252 1232 290 tamiiiac
1249 255 1466 293 nobilitatem
1484 252 1647 303 astruunt,
1668 261 1767 307 pag.-

1684 315 1749 346 ⁶08

924 350 1041 385 Novus
1058 351 1148 387 orbis
1167 352 1393 395 scientiarum,
1681 334 1749 405 {57

923 398 1096 445 Novitalis
1115 412 1172 436 aut
1188 403 1361 439 varietatis
1379 416 1490 446 amor,
1680 418 1750 444 200

923 448 1070 484 Novitas
1089 460 1226 485 naturae
1245 451 1412 488 humanae
1431 465 1541 501 grata,
1679 467 1752 501 224

922 496 1091 534 Nubeculcz
1110 499 1143 533 in
1162 508 1302 546 gemma
1319 499 1433 538 oculos
1450 503 1544 546 ferit,
1679 517 1752 542 220

923 546 1042 593 Nugae
1059 547 1201 594 logicae,
1681 566 1696 590 ι
1705 566 1747 601 32

921 595 1136 631 Numerorum
1154 598 1312 645 potestas,
1680 616 1694 639 1
1707 616 1750 647 η.

921 644 1128 691 Numismezta
1173 659 1283 682 ret-um
1330 648 1621 693 intelleftualium,
1669 664 1749 700 159.

969 694 1065 741 Qae
1084 695 1242 731 consensu
1261 697 1479 746 recipiuntur,
1677 714 1718 747 3¹
1730 714 1757 743 ι,

920 742 1129 778 Nummorum
1151 745 1306 788 rationes,
1675 762 1693 785 2
1702 762 1718 796 3
1727 762 1744 785 2

920 791 1076 827 Nutritio
1093 792 1255 836 hominis,
1679 812 1692 835 x
1702 811 1717 834 2
1728 812 1741 836 ι

1309 888 1357 929 0'.

917 985 1220 1081 OBaerationis
1237 990 1372 1038 graduS‚
1402 1003 1460 1039 75.
1506 992 1682 1031 obaeratis
1707 996 1744 1032 &t

1063 1038 1293 1085 indigentibus
1310 1042 1535 1088 praefesturae
1552 1057 1622 1080 non
1647 1057 1746 1080 com-

966 1086 1163 1130 mittendae,
1672 1106 1690 1130 2
1698 1106 1714 1129 2
1722 1106 1742 1140 5

917 1133 1102 1171 Oblationes
1108 1135 1307 1184 spontaneae
1315 1140 1513 1188 quotidiana
1522 1141 1716 1186 sacrificia,2
1725 1156 1743 1190 27

917 1183 1094 1220 Obturatio
1112 1186 1283 1232 vasorum,
1560 1193 1642 1235 384,
1672 1196 1740 1239 385

916 1228 1056 1278 Occasio,
1072 1235 1174 1270 instar
1185 1235 1346 1284 Sibyllae,
1356 1237 1479 1274 minuit
1490 1240 1655 1283 oblatum,
1668 1255 1746 1289 pre-

966 1284 1051 1319 tium
1071 1294 1185 1332 auget,
1563 1301 1644 1337 175,
1677 1294 1741 1338 189

916 1330 1096 1376 Occafiones
1113 1334 1252 1370 redeunt
1271 1334 1303 1369 in
1320 1336 1456 1378 orbem,
1696 1349 1741 1387 79

916 1381 1097 1423 Occastones
1136 1383 1322 1431 aliquando
1357 1387 1597 1432 provocandae
1631 1391 1742 1436 magis

964 1443 1066 1478 quam
1081 1433 1318 1480 expefifflndae,
1339 1444 1422 1480 237,
1451 1437 1529 1479 238.
1580 1436 1678 1473 Idem
1693 1439 1741 1474 fa-

963 1489 1051 1516 tetur
1070 1481 1326 1525 Demosthenes,
1345 1485 1427 1528 238.
1474 1484 1626 1532 Quidam
1641 1487 1678 1522 iis
1691 1488 1742 1524 uti

963 1540 1098 1572 norunt,
1113 1531 1233 1566 caeteri
1245 1532 1410 1567 machinis
1421 1535 1653 1581 comparandi,
1670 1547 1687 1571 2
1695 1548 1740 1584 39

914 1577 1097 1614 Occultatio
1113 1580 1332 1616 consiliorum
1360 1582 1394 1617 in
1413 1582 1510 1617 rebus
1528 1584 1743 1631 perficiendis

963 1628 1155 1668 necessaria,
1694 1636 1739 1670 88

913 1677 1097 1713 occultatio
1112 1676 1305 1714 defectuum
1324 1691 1390 1714 non
1419 1679 1530 1716 minus
1547 1682 1740 1726 necessaria,

1195 1777 1199 1782 ,
1669 1743 1740 1779 235

912 1775 1067 1810 Occultae
1083 1786 1319 1824 proprietates,
1669 1785 1740 1826 284

911 1824 1009 1859 Oculi
1025 1826 1240 1872 quorundam
1258 1827 1463 1863 animalium
1479 1828 1512 1863 in
1529 1830 1674 1866 tenebris
1688 1831 1741 1867 lu-

960 1883 1050 1914 cent,
1669 1891 1683 1915 ι
1692 1881 1738 1927 36

910 1923 1032 1958 Oculus
1048 1923 1197 1960 videndo
1213 1936 1280 1959 non
1299 1923 1447 1969 satiatur,
1691 1940 1738 1977 29

910 1972 1085 2018 Odorifera
1101 1985 1179 2008 cum
1192 1973 1326 2009 foetidis
1340 1974 1470 2010 misceri
1489 1977 1649 2018 recusant,
1667 1984 1736 2026 378

910 2022 1131 2059 OEconomica
1147 2022 1277 2062 solatia,
1290 2034 1308 2057 2
1319 2035 1371 2070 19.
1418 2025 1641 2063 OEconomica
1653 2040 1738 2064 con-

960 2071 1085 2106 tinetur
1102 2070 1159 2107 sub
1177 2072 1331 2107 dofftrina
1350 2072 1392 2107 de
1409 2074 1596 2120 republica,
1665 2088 1735 2122 242

910 2120 1024 2167 Officia
1054 2120 1208 2169 specialia
1236 2121 1274 2156 δε
1301 2122 1496 2169 respeetiva,
1542 2135 1625 2168 202,
1653 2137 1735 2173 203.

958 2170 1105 2217 Spar-sim
1123 2170 1262 2206 traCtata
1280 2171 1316 2205 &
1335 2183 1353 2205 a
1371 2172 1538 2208 veteribus
1557 2174 1590 2209 in
1615 2187 1738 2223 corpus

960 2219 1131 2261 integrum
1152 2231 1218 2254 non
1237 2220 1377 2267 digesta,
1665 2236 1734 2272 203

911 2267 965 2303 De
982 2267 1090 2314 Officio
1109 2268 1198 2315 regis
1215 2268 1312 2308 liber,
1342 2269 1476 2314 Jacobo
1492 2268 1642 2319 Angliae
1657 2286 1740 2322 rege

957 2328 1087 2357 autore,
1104 2328 1184 2363 203.
1212 2317 1393 2364 Officiorum
1405 2322 1630 2367 corruptelae,
1663 2333 1735 2368 204

909 2365 1022 2412 Officia
1040 2376 1248 2413 comparata,
1269 2378 1349 2413 205.
1395 2367 1551 2412 Minora,
1571 2371 1737 2409 alimenta

959 2416 1127 2451 socordiae
1145 2415 1326 2451 secundum
1345 2415 1625 2460 Demosthenem,
1665 2432 1683 2456 2
1690 2432 1732 2468 31

910 2465 983 2500 Olei
1001 2464 1038 2500 &
1055 2475 1305 2511 unguentorum
1320 2465 1404 2508 usus,
1427 2477 1505 2512 129.
1557 2468 1638 2503 Olea
1653 2471 1737 2506 adu·

959 2514 1075 2556 rentia,
1096 2524 1176 2560 319.
1220 2514 1333 2550 Taetu
1351 2513 1490 2562 frigida,
1507 2518 1672 2563 potestate
1683 2532 1737 2556 ca-

958 2563 1041 2605 lida,
1667 2580 1734 2615 322

909 2612 1059 2658 Olympus
1087 2624 1185 2648 mons
1212 2611 1401 2657 frondosus,
1432 2625 1510 2662 ¹09·
1559 2615 1641 2665 Ejus
1657 2630 1734 2654 ver·

957 2671 1012 2696 tex
1029 2662 1149 2709 qualis,
1663 2678 1736 2713 320

910 2710 1073 2756 Olympico
1090 2709 1288 2754 certamina,
1666 2728 1734 2761 130

909 2760 1027 2795 Oneris
1045 2759 1190 2795 nimium
1209 2759 1384 2807 ingenium
1402 2761 1576 2806 obtundit,
1663 2776 1732 2812 209

908 2810 1018 2854 Opera
1044 2821 1196 2857 quaeque
1215 2808 1362 2847 maxima
1381 2812 1559 2857 quomodo
1575 2813 1734 2861 superan-

955 2858 1012 2901 da,
1040 2870 1098 2905 59.
1151 2858 1283 2893 Eorum
1316 2858 1453 2895 inventa
1481 2863 1656 2907 quomodo
1672 2872 1733 2898 ve·

957 2907 1068 2943 nerint
1084 2907 1117 2942 in
1134 2907 1314 2945 hominum
1331 2908 1502 2951 notitiam,
1665 2923 1677 2945 1
1690 2923 1701 2946 1
1714 2921 1729 2947 1

908 2955 1067 3002 operarii
1081 2957 1166 2992 inter
1180 2969 1322 3004 vapores
1336 2959 1469 3005 argenti
1481 2959 1550 2995 vivi
1567 2959 1600 2995 in
1613 2972 1671 2995 ore
1684 2972 1730 2996 te—

956 3016 1037 3041 nent
1052 3006 1123 3040 auri
1142 3005 1300 3049 frustum,
1661 3020 1729 3056 377

908 3046 1064 3100 Operatio
1083 3055 1267 3097 EleChica,
1659 3059 1731 3105 376

906 3104 1097 3150 Opiatorum
1115 3104 1152 3140 &
1168 3105 1371 3142 nitratorum
1388 3103 1474 3149 usus,
1662 3119 1674 3142 1
1685 3118 1728 3154 29

1249 3152 1282 3187 G
1291 3165 1317 3200 g
1327 3164 1349 3201 g
1375 3164 1394 3188 2
1578 3154 1736 3199 Opiatum
