2040 3439
184 216 255 274 64-

389 210 489 256 DE
545 199 1055 255 AUGMENTIS
1103 195 1946 254 SCIENTIARUM.Lib.1L

324 311 362 348 &
381 308 533 346 fidelem
549 306 714 351 aggredi,
742 301 935 356 praecipue
955 312 1044 338 cum
1065 296 1307 347 inquisitione
1331 297 1456 336 sedula
1475 300 1512 335 &
1533 308 1713 339 accurata,
1750 311 1947 348 quaenam

328 377 456 402 carum
484 347 610 415 parte}
636 359 825 408 neglectae
858 357 1097 403 incultae-que
1127 355 1282 398 iaceant,
1326 353 1531 390 hominum
1563 354 1742 391 industria
1767 357 1946 394 nondum

330 418 497 457 subactae
523 421 559 455 ὃ(
582 417 627 453 ad
647 414 754 452 usum
776 411 1000 451 conversam
1038 420 1080 447 ut
1106 408 1323 454 hujusmodi
1348 409 1557 445 delineatio
1585 411 1622 446 ὃ(
1651 407 1868 458 registratio,
1909 414 1946 449 δε

329 475 487 525 publicis
507 469 827 520 defigiiationibus
848 469 884 503 ὃ(
905 467 1140 517 privatorum
1160 464 1375 515 spontaneis
1396 464 1587 501 laboribus
1608 463 1729 501 facem
1754 467 1944 504 accendat.

329 532 373 567 In
388 541 467 577 quo
492 523 739 564 nihilominus
754 519 953 559 consilium
977 519 1038 561 est,
1069 520 1142 556 hoc
1166 530 1340 568 tempore
1355 514 1580 556 omi-flioncs
1603 519 1780 557 duntaxat
1797 523 1835 557 ἃ
1857 519 1954 558 defi—=

330 585 456 621 derata
472 592 626 620 notare3
655 591 737 615 non
754 587 878 614 autem
896 588 1040 613 errores
1056 577 1092 612 &
1109 574 1347 612 infelicitates
1363 573 1585 622 redarguere
1600 588 1609 610 2
1637 574 1758 613 Aliud
1775 578 1879 613 enim
1895 577 1948 613 est

330 639 473 676 inculta
494 638 576 673 loca
593 635 770 680 indicare,
801 632 902 669 aliud
918 632 1086 668 culturae
1106 630 1267 667 modum
1283 630 1483 677 corrigere.

383 694 536 744 QUAM
556 690 711 739 quidem
726 689 772 725 ad
795 698 890 728 rem,
919 698 1007 723 cum
1024 698 1084 722 me
1109 697 1293 736 comparo
1307 686 1343 721 ὅ(
1359 685 1559 733 accingor;
1586 694 1668 721 non
1691 684 1771 722 fimi
1788 684 1946 733 nescius,

331 757 516 797 quantum
541 758 634 798 opus
659 755 849 784 moveam,
886 753 1077 790 quamque
1097 737 1292 777 difficilem
1312 740 1550 790 provinciam
1573 738 1789 782 stistineam3
1828 743 1956 780 ctiam·

330 815 445 852 quam
466 800 535 838 fint
555 800 648 838 vires
665 801 826 836 minime
840 798 1030 835 voluntati
1046 808 1169 845 pares:
1199 805 1368 832 attamen
1390 805 1566 843 magnam
1583 795 1621 831 in
1646 795 1748 846 spem
1763 797 1892 843 venio,
1921 793 1955 834 {2⁹

332 859 525 895 ardentior
547 867 654 893 mens
674 866 759 904 erga
785 855 908 890 literas
929 864 1036 889 amor
1057 863 1120 888 me
1146 852 1298 900 longius
1319 851 1544 899 provexerit,
1581 849 1735 887 usurum
1757 862 1819 888 me
1844 863 1951 890 excu-

334 912 476 951 satione
505 911 682 951 affee'tus5
723 911 810 958 quia
841 920 923 945 non
951 905 1058 944 fimul
1088 908 1263 955 cuiquam
1296 905 1532 952 conceditur,
1569 915 1701 942 amare
1729 901 1778 948 ὠν
1795 906 1951 958 sapere.

332 969 494 1008 Nescius
518 967 694 1016 equidem
718 977 799 1001 non
824 963 918 1009 ium,
955 962 1115 999 eandem
1145 962 1273 1006 judicii
1302 960 1515 997 libertatem
1541 960 1623 998 aliis
1646 961 1954 1010 relinquendam,

333 1036 449 1073 quam
479 1022 554 1075 ipse
583 1020 849 1070 uliirpaverim.
905 1019 1095 1066 Equidem
1124 1016 1286 1054 libenter
1315 1028 1430 1066 aeque
1459 1017 1668 1065 acceperim
1699 1016 1745 1054 ab
1775 1017 1870 1064 aliis,
1909 1029 1958 1055 ac-

335 1078 623 1131 impertiverim,
645 1076 888 1113 humanitatis
900 1072 991 1110 illud
1005 1069 1197 1109 officium:
1222 1069 1333 1109 Nam
1345 1070 1412 1123 qui
1425 1070 1578 1108 erranti
1590 1071 1749 1111 comiter
1763 1069 1960 1122 monstrat

332 1135 455 1175 viam,
469 1129 548 1176 &a
562 1131 755 1183 Prospicio
766 1129 877 1166 etiam
888 1131 1032 1168 animo«,
1045 1129 1241 1177 compluta
1251 1139 1292 1164 ex
1307 1127 1394 1166 illis,
1407 1138 1500 1174 quae
1511 1136 1691 1174 tanquam
1702 1127 1833 1165 omifia
1843 1128 1954 1166 &de-

333 1188 487 1227 fiderata
508 1191 547 1225 in
569 1186 763 1236 registrum
790 1185 864 1221 hoc
884 1184 1053 1221 nostrum
1073 1182 1212 1219 referre
1240 1182 1361 1220 visum
1382 1181 1507 1227 fuerit,
1544 1181 1583 1218 in
1603 1181 1761 1219 diversas
1781 1182 1958 1221 censuras

334 1245 550 1282 incursura:
588 1244 657 1278 alia
682 1240 820 1278 scilicet
843 1239 946 1287 quod
975 1236 1044 1274 sint
1065 1238 1209 1274 dudum
1233 1237 1378 1286 peraeta
1403 1239 1439 1273 ὃ(
1464 1237 1538 1281 jam
1559 1247 1710 1274 extent:
1748 1239 1818 1275 alia
1846 1239 1953 1287 quod

333 1297 588 1337 curiositatem
605 1296 745 1348 sapiant
761 1297 796 1332 &
812 1294 976 1331 frucium
997 1294 1222 1342 promittant
1238 1292 1441 1341 perexilem
1458 1305 1465 1327 ε
1496 1292 1567 1328 alia
1586 1292 1690 1340 quod
1706 1291 1819 1331 nimis
1839 1293 1955 1332 ardua

334 1353 486 1391 existant
508 1355 544 1390 &
560 1351 636 1389 fere
658 1346 903 1402 impossibilia
919 1361 1014 1397 quae
1035 1349 1084 1385 ab
1101 1347 1322 1384 hominibus
1337 1346 1588 1384 absolvantur.
1647 1346 1712 1384 Ad
1729 1348 1857 1398 priora
1874 1349 1958 1386 duo

334 1409 439 1458 quod
463 1410 610 1454 attinet,
639 1419 697 1443 res
716 1405 812 1455 ipsae
836 1417 906 1454 pro
928 1403 963 1441 se
978 1403 1122 1440 caulam
1148 1413 1284 1452 agent3
1313 1403 1410 1439 cirea
1429 1401 1660 1454 postremum
1676 1403 1724 1440 de
1746 1400 1958 1455 impossibi-

333 1466 440 1502 litate
469 1466 521 1501 ita
543 1461 684 1499 statuo:
722 1473 767 1497 ea
787 1461 918 1497 onmia
943 1455 1132 1509 poffibilia
1159 1461 1195 1495 &
1215 1458 1441 1506 praestabilia
1465 1456 1661 1504 censenda,
1700 1469 1796 1506 quae
1819 1459 1866 1498 ab
1884 1460 1953 1496 ali-

335 1520 470 1567 quibus
493 1517 622 1568 perfici
645 1512 800 1568 possint²
830 1516 917 1552 licet
941 1526 1023 1551 non
1047 1525 1066 1550 a
1089 1513 1299 1562 quibusvis
1338 1515 1375 1550 ὃ(
1396 1525 1490 1561 quae
1513 1524 1534 1548 a
1555 1511 1684 1550 multis
1702 1513 1957 1561 conjunctim,

335 1576 425 1612 licet
443 1586 524 1611 non
540 1573 584 1610 ab
602 1584 704 1613 uno;
733 1574 771 1608 &
785 1582 880 1619 quae
894 1569 934 1607 in
955 1565 1184 1606 successione
1203 1568 1452 1614 saeculorum,
1481 1569 1568 1604 licet
1588 1579 1670 1605 non
1686 1568 1824 1606 eodem
1839 1581 1960 1611 aevo;

335 1632 374 1667 ἃ
396 1629 561 1677 denique
585 1639 680 1676 quae
703 1627 851 1676 publica
873 1637 960 1663 cura
988 1627 1025 1661 ὃ(
1050 1624 1212 1675 sumptu,
1251 1625 1339 1660 licet
1362 1636 1443 1660 non
1470 1623 1604 1672 opibus
1628 1625 1665 1660 ὅ(
1688 1622 1867 1662 industria
1888 1622 1958 1662 fin-

335 1686 528 1734 gulorum.
577 1685 615 1721 Si
629 1683 711 1732 quis
723 1692 851 1718 tamen
865 1679 917 1727 stt,
935 1682 1000 1729 qui
1016 1681 1123 1717 malit
1137 1680 1359 1717 Solomonis
1372 1679 1466 1715 illud
1481 1677 1675 1729 usurpate:
1691 1676 1822 1717 Dicit
1827 1679 1958 1732 piger,

335 1738 394 1778 leo
417 1736 464 1789 2st
484 1739 526 1776 in
550 1738 621 1776 via
635 1756 649 1780 ‚-
689 1748 802 1786 quam
825 1736 919 1773 illud
944 1735 1118 1785 Virgilii:
1158 1732 1338 1786 Poffunt,
1374 1733 1467 1786 quia
1481 1730 1586 1785 poffi’
1609 1730 1824 1772 videntur.-
1862 1736 1960 1773 Satis

335 1795 433 1832 milii
457 1795 539 1840 erit,
568 1791 594 1830 fi
613 1794 760 1830 labores
785 1793 873 1831 mei,
904 1792 1002 1828 inter
1017 1801 1104 1829 vota
1126 1800 1275 1827 tantum
1291 1788 1362 1827 five
1382 1798 1511 1839 optata
1526 1789 1697 1826 melioris
1712 1799 1829 1828 notae
1847 1790 1958 1828 habe-

335 1860 460 1887 antur.
519 1850 622 1887 Sicut
646 1849 751 1885 enim
775 1847 873 1884 haud
897 1848 1063 1883 omnino
1080 1847 1132 1882 rei
1153 1847 1375 1897 imperitum
1397 1844 1467 1882 ess'e
1491 1853 1657 1894 oportet,
1686 1846 1754 1893 qui
1774 1843 1958 1894 quaestio-

337 1917 428 1943 nem
460 1902 623 1955 appofite
651 1903 840 1944 instituam
879 1903 932 1939 ita
958 1913 1029 1939 nec
1056 1900 1180 1939 sensus
1209 1903 1322 1955 inops
1346 1900 1528 1948 videatur,
1568 1899 1635 1949 qui
1662 1899 1958 1950 haudquaquam

337 1958 495 1999 absurda
514 1959 714 2013 optaverit.
1724 1975 1739 1993 1

991 2151 1206 2199 CAP.
1275 2150 1310 2197 1.

343 2266 528 2309 ‘Par-titio
560 2266 798 2321 nni-veijsalis
826 2264 1024 2306 doffrinae
1057 2264 1248 2305 humanae
1283 2266 1324 2304 in
1357 2263 1569 2317 historiam,
1602 2263 1757 2319 pob'stm,
1791 2264 1962 2322 philoso-

383 2323 537 2379 phiam,
565 2321 779 2377 sbcmzdum
807 2330 890 2361 tres
915 2320 1139 2360 intellectus
1157 2320 1397 2374 facultates,
1434 2319 1667 2369 memoriam,
1695 2320 1961 2375 phantastam‚

396 2381 608 2425 rationem3
637 2377 811 2434 quodque
825 2375 955 2416 eadem
960 2377 1134 2430 partitio
1149 2383 1343 2430 competat
1357 2376 1478 2415 etiam
1493 2374 1732 2430 theologicis.

466 2519 724 2559 ARTITIO
745 2520 938 2558 doctrinae
956 2518 1143 2557 humanae
1165 2531 1207 2556 ea
1230 2518 1280 2557 est
1298 2514 1498 2565 vei-imma,
1527 2528 1621 2567 quae
1647 2516 1806 2556 sumitur
1827 2531 1869 2557 ex
1893 2520 1960 2559 tri-

348 2518 457 2655 Ρ
488 2576 575 2626 plici
596 2576 772 2614 facultate
800 2577 949 2613 animae
973 2573 1180 2621 rationalis,
1216 2586 1311 2625 quae
1336 2574 1532 2610 doctrinae
1560 2572 1662 2609 sedes
1688 2573 1760 2610 cst:
1799 2573 1964 2615 Historia

487 2630 531 2665 ad
548 2633 772 2668 memoriam
791 2630 958 2676 refertur,
987 2627 1104 2679 poesis
1119 2630 1163 2666 ad
1182 2626 1422 2678 phantasiam,
1442 2627 1680 2678 philosophia
1695 2629 1741 2666 ad
1755 2631 1960 2668 rationem.

348 2685 420 2722 Pet
432 2681 573 2736 poestm
586 2696 724 2733 autem,
745 2686 820 2724 hoc
831 2687 921 2723 loco
932 2685 1180 2734 intelligimus
1193 2697 1274 2721 non
1286 2682 1397 2730 aliud,
1418 2695 1532 2732 quam
1544 2681 1736 2721 historiam
1748 2685 1963 2733 confictam,

349 2738 422 2778 five
449 2739 601 2777 fabulas.
658 2742 826 2778 Carmen
852 2743 957 2778 enim
984 2738 1065 2788 styli
1093 2738 1247 2788 quidam
1274 2738 1461 2777 cltataCter
1491 2738 1553 2786 est,
1589 2749 1703 2788 atque
1731 2740 1776 2776 ad
1807 2740 1964 2779 artificia

350 2793 535 2833 orationis
555 2795 738 2845 pertinen
769 2797 816 2833 de
831 2809 910 2845 quo
929 2795 998 2834 suo
1013 2796 1114 2833 loco.
1936 2801 1938 2803 '

403 2851 653 2887 Hisrotuli
682 2853 831 2900 proprie
862 2851 1150 2889 individuorum
1182 2848 1245 2896 est,
1284 2861 1381 2898 quae
1413 2848 1772 2887 circumscribuntur
1800 2851 1892 2888 loco
1925 2855 1965 2891 &

349 2915 537 2954 tempore.
592 2902 665 2941 Etsi
689 2907 792 2941 enim
808 2906 1148 2946 liistorianaturalis
1167 2906 1266 2942 circa
1287 2905 1424 2955 specics
1442 2905 1577 2942 versari
1602 2905 1796 2946 videatut3
1832 2916 1964 2946 tamen

350 2960 427 2997 hoc
454 2959 495 2996 fit
524 2959 575 2996 ob
603 2959 856 3008 promiscuam
890 2973 1018 2999 rerum
1045 2961 1286 3007 naturalium,
1331 2959 1383 3005 (in
1412 2961 1597 3010 plurimis)
1630 2959 1695 2997 sub
1726 2972 1800 2997 una
1831 2961 1963 3010 speeie,

351 3013 662 3055 {imilitudinenu
693 3025 735 3051 ut
759 3013 784 3051 si
799 3028 914 3053 unam
935 3017 1052 3063 noris,
1081 3027 1217 3053 omnes
1232 3016 1349 3053 noris.
1408 3015 1532 3052 Sicubi
1547 3024 1674 3052 autem
1691 3016 1885 3054 individua
1910 3029 1964 3055 re-

350 3069 554 3121 periantur,
592 3081 687 3121 quae
717 3081 780 3109 aut
807 3071 918 3109 unica
946 3070 1032 3111 sunt
1061 3072 1103 3110 in
1132 3070 1194 3110 sua
1226 3069 1358 3124 speeie,
1396 3071 1514 3110 veluti
1544 3069 1600 3110 sol
1629 3072 1666 3109 δε
1695 3071 1812 3112 luna3
1853 3082 1916 3109 aut
1944 3085 1966 3110 a

1847 3125 1970 3178 specie

1938 3248 1962 3289 3
