2040 3439
104 212 298 286 AEffiu
511 235 841 284 NOVUM
909 238 1386 288 ORGANUM

116 319 270 378 ‘cimus
300 345 389 386 quas
414 329 528 374 etiam
548 333 809 374 elucescentias
827 333 898 374 five
922 335 1108 375 instantias
1139 338 1290 377 libratas
1317 340 1355 377 δε
1386 336 1728 391 praedominantcs,

115 388 309 442 ‘appellare
330 390 603 428 consuevimus.
658 391 732 428 Eae
766 390 862 438 sunt,
891 403 985 440 quae
1015 390 1214 432 ostendunt
1234 403 1408 432 naturam
1422 393 1636 444 inquisitam
1658 409 1727 435 nu-

108 436 212 485 sdam
232 448 268 484 δε
283 444 555 493 substantivam,
582 454 692 496 atque
721 446 835 482 etiam
862 444 902 483 in
930 447 1154 485 exaltatione
1174 447 1247 495 sua,
1275 460 1338 486 aut
1357 449 1509 487 summo
1527 451 1645 500 gradu
1657 464 1738 503 po<

123 501 261 539 tentiae
280 498 362 537 suae
377 518 391 543 ,-
423 501 695 550 emancipatam
727 498 876 547 scilicet,
905 502 943 538 ὃς
967 500 1158 540 liberatam
1185 504 1231 540 ab
1252 504 1545 554 impedimentis,
1572 507 1632 544 vel
1660 505 1723 544 sal-

111 564 202 594 'tem
223 566 290 604 per
308 554 573 592 fortitudinem
612 554 695 593 suae
730 553 877 593 virtutis
909 556 1175 595 dominantem
1203 557 1308 607 super
1331 557 1415 610 ipsa,
1444 572 1559 609 eaque
1585 560 1722 611 suppri-

121 612 291 647 mentem
314 611 350 646 &
375 620 628 647 coercentem.
687 609 791 647 Cum
819 610 921 647 enim
941 623 1060 648 omne
1087 624 1220 663 corpus
1260 612 1423 664 suscipiat
1453 616 1589 652 multas
1617 627 1721 655 natu-

119 661 244 702 rarum
258 664 398 702 formas
416 665 603 717 copulatas
626 666 716 702 &in
738 674 922 703 concreto
937 682 952 709 ,-
981 665 1022 702 fit
1051 676 1092 703 ut
1113 668 1181 704 alia
1197 668 1307 704 aliam
1327 669 1511 716 retundat,
1526 670 1722 719 deprimat,

105 718 262 770 'frangat
278 719 421 768 &liget
437 737 451 763 ,ς
473 719 574 756 unde
591 719 836 757 obscurantur
855 720 1003 758 formae
1023 718 1196 770 singulae.
1234 723 1481 761 Inveniuntur
1501 734 1626 762 autem
1641 725 1722 763 sub-

100 773 209 826 Jje'sta
228 775 425 821 nonnulla,
455 776 494 811 in
515 775 647 822 quibus
676 785 806 812 natura
826 773 998 823 inquisita
1022 787 1108 824 prae
1137 774 1215 812 aliis
1243 775 1293 814 est
1318 776 1357 813 in
1386 777 1454 815 suo
1480 777 1608 828 vigore
1623 795 1634 822 3
1660 781 1720 818 vel

115 835 183 881 per
201 828 404 867 absentiam
426 828 699 880 impedimenti,
727 831 785 867 vel
801 841 866 878 per
893 830 1258 879 praedominantiam
1278 833 1437 869 virtutis.
1493 833 1719 878 Hujusmodi

97 884 242 934 'autem
266 881 455 920 instantiae
475 884 559 921 sunt
587 886 749 921 maxime
769 882 964 921 ostensivae
992 885 1149 921 formae.
1205 887 1350 923 Verum
1370 886 1458 923 &in
1486 886 1540 924 his
1555 886 1635 938 ipsis
1663 891 1720 927 in·

107 936 253 977 ‘'stantiis
280 938 488 976 adhibenda
508 938 556 976 est
583 941 720 985 cautio,
748 941 785 976 ὅ(
810 938 1039 977 cohibendus
1060 940 1221 988 impetus
1247 939 1468 978 intellectus.
1526 941 1715 994 Quicquid

110 990 220 1031 ¹enim
240 992 396 1031 ostentat
422 994 598 1040 formam,
627 1005 782 1044 eamque
798 992 925 1040 trudit,
941 1005 980 1031 ut
1004 994 1171 1031 videatur
1192 1007 1386 1033 occurrere
1407 997 1626 1043 intellectui,
1645 1010 1718 1049 pro

95 1046 281 1108 1,Γιιῷεέἐο
299 1047 513 1086 habendum
533 1047 592 1095 est,
622 1047 660 1084 δε
689 1049 954 1086 recurrendum
987 1049 1034 1086 ad
1062 1047 1280 1087 exclusivam
1300 1049 1462 1088 severam
1491 1054 1528 1089 ὅ(
1560 1050 1714 1102 diligen-

96 1104 206 1155 jtem.

95 1158 100 1167 '
124 1168 129 1171 ·
165 1158 391 1196 EXEMPLI
420 1157 558 1208 gratim
589 1156 629 1195 sit
653 1168 784 1196 natura
801 1156 984 1207 inquisita,
1013 1159 1188 1196 calidum.
1246 1157 1418 1197 Instantia
1435 1154 1610 1198 ostensiva
1634 1174 1716 1201 mo-

112 1219 172 1250 tus
193 1212 432 1263 expansionis,
463 1214 582 1262 (quae,
612 1223 652 1250 ut
679 1213 839 1262 superius
862 1214 1004 1250 diuum
1028 1212 1088 1259 est,
1117 1215 1246 1263 portio
1279 1214 1327 1251 est
1352 1216 1544 1264 praecipua
1568 1215 1715 1255 formae

112 1267 249 1317 calidi‚)
280 1266 329 1305 est
366 1269 505 1305 vitrum
531 1268 724 1305 calendarc
751 1267 849 1305 aeris.
906 1267 1056 1305 Etenim
1078 1268 1242 1315 flamma,
1271 1270 1358 1306 licet
1393 1269 1588 1308 manifesto
1617 1271 1713 1309 exhi-

109 1322 196 1360 beat
218 1320 478 1374 expansionem
495 1340 504 1366 ;
532 1332 659 1359 tamen
679 1333 832 1374 propter
848 1333 1155 1360 momentaneam
1170 1323 1436 1360 extinffioncm
1456 1336 1537 1361 non
1552 1323 1712 1364 ostendit

109 1377 341 1428 progressum
367 1375 607 1427 expansionis.
662 1377 776 1426 Aqua
793 1387 918 1415 autem
933 1377 1090 1424 fervens,
1119 1388 1271 1429 propter
1287 1378 1437 1415 facilem
1451 1377 1713 1420 transitionem

93 1427 226 1480 'aquae
244 1433 285 1469 in
305 1443 482 1482 vaporem
507 1434 544 1469 δε
570 1434 706 1478 aerem,
735 1444 816 1469 non
840 1443 917 1469 tam
954 1433 1049 1469 bene
1073 1431 1232 1470 ostendit
1256 1431 1516 1484 expansionem
1536 1446 1650 1483 aquae
1669 1435 1710 1473 in

83 1494 268 1536 ··cotpore
291 1486 369 1524 su0.
426 1486 566 1524 Rursus
594 1487 736 1523 ferrum
765 1488 940 1536 ignitum,
969 1489 1005 1524 δε
1025 1484 1164 1534 similia,
1193 1497 1341 1524 tantum
1360 1487 1455 1524 abest
1484 1498 1524 1525 ut
1545 1491 1710 1539 progres-

108 1538 190 1578 ssim
210 1541 416 1588 ostendant,
445 1551 486 1579 ut
505 1551 637 1578 contra
660 1553 725 1590 per
756 1539 984 1578 retusionem
1006 1543 1043 1579 ὅ(
1061 1541 1285 1579 ᾗαᾶὶοῃειῃ
1313 1542 1474 1593 spiritus,
1504 1555 1567 1591 per
1588 1556 1708 1595 partes

107 1596 317 1645 compastas
345 1598 382 1633 ὃς
402 1596 538 1643 crassas,
570 1596 677 1644 (quae
702 1596 861 1632 domant
876 1597 1096 1634 &fraenant
1116 1594 1407 1646 expansionem‚)
1436 1597 1510 1646 ipsa
1537 1597 1710 1649 expansio

85 1647 189 1688 ‘non
208 1648 251 1688 sit
270 1652 436 1687 omnino
462 1650 658 1701 conspicua
686 1651 731 1688 ad
752 1649 909 1687 sensum.
966 1651 1022 1688 At
1041 1653 1181 1689 vitrum
1204 1651 1398 1688 calendare
1422 1654 1517 1688 clare
1545 1654 1706 1692 ostendit

106 1703 367 1757 expansionem
392 1706 431 1742 in
459 1707 554 1751 a‘ere,
584 1707 620 1742 ὅ(
640 1704 892 1757 conspicuam,
922 1707 959 1744 ὅ(
986 1704 1303 1756 progredientem,
1333 1707 1370 1743 δε
1402 1707 1614 1755 durantem,
1644 1720 1706 1746 ue-

107 1772 180 1810 que
194 1759 457 1798 transeuntem.

109 1826 113 1830 ’
161 1816 370 1860 RURsus,
399 1816 558 1865 exempli
589 1816 730 1864 gratian
759 1813 800 1852 sit
825 1825 956 1852 natura
970 1812 1154 1862 inquisita,
1181 1815 1341 1865 pondus.
1396 1812 1567 1853 Instantia
1588 1817 1706 1855 osten-

107 1864 177 1906 siva
198 1868 386 1921 ponderis,
414 1868 464 1906 est
483 1879 680 1918 argentum
708 1871 846 1907 vivum.
903 1871 1047 1906 Omnia
1067 1868 1167 1906 enim
1197 1870 1341 1920 superat
1368 1870 1535 1921 pondere
1564 1883 1706 1921 magno

105 1923 313 1969 intervallo,
342 1934 484 1972 praeter
513 1935 676 1964 aurum3
705 1924 809 1972 quod
837 1935 918 1961 non
944 1925 1069 1961 multo
1099 1923 1242 1973 gravius
1262 1924 1321 1962 est.
1377 1924 1432 1961 At
1461 1925 1701 1974 praestantior

105 1978 274 2016 instantia
298 1979 347 2015 cst
366 1978 409 2015 ad
438 1978 675 2015 indicandam
704 1979 868 2015 formam
902 1977 1077 2027 ponderis
1105 1990 1304 2028 argentum
1334 1980 1473 2025 vivum,
1501 1992 1611 2029 quam
1640 1994 1702 2018 au-

105 2044 216 2073 rum3
245 2035 330 2082 quia
359 2045 490 2070 aurum
520 2033 682 2070 solidum
712 2033 760 2070 est
787 2036 824 2070 ὃς
844 2031 1051 2080 consistens,
1081 2034 1185 2081 quod
1207 2046 1322 2082 genus
1342 2033 1469 2070 referri
1485 2035 1630 2072 videtur
1655 2036 1701 2073 ad.

105 2086 289 2128 densum3
318 2098 354 2125 at
377 2083 573 2137 argentum
607 2087 736 2126 vivum
773 2088 959 2136 liquidum
994 2087 1054 2135 est,
1083 2091 1119 2125 ὃ(
1149 2098 1299 2137 turgens
1331 2087 1470 2136 spiritu,
1501 2090 1538 2124 ὃ(
1572 2100 1700 2127 tamen

105 2143 232 2179 multis
252 2142 413 2193 partibus
441 2153 614 2192 exuperat
637 2144 813 2191 gravitate
832 2143 1075 2188 diamantem,
1106 2145 1142 2179 ὃς
1168 2155 1209 2178 ca
1223 2155 1316 2190 quac
1331 2153 1509 2193 putantur
1532 2141 1701 2182 solidisii-

103 2209 175 2234 ma.
233 2197 284 2233 Ex
313 2209 391 2245 quo
417 2197 632 2242 ostenditur,
661 2198 826 2235 formam
847 2198 965 2246 gravis
1003 2195 1072 2235 sive
1103 2196 1315 2248 ponderosi,
1343 2199 1532 2234 dominari
1566 2194 1700 2248 simpli-

101 2254 194 2288 citer
223 2252 261 2288 in
288 2254 396 2300 copia
417 2254 602 2298 materiae,
631 2255 667 2289 ὃ(
683 2264 761 2289 nou
778 2255 818 2290 in
838 2252 935 2288 areta
953 2264 1146 2301 compage.

156 2307 276 2344 XXV.
303 2308 461 2344 INTER
499 2309 767 2356 praerogativas
796 2306 1052 2344 instantiarum
1076 2318 1262 2357 ponemus
1282 2316 1417 2354 quarto
1445 2306 1533 2344 loco
1566 2307 1698 2345 instan-

99 2362 167 2397 tias
194 2360 444 2407 clandestinas,
474 2373 561 2409 quas
595 2361 706 2398 etiam
745 2359 929 2398 instantias
961 2361 1165 2410 crepusculi
1203 2363 1383 2410 appellare
1411 2361 1695 2400 consuevimus:

100 2416 175 2452 Eae
195 2415 279 2453 sunt
306 2417 419 2452 veluti
440 2415 627 2465 oppositae
659 2415 835 2453 instantiis
863 2413 1057 2454 ostensivis.
1117 2415 1301 2452 Exhibent
1323 2418 1426 2452 enim
1449 2426 1620 2453 naturam
1642 2419 1696 2454 in-

100 2468 268 2519 quisitam
289 2469 326 2507 in
350 2470 476 2507 infima
506 2472 653 2517 virtute,
683 2472 719 2507 ὅ(
742 2481 919 2519 tanquam
948 2471 989 2506 in
1018 2471 1264 2516 incunabulss,
1295 2469 1571 2507 &rudimentis
1599 2471 1695 2513 suis5

100 2535 321 2569 tentantem,
351 2527 386 2562 ὃ(
407 2535 585 2574 tanquam
613 2524 739 2574 primo
759 2523 1022 2577 experientem,
1052 2524 1112 2562 sed
1140 2524 1204 2561 sub
1227 2527 1411 2561 contraria
1429 2536 1558 2562 natura
1580 2527 1694 2563 laten-

99 2589 176 2617 tem
201 2581 237 2616 &
258 2580 452 2617 subaeiam.
511 2582 604 2617 Sunt
634 2590 759 2617 autem
792 2579 1005 2624 hujusmodi
1038 2578 1227 2616 instantiae
1260 2579 1384 2628 magni
1412 2581 1575 2617 omnino
1611 2593 1692 2618 mo-

97 2634 229 2680 menti,
257 2634 302 2671 ad
321 2635 561 2671 inveniendas
577 2635 714 2672 formas
729 2648 740 2676 ;
768 2636 855 2683 quia
873 2632 962 2671 sicut
973 2632 1166 2671 ostensivae
1181 2634 1323 2671 ducunt
1339 2635 1444 2671 facilc
1459 2635 1503 2671 ad
1519 2633 1691 2673 differen-

95 2690 175 2735 tias,
205 2691 255 2726 ita
277 2688 520 2726 clandestinae
544 2690 686 2726 ducunt
706 2691 850 2740 optime
871 2689 917 2726 ad
945 2701 1105 2738 genera3
1134 2689 1173 2725 id
1188 2689 1247 2729 est,
1269 2690 1312 2726 ad
1334 2699 1478 2726 naturas
1492 2688 1568 2727 illas
1589 2702 1690 2728 com-

96 2740 239 2789 muneS,
268 2756 424 2794 quarum
455 2755 604 2781 naturae
625 2742 814 2792 inquisitae
834 2741 926 2780 nihil
949 2744 1049 2781 aliud
1070 2743 1153 2780 sunt
1172 2755 1285 2794 quam
1311 2744 1567 2781 limitationes.

150 2799 375 2835 Exanm
399 2800 514 2847 gratia
539 2813 548 2836 ς
579 2797 618 2835 sit
640 2809 767 2835 natura
799 2796 980 2848 inquisita,
1009 2795 1216 2844 consistens,
1246 2797 1315 2835 sive
1345 2798 1379 2835 se
1407 2799 1688 2843 determinans·,

97 2854 201 2898 cujus
222 2855 452 2890 contrarium
470 2852 518 2889 est
540 2854 737 2900 liquidum,
767 2850 837 2890 five
857 2852 987 2890 fluens.
1044 2851 1234 2889 Instantiae
1262 2851 1505 2891 clandestinae
1535 2854 1615 2890 sunt
1648 2857 1686 2892 il-

96 2907 163 2953 lac,
191 2919 283 2956 quae
311 2907 484 2944 exhibent
512 2910 667 2957 gradum
697 2908 929 2944 nonnullum
952 2906 1114 2944 debilem
1142 2909 1179 2944 ὅ(
1203 2906 1375 2944 infimum
1403 2907 1628 2945 consistentis
1649 2909 1687 2947 in

95 2961 237 3002 fluido;
263 2964 379 3000 veluti
403 2963 500 2998 bulla
523 2975 649 3012 aquae,
661 2974 753 3013 quae
769 2961 817 2998 est
831 2972 1009 3009 tanquam
1028 2963 1198 3012 pellicula
1217 2963 1398 3012 quaedam
1425 2961 1619 3000 consistens
1648 2963 1685 3002 ἃ,

94 3015 350 3062 determinata,
379 3017 471 3054 facta
492 3029 534 3054 ex
557 3029 716 3069 corpore
736 3029 861 3065 aquae.
919 3016 1099 3054 Similiter
1118 3016 1311 3064 stillicidia,
1340 3029 1444 3066 quae,
1476 3016 1498 3053 si
1527 3017 1684 3054 adsuerit

92 3082 185 3121 aqua
212 3083 304 3122 quae
324 3071 503 3120 succedat,
530 3073 744 3123 producunt
780 3071 815 3108 se
845 3071 884 3108 in
911 3071 1017 3108 filum
1043 3071 1251 3110 admodum
1280 3083 1403 3119 tenue,
1434 3084 1480 3109 ue
1506 3071 1683 3108 disconti-

146 3126 255 3164 VOL.
288 3128 316 3164 Ι.
930 3126 971 3165 U
995 3138 1018 3163 u
1048 3137 1068 3162 2
1546 3137 1681 3164 uuetut

1811 265 1912 315 339
