2040 3439
95 360 411 421 partitiones
440 359 802 505 Scientizgum
839 364 900 422 &
923 364 1275 446 Argumenta
1305 367 1664 451 Singulorum

730 466 1100 514 APITUM.

763 645 886 692 L113.
958 638 994 697 Ῑ.

67 739 286 782 NULLIS
315 737 456 777 constat
478 737 699 791 Capitibuss
728 742 902 779 continet
925 751 1052 779 autem
1075 732 1321 795 partitionem
1341 734 1457 785 totius
1477 750 1612 800 operis,
1641 753 1679 790 &

468 795 704 844 quarundam
723 796 1001 843 Objeffionum
1024 799 1269 838 dilutionem.

743 957 868 1009 Lm.
941 952 997 1008 Π.

62 1089 178 1127 CAP.
207 1088 236 1126 Ι.
267 1085 679 1270 PARTITIO
714 1087 930 1126 universalis
957 1089 1151 1127 dostrinae
1172 1076 1371 1139 humanae,
1402 1093 1441 1129 in
1467 1090 1675 1142 historiam,=

444 1140 600 1193 poesim,
638 1144 943 1195 philosophiam:
985 1145 1201 1183 Secundum
1231 1156 1306 1184 tres
1344 1148 1536 1185 facultates
1564 1148 1673 1187 intel-

445 1198 572 1245 leems,
603 1200 843 1246 memoriam,
873 1198 1112 1252 phantasiam,
1142 1202 1377 1240 rationemz‘
1395 1204 1588 1255 Quodque
1616 1217 1673 1243 ea-

443 1253 532 1290 dem
547 1252 699 1305 partitio
715 1264 905 1303 competat
921 1256 1034 1292 etiam
1050 1255 1288 1305 theologicis.

113 1309 226 1347 CAP.
258 1309 302 1346 ΙΙ.
334 1309 492 1347 Partitio
517 1308 690 1345 historiae
718 1310 758 1346 in
783 1311 992 1356 naturalem
1017 1309 1239 1348 &civilem2
1270 1311 1515 1350 Ecclesiastica
1532 1316 1567 1351 ὅ(
1588 1315 1668 1352 lite-

58 1365 153 1402 raria
174 1363 240 1402 sub
262 1363 363 1401 civili
390 1361 691 1415 comprehensis:
721 1365 880 1401 Partitio
907 1364 1079 1402 historiae
1110 1367 1299 1413 naturalis,
1329 1379 1372 1404 ex
1397 1367 1563 1415 subjeeto
1587 1369 1668 1418 suo,

58 1422 100 1458 in
119 1417 310 1457 historiam
326 1420 630 1468 generationum,
663 1418 1114 1469 praetergenerationum,
1144 1422 1181 1457 ὅ(
1195 1423 1346 1458 artium.

112 1475 226 1512 CAP.
257 1475 317 1511 ΙΙΙ.
348 1474 507 1510 Partitio
529 1471 702 1510 historiae
716 1475 894 1511 naturalis
920 1473 1092 1521 secunda,
1122 1487 1164 1511 ex
1181 1475 1247 1512 usu
1264 1475 1389 1513 &fine
1411 1476 1490 1524 suo,
1520 1480 1560 1514 in
1586 1491 1667 1516 nar-

58 1531 214 1568 rativam
234 1531 271 1566 ὅ(
295 1529 550 1569 industivam3
581 1528 760 1577 quodque
779 1528 864 1565 finis
887 1525 1140 1566 nobiliflimus
1164 1528 1333 1567 historiae
1349 1534 1528 1569 naturalis
1543 1531 1595 1579 fit,
1626 1545 1669 1571 ut

57 1584 240 1622 ministret
275 1586 310 1620 δ(
343 1585 382 1620 in
412 1583 548 1620 ordine
578 1581 621 1620 fit
646 1583 691 1619 acl
717 1583 957 1620 condendam
983 1584 1261 1636 philosophiam
1278 1599 1288 1626 3
1329 1599 1442 1634 quem
1467 1588 1581 1624 linem
1611 1590 1667 1626 in-

56 1649 180 1678 tuetur
205 1638 403 1676 induCtiva.
460 1639 620 1675 Partitio
640 1638 812 1675 historiae
828 1641 1132 1688 generationum,
1163 1641 1202 1676 in
1219 1640 1410 1677 historiam
1435 1642 1663 1691 coelestium,

54 1693 246 1733 historiam
269 1703 543 1739 meteororum,
573 1692 760 1730 historiam
777 1692 882 1743 globi
904 1704 1023 1731 terrae
1039 1697 1076 1732 ὃ(
1090 1696 1202 1731 maris
1219 1709 1229 1736 3
1259 1695 1448 1733 historiam
1466 1697 1664 1736 massarum

54 1748 126 1788 five
150 1748 401 1799 collegiorum
430 1749 631 1796 majorum,
661 1751 697 1786 ὅ(
718 1747 906 1787 historiam
934 1748 1140 1801 specierum
1163 1749 1234 1788 five
1257 1752 1511 1801 collegiorum
1539 1755 1664 1790 mino-

54 1817 152 1843 rum.

108 1861 220 1897 CAP.
243 1861 307 1898 IV.
338 1858 496 1897 Partitio
520 1859 692 1896 historiae
716 1858 844 1905 civilis,
875 1861 915 1896 in
940 1858 1224 1906 ecclesiasticam,
1255 1861 1469 1908 literariam,
1500 1865 1535 1900 &
1554 1864 1663 1913 (quae

53 1917 200 1965 generis
233 1927 377 1951 nomen
411 1916 562 1963 retinet)
600 1916 777 1953 civilem:
817 1915 1008 1967 Quodque
1037 1914 1186 1952 historia
1215 1917 1377 1953 literaria
1410 1915 1660 1958 desideretur:

50 1971 139 2017 Ejus
157 1968 411 2007 conficiendae
440 1980 644 2020 praecepta

107 2026 177 2063 CA
189 2037 221 2062 Ρ.
239 2026 286 2063 V.
317 2026 377 2062 De
392 2026 576 2074 dignitate
596 2027 632 2063 ὃ(
647 2021 866 2062 difficultate
882 2024 1053 2063 historiae
1068 2027 1197 2063 civilis>

106 2081 217 2118 CAP.
234 2081 298 2118 VI.
329 2081 488 2117 Partitio
511 2082 632 2132 prima
655 2079 827 2118 historiae
851 2079 967 2118 civilis
990 2080 1181 2131 (specialis)
1200 2082 1240 2119 in
1255 2082 1471 2129 memorias,
1501 2085 1658 2133 antiqui*-

50 2146 154 2182 tatcs,
183 2135 422 2173 &historiam
441 2135 579 2179 justam.

105 2191 218 2228 CAP.
241 2191 325 2228 VII.
353 2191 511 2227 Partitio
534 2190 705 2228 historiae
721 2190 843 2240 justae,
871 2192 911 2227 in
928 2191 1105 2228 chronica
1123 2201 1353 2243 temporum,
1382 2194 1473 2230 vitas
1487 2193 1657 2242 persona-

48 2256 146 2292 rum,
176 2247 213 2282 &
234 2246 434 2281 relationes
450 2246 642 2282 aeiionum
662 2259 669 2281 :
699 2258 826 2282 earum
843 2247 1006 2297 partium
1023 2248 1233 2297 explicatio.

102 2301 214 2338 Car.
231 2301 331 2337 VIII.
361 2298 518 2336 Partitio
552 2299 722 2337 historiae
748 2310 979 2349 temporum,
1019 2301 1059 2336 in
1090 2299 1282 2337 historiam
1319 2302 1578 2350 universalem,
1616 2307 1653 2343 ὅ(

48 2357 321 2408 particularem.
381 2354 589 2403 Utriusque
605 2355 812 2392 commoda
827 2357 864 2392 δε
879 2355 1138 2392 incommoda.

101 2411 210 2448 CAP.
235 2412 295 2447 IX.
328 2411 485 2446 Partitio
501 2410 659 2447 secunda
675 2409 844 2447 historiae
862 2420 1094 2460 temporum,
1112 2412 1150 2446 in
1167 2412 1329 2457 annales,
1345 2414 1381 2448 &
1396 2411 1475 2449 aeta
1489 2413 1635 2451 diurna.

99 2466 209 2503 CAP.
227 2467 272 2503 X.
303 2466 464 2502 Partitio
492 2464 652 2502 secunda
680 2464 852 2502 historiae
879 2465 999 2502 civilis
1030 2464 1222 2514 (specialis)
1253 2466 1293 2502 in
1323 2478 1466 2503 meram
1492 2470 1528 2505 ὃς
1557 2470 1650 2506 mix-

45 2524 134 2558 tarn.

99 2576 211 2613 CAP.
233 2577 296 2613 XI.
328 2577 487 2612 Partitio
520 2573 692 2612 historiae
725 2573 1006 2615 ecclesiasticam
1049 2577 1088 2612 in
1126 2572 1401 2613 ecclesiasticam
1438 2576 1649 2627 specialem,-

45 2631 232 2669 historiam
248 2632 291 2667 ad
308 2630 534 2682 prophetiaS,
565 2632 600 2668 ὅ(
616 2630 808 2668 historiam
823 2629 1029 2667 nemeseos.

99 2686 209 2723 (ΞΜ).
232 2687 310 2722 Xll.
341 2687 400 2722 De
421 2685 685 2735 appendicibus
705 2684 886 2731 historiae,
921 2698 1014 2733 quae
1041 2687 1135 2721 eirca
1152 2684 1261 2721 verba
1284 2685 1485 2723 hominum
1506 2687 1648 2735 (quem-

46 2740 252 2778 admodum
282 2740 430 2777 historia
455 2739 528 2789 ipsa
548 2742 642 2777 circa
658 2741 763 2788 faeta)
780 2740 996 2778 versantur:
1028 2741 1186 2777 Partitio
1214 2752 1341 2777 earum
1372 2743 1412 2778 in
1442 2745 1647 2789 orationes,

46 2794 223 2845 epistolaS,
254 2798 290 2833 ὃ(
311 2795 636 2844 apophthegmata.
1311 2814 1313 2817 -

99 2851 209 2888 CAP.
228 2853 322 2887 Xlll.
355 2852 413 2887 De
446 2850 609 2886 secundo
636 2851 812 2887 membro
840 2849 1034 2900 principali
1062 2850 1254 2886 doetrinae
1283 2850 1479 2897 humanae,
1509 2865 1647 2901 nempe

42 2903 153 2954 poesi.
210 2907 367 2942 Par-titio
393 2905 548 2956 poeseos
577 2906 616 2942 in
645 2905 877 2952 nari-ativam,
908 2906 1164 2951 dramaticam,
1196 2907 1232 2942 ἅ
1260 2907 1524 2955 parabolicam.
1580 2910 1645 2944 Ex-

45 2962 166 3010 empla
186 2961 417 3011 parabolicae
448 2961 517 2997 tria
544 2971 821 3011 proponuntur.

1546 3060 1644 3107 ἷζτῃι
