2040 3439
164 199 260 245 206

494 193 586 242 DE
623 188 1074 238 AUGMENTIS
1107 181 1657 235 SCIENTIARUM..
1759 183 1948 244 Lilex

953 357 995 401 C
1032 358 1076 400 A
1114 355 1162 401 P.
1240 355 1322 401 111.

348 466 530 508 Partitio
554 463 750 505 doftrmae
776 461 823 502 de
851 462 1006 503 cultura
1025 464 1146 502 animi
1160 482 1174 506 ‚-
1204 464 1248 502 in
1271 462 1488 502 doctrinam
1502 462 1549 502 de
1569 462 1858 504 charaaerihizs
1873 465 1954 514 aniss

398 533 541 560 morum
557 539 570 564 ,-
614 518 660 558 de
681 517 912 571 affectibuss
952 516 1000 562 ἔγ
1020 517 1066 556 cle
1082 516 1261 558 remediis
1284 516 1374 570 five
1409 518 1683 559 curationibus.
1741 519 1953 574 Appendiag
2004 549 2006 551 >

399 575 596 615 doctrinae
624 573 791 629 ejusdem
828 573 875 613 de
901 575 1146 628 congruitate
1167 574 1272 612 inter
1299 572 1435 612 bonum
1462 574 1596 623 animi,
1638 572 1685 619 (ἐν
1712 574 1846 615 bonum
1863 575 1956 628 ‘'cor-

390 641 512 684 poris.

478 742 571 782 UN
584 742 618 778 C
654 740 777 791 igitur,
819 739 1012 791 postquam
1037 739 1083 777 dc
1112 739 1234 777 fructu
1253 739 1348 777 vitae
1370 738 1489 786 (sensu
1517 732 1775 791 intelligimus*
1801 730 1963 793 philoso-

498 795 630 847 phico)
661 798 772 834 verba
801 797 1024 837 fecerimuss
1054 795 1220 846 superest,
1250 806 1292 832 ut
1322 796 1368 832 dc
1383 796 1528 833 cultura
1555 798 1686 844 animi,
1714 809 1806 848 quae
1833 794 1961 845 eis-de*-

352 855 472 900 betur,
501 851 688 889 dicamus:
718 850 795 888 fine
814 864 885 903 qua
904 863 985 901 pars
1004 852 1108 903 prior
1131 850 1224 888 nihil
1252 851 1355 887 aliud
1375 849 1531 898 videtur,
1562 863 1676 900 quam
1700 853 1829 900 imago
1854 851 1963 902 quaev

352 909 453 955 dam,
484 918 546 945 aut
564 907 689 953 statua,
718 907 870 958 pulchra
898 907 1052 955 quidem
1074 905 1232 957 aspectu,
1263 904 1324 942 sed
1351 916 1463 943 motu
1484 908 1521 943 ὃς
1545 906 1616 943 vita
1640 905 1822 944 destituta.
1881 904 1976 952 Cui'

355 962 558 1001 sententiae
573 961 790 999 Aristoteles
810 962 885 1012 ipse
913 962 1059 999 disertis
1087 959 1205 997 verbis
1234 959 1471 1010 suffragatur:
1510 959 1673 1013 Neceſje
1701 959 1751 1011 cst
1769 961 1893 1013 igitur
1908 957 1961 1000 'de

357 1019 513 1056 virtute
539 1016 677 1064 dicere,
707 1013 754 1059 cg„
787 1015 884 1070 quid
896 1015 965 1067 stt,
997 1013 1044 1059 ὅγ’
1077 1028 1127 1053 ex
1155 1013 1292 1068 quibus
1309 1016 1512 1068 gignatur.
1569 1015 1719 1056 Inutile
1751 1018 1852 1054 enim
1870 1012 1964 1070 jere

344 1072 491 1126 fiterit,
521 1073 714 1110 virtutem
741 1070 893 1125 quidem
917 1070 1028 1123 noſje,
1070 1068 1327 1124 acquirendae
1353 1077 1484 1108 autem
1507 1069 1592 1125 ejus
1634 1069 1761 1110 modos
1791 1069 1840 1116 ὅ]
1867 1071 1966 1112 π’]ἰας

357 1129 545 1181 ignorare.
603 1124 699 1164 Non
720 1127 821 1165 enim
843 1125 890 1165 de
909 1128 1066 1164 virtute
1088 1132 1256 1173 tantum,
1298 1137 1374 1178 qua
1389 1124 1597 1178 speciestt,
1626 1125 1883 1180 quaerendum
1896 1125 1969 1178 est,

347 1181 427 1236 βτί
436 1179 483 1226 όν
498 1179 677 1234 quomodo
700 1181 769 1234 sui
798 1182 943 1235 copiam
962 1179 1122 1234 faciat:
1153 1187 1356 1233 utrumque
1391 1182 1492 1218 enim
1507 1180 1697 1230 volumus,
1729 1178 1777 1225 ᾤ’
1796 1179 1966 1235 ’νεφηλγὲ

348 1237 439 1291 sam
453 1235 563 1288 nosse,
593 1233 641 1279 ὠν
668 1236 753 1289 ejus
773 1243 961 1289 compotes
971 1234 1089 1287 fieri:
1117 1233 1208 1273 Hoc
1232 1242 1362 1273 autem
1390 1248 1439 1273 ex
1462 1243 1555 1274 voto
1575 1249 1649 1275 non
1658 1235 1853 1289 succedet,
1897 1233 1972 1288 nist

350 1292 536 1346 sciamus,
567 1287 614 1334 ἔγ
634 1304 683 1329 ex
711 1290 860 1344 quibus,
891 1287 939 1334 t&
968 1303 1040 1344 quo
1064 1288 1181 1328 modo.
1238 1291 1373 1328 Verbis
1395 1291 1490 1329 adeo
1510 1290 1694 1342 expreffis,
1721 1303 1832 1342 atque
1856 1293 1968 1331 etiam

359 1348 506 1394 iterato,
546 1347 642 1383 hanc
667 1358 810 1398 partem
844 1347 1030 1387 inculcat;
1066 1358 1179 1397 quam
1215 1355 1344 1383 tamen
1372 1345 1445 1397 ipse
1475 1359 1556 1384 non
1586 1347 1828 1399 persequitur.
1854 1351 1855 1354 ’
1883 1350 1970 1393 Hoc

359 1402 529 1440 {imiliter
544 1401 635 1439 illud
652 1401 712 1449 cst,
741 1403 846 1451 quod
863 1403 1002 1439 Cicero
1020 1399 1161 1438 Catoni
1184 1399 1336 1447 juniori,
1365 1402 1478 1438 veluti
1502 1403 1652 1440 laudem
1667 1415 1748 1440 non
1764 1405 1969 1453 vulgarem,

359 1457 553 1498 attribuit3
584 1457 688 1504 quod
716 1457 855 1495 scilicet
884 1456 1162 1509 philosophiam
1186 1457 1375 1505 amplexus
1391 1456 1488 1503 ess'ct,
1518 1469 1600 1495 non
1615 1457 1826 1510 disputandi
1852 1453 1971 1505 causa,

362 1524 405 1550 ut
423 1524 560 1562 magna
583 1523 675 1561 patS,
706 1511 767 1549 scd
794 1514 844 1550 ita
871 1511 1029 1548 vivendi.
1086 1512 1268 1563 Quamvis
1292 1521 1431 1558 autem,
1471 1524 1543 1563 pro
1566 1523 1797 1562 tempotum,
1827 1515 1867 1551 in
1892 1513 1971 1563 qui-

365 1569 432 1605 bus
452 1565 623 1614 vivimuS,
652 1565 832 1615 socordia,
862 1569 986 1617 paucis
1013 1578 1122 1604 curae
1145 1564 1199 1612 sit,
1234 1576 1275 1603 ut
1303 1565 1474 1604 animum
1502 1567 1633 1606 sedulo
1653 1569 1780 1606 colant
1804 1571 1840 1606 &
1866 1581 1972 1606 com-

364 1632 522 1673 ponant,
552 1623 589 1659 ὃ(
611 1620 706 1659 vitae
726 1621 912 1660 rationem
940 1622 986 1659 ad
1000 1633 1179 1658 normam
1203 1622 1369 1669 aliquam
1384 1620 1600 1663 instituant3
1631 1623 1856 1673 (secundum
1876 1623 1973 1661 illud

367 1680 542 1724 Senecae,
586 1674 660 1714 De
679 1675 864 1728 partibus
892 1678 1005 1715 vitae
1030 1675 1188 1730 quisqzte
1220 1673 1431 1717 deliberam
1467 1674 1513 1713 de
1529 1676 1684 1729 stimma
1711 1690 1842 1716 nemo:
1876 1680 1973 1727 adeo

366 1743 407 1770 ut
428 1733 519 1769 haec
546 1744 625 1783 pars
649 1732 788 1769 censeri
812 1729 924 1782 possit
950 1731 1167 1782 supervacua
1180 1731 1201 1779 :)
1233 1732 1325 1768 illud
1346 1741 1474 1768 tamen
1495 1734 1656 1770 minime
1672 1746 1742 1771 nos
1762 1744 1902 1780 movet,
1930 1742 1973 1771 ut

366 1800 450 1824 eam
478 1788 657 1823 intactam
692 1787 956 1836 relinquamus,
998 1788 1090 1838 quin
1118 1787 1246 1835 potius
1277 1798 1366 1822 cum
1391 1785 1459 1823 illo
1492 1786 1729 1837 Hippocratis
1756 1788 1974 1838 aphorismo

365 1842 628 1879 concludimus
642 1860 655 1884 ‚-
688 1840 776 1894 Qti
790 1843 916 1894 gravi
940 1839 1064 1879 morbo
1088 1840 1264 1892 correpti,
1294 1838 1441 1878 dolores
1464 1853 1537 1878 non
1564 1841 1760 1894 sentiunt,
1788 1843 1841 1881 iis
1868 1838 1974 1889 mens=

365 1903 554 1949 aegrotat.
613 1896 804 1934 Medicina
818 1897 890 1933 illis
901 1895 1120 1934 hominibus
1136 1907 1230 1945 opus
1251 1893 1311 1942 est,
1342 1908 1423 1933 non
1452 1896 1576 1933 solum
1590 1898 1635 1934 ad
1651 1899 1859 1936 curandum
1875 1890 1976 1936 moi-'2

366 1952 471 1998 bum,
504 1951 563 1988 sed
590 1951 634 1987 ad
661 1951 806 1989 sensum
827 1950 1206 2002 expergefaeiendum.
1263 1952 1379 2002 Qod
1415 1949 1439 1988 fi
1465 1951 1546 2000 quis
1566 1952 1727 1999 objiciat,
1756 1947 1979 1992 animo‘t'iin'i'

368 2008 619 2052 curationem,
649 2007 866 2057 theologiae
895 2006 1011 2044 sacrae
1040 2017 1179 2043 munus
1206 2004 1287 2052 effe,
1316 2003 1547 2044 verislimum
1565 2008 1731 2059 estquod
1747 2009 1894 2052 ass'erit5
1926 2001 1978 2046 ais

369 2072 496 2098 tamen
523 2061 800 2111 philosophiam
828 2063 1012 2099 moralem
1037 2063 1077 2099 in
1110 2060 1340 2098 famulitium
1368 2061 1584 2111 theologiae
1616 2062 1740 2115 recipi,
1780 2062 1889 2101 instar
1913 2076 1976 2100 an-

369 2116 474 2153 cillae
495 2116 697 2166 prudentis,
729 2119 763 2154 &
784 2118 1016 2167 pedissequae
1035 2116 1165 2162 fidelis,
1194 2128 1287 2166 quae
1301 2116 1347 2153 ad
1364 2129 1497 2153 omnes
1527 2118 1604 2162 ejus
1624 2129 1737 2155 nutus
1765 2118 1906 2168 praesto
1922 2117 1976 2166 fit,

371 2174 405 2208 ἃ
436 2170 630 2218 ministret,
659 2172 749 2222 quid
778 2172 1000 2222 prohibeats
1038 2170 1180 2208 etenim
1203 2172 1528 2219 quemadmodum
1553 2171 1591 2209 in
1620 2173 1768 2211 Psalmo
1807 2173 1974 2220 habetur,

370 2227 475 2275 quod
505 2224 622 2265 Oculi
644 2225 810 2265 ancillae
827 2233 1013 2279 perpetuo
1035 2224 1090 2264 ad
1116 2237 1251 2263 manus
1277 2223 1452 2265 dominae
1474 2225 1704 2279 respiciunt:
1732 2240 1819 2266 eum
1848 2235 1977 2266 tamen

371 2283 531 2318 minime
547 2282 706 2318 dubium
722 2280 775 2329 fit,
804 2283 896 2333 quin
917 2282 1014 2320 haud
1043 2293 1156 2333 pauca
1184 2280 1338 2318 ancillae
1360 2283 1500 2327 judicio
1521 2285 1555 2320 ὅ(
1575 2295 1683 2320 curae
1698 2284 1977 2333 relinquantur:

370 2337 507 2373 eodem
523 2337 644 2374 modo
661 2339 695 2374 ἃ
711 2338 832 2374 ethica
848 2336 1068 2385 obsequium
1084 2335 1296 2385 theologiae
1312 2339 1474 2376 omnino
1494 2337 1669 2387 praestare
1684 2339 1806 2386 debet,
1827 2334 1980 2388 ejusque

370 2391 569 2441 praeceptis
583 2391 769 2442 morigera
784 2392 875 2433 ess'e3
905 2391 954 2429 ita
969 2403 1096 2429 tamen
1113 2401 1154 2428 ut
1171 2393 1207 2428 &
1233 2392 1319 2443 ipsa,
1348 2394 1446 2431 intra
1471 2394 1554 2431 suos
1575 2392 1723 2440 limites,
1752 2393 1849 2430 haud
1864 2405 1979 2443 pauca

373 2445 456 2483 lana
472 2449 507 2483 ὃ(
524 2446 627 2484 utilia
640 2447 869 2485 documenta
883 2449 1081 2484 continere
1095 2442 1220 2498 poss'it.

426 2503 565 2539 HANc
592 2502 705 2551 igitur
727 2513 870 2552 partem
902 2504 1068 2551 (quando
1083 2501 1339 2553 praestantiam
1369 2503 1446 2545 cius
1462 2503 1501 2538 in
1525 2501 1654 2539 animo
1671 2503 1812 2550 recolo)
1843 2502 1880 2540 in
1896 2514 1977 2540 cor-

375 2567 440 2604 pus
455 2557 644 2593 doetrinae
654 2559 829 2595 nondum
850 2558 1047 2603 redactam,
1077 2568 1158 2593 non
1174 2557 1318 2604 possum
1334 2570 1415 2594 non
1430 2557 1672 2594 vehementer
1686 2560 1827 2595 mirari.
1885 2559 1979 2596 Eam

376 2609 499 2657 igitur,
529 2623 570 2647 cx
587 2624 692 2649 more
709 2613 848 2660 nostro,
877 2624 965 2650 cum
990 2614 1088 2649 inter
1104 2608 1303 2648 desiderata
1330 2613 1573 2659 collocemus,
1602 2613 1724 2661 aliqua
1740 2625 1782 2650 ex
1805 2617 1906 2663 parte
1921 2613 1980 2651 ad-

376 2664 644 2703 umbrabimus.

432 2719 574 2756 ANTE
605 2724 734 2758 omnia
751 2721 864 2771 igitur
886 2725 926 2759 in
955 2723 1023 2759 hac
1050 2734 1089 2758 re
1107 2719 1208 2768 (ficut
1225 2725 1261 2760 ὃ(
1282 2723 1322 2758 in
1338 2719 1523 2768 universis,
1544 2735 1637 2773 quae
1659 2722 1819 2772 spechtnt
1843 2723 1889 2760 acl
1904 2735 1980 2776 pra-

379 2773 525 2821 &icam)
552 2777 647 2811 ratio
676 2777 783 2813 nobis
811 2778 858 2815 cst
881 2777 1128 2824 subducenda,
1157 2777 1245 2828 quid
1281 2777 1455 2814 innostra
1486 2775 1526 2814 sit
1541 2776 1729 2826 potestate,
1767 2778 1857 2826 quid
1886 2790 1978 2816 non.

376 2829 418 2864 ln
435 2829 553 2864 altero
583 2829 683 2866 enim
713 2832 819 2868 datur
830 2832 1011 2879 alteratio,
1046 2831 1085 2868 in
1105 2833 1224 2869 altero
1242 2844 1331 2869 vero
1346 2830 1542 2881 applicatio
1561 2842 1721 2869 tantum.
1778 2832 1980 2883 Agricolae

377 2883 527 2918 nullum
547 2881 594 2918 est
617 2884 829 2933 imperium,
871 2899 932 2924 aut
956 2890 996 2924 in
1025 2897 1197 2924 naturam
1226 2886 1308 2934 soli,
1339 2898 1401 2924 aut
1427 2886 1465 2923 in
1484 2889 1576 2923 aeris
1596 2889 1818 2936 temperiem
1848 2889 1981 2930 itidem

378 2949 449 2973 nec
464 2937 627 2984 medico,
657 2950 717 2976 aut
734 2942 773 2976 in
789 2941 902 2979 erafin
919 2944 954 2978 ὃ(
976 2940 1282 2979 constitutionem
1299 2943 1506 2979 naturalem
1526 2944 1637 2991 aegri,
1666 2953 1727 2979 aut
1757 2944 1796 2979 in
1814 2943 1983 2980 acciden-

380 2990 475 3028 tium
490 2993 717 3029 varietatem.
773 2995 828 3032 At
857 2996 895 3033 in
919 2999 1062 3034 cultura
1085 2996 1212 3044 animi,
1242 3000 1278 3034 δε
1307 2998 1450 3033 morbis
1476 2997 1552 3041 ejus
1576 2996 1821 3048 persanandis,
1851 2999 1921 3034 tria
1943 2997 1991 3034 in‘

378 3045 715 3085 considerationem
731 3051 907 3092 veniunt3
944 3051 1168 3090 characteres
1183 3050 1312 3089 diversi
1338 3049 1649 3102 dispofiti0nu1n;
1686 3051 1848 3098 affectus,
1875 3053 1989 3089 &ress

511 3113 527 3139 Ι
1841 3107 1978 3143 media:
