2040 3439
129 245 226 292 ⁹54
339 225 424 271 DE
473 214 954 268 AUGMENTIS
998 209 1609 259 SCIENTIARUM.
1658 206 1902 254 Lib.V111.

130 267 151 276 n.-

352 323 444 358 ch
473 330 561 355 vero
589 329 670 354 eam
699 324 842 366 partem
867 310 1106 356 absolvimus,
1136 322 1231 359 quae
1253 310 1382 347 tractat
1407 308 1453 345 de
1480 304 1742 345 incertitudine
1771 305 1900 357 legum

301 377 365 414 ubi
395 374 584 412 invenitur
613 373 669 407 lex
699 369 814 405 nulla.
867 365 953 419 jam
979 366 1183 403 dicendum
1209 365 1257 402 est
1281 365 1328 402 de
1355 365 1470 401 altera
1484 362 1547 400 illa
1574 371 1691 414 parte,
1721 361 1785 399 ubi
1812 361 1903 401 scili-

300 441 360 468 cet
376 431 432 466 lex
462 437 559 464 extat
577 424 710 473 aliqua,
740 423 800 460 sed
821 422 993 472 perplexa
1008 424 1043 458 δε
1061 420 1227 458 obscura.

870 498 944 538 De
958 497 1190 551 obscuritate
1205 496 1338 551 legum.

355 578 502 632 Aphor.
525 590 587 628 52.
630 578 956 614 OBSCURITAS
997 575 1124 624 legum
1153 586 1173 610 a
1213 583 1374 624 quatuor
1414 573 1522 609 rebus
1560 573 1751 622 originem
1783 572 1902 612 ducit:

301 639 359 673 vel
390 637 434 672 ab
463 633 765 671 accumulatione
795 631 923 679 legum
953 628 1080 676 nimia,
1122 627 1336 680 praesertim
1366 625 1535 664 admixtis
1566 627 1760 670 obsoletis;
1797 629 1858 667 vel
1884 641 1905 666 a

301 689 548 740 descriptione
577 698 705 725 earum
734 685 922 734 ambigua,
954 694 1016 721 aut
1032 686 1158 720 minus
1181 683 1368 734 perspicua
1392 684 1427 719 &
1443 681 1623 723 dilucida;
1663 685 1721 721 vel
1741 695 1762 720 a
1783 683 1905 720 modis

304 745 525 783 cnucleandi
552 744 639 789 juris
661 739 846 789 neglectis,
875 749 1032 777 autnon
1051 740 1146 777 bene
1163 737 1352 779 instituti83
1381 738 1440 774 vel
1454 736 1618 786 denique
1648 750 1668 775 a
1701 736 1906 776 contradic-

303 803 411 838 tione
426 803 462 837 ὅ(
475 797 712 837 vacillatione
728 795 970 841 judiciorum.

754 883 828 924 De
858 883 1162 924 accumulatione
1183 881 1307 935 legum
1327 882 1458 920 nimia.

363 960 510 1015 Aphor.
532 971 593 1011 53.
625 961 661 997 D
677 971 776 997 ICIT
792 959 997 1011 Propheta3
1018 958 1131 1011 pluet
1143 957 1261 1011 fitper
1276 971 1338 996 eos
1352 957 1517 1010 laqueos.
1574 958 1670 995 Non
1685 956 1770 995 sunt
1780 968 1906 998 autem

309 1020 455 1071 pejores
473 1015 606 1065 laquei,
645 1027 758 1063 quam
784 1014 903 1063 laquei
935 1016 1075 1064 legum,
1106 1013 1318 1067 praesertim
1341 1014 1580 1066 poenalium;
1608 1010 1633 1049 fi
1662 1024 1826 1050 numero
1838 1015 1908 1052 im-

309 1073 458 1111 menlae
483 1075 518 1108 ὅ(
547 1072 729 1119 temporis
744 1069 900 1106 decursu
922 1068 1083 1117 inutiles,
1112 1082 1193 1106 non
1218 1071 1410 1107 lucernam
1428 1068 1583 1118 pedibus
1605 1067 1817 1120 praebeant,
1846 1068 1910 1108 sed

311 1127 399 1166 retia
414 1126 536 1178 potius
553 1123 742 1170 objiciant.

363 1180 510 1235 Aphor.
527 1188 588 1228 54.
615 1181 826 1216 DUPLEX
861 1177 899 1215 in
930 1179 1038 1216 usum
1072 1177 1172 1216 venit
1200 1178 1322 1216 statuti
1351 1180 1442 1217 novi
1462 1178 1652 1215 condendi
1675 1179 1782 1215 ratio.
1838 1179 1908 1225 Al-

311 1248 401 1284 tera,
431 1238 559 1274 statuta
582 1236 707 1286 priora
728 1236 823 1271 circa
848 1235 949 1270 idem
976 1234 1180 1280 subjeetum
1205 1234 1400 1271 confirmat
1425 1236 1461 1270 &
1487 1234 1642 1270 roborat
1653 1250 1667 1275 ‚-
1698 1231 1784 1270 dein
1813 1247 1909 1272 non·
2009 1262 2025 1279 ,1

312 1294 414 1330 nulla
442 1291 544 1329 addit
569 1300 631 1326 aut
651 1299 784 1326 mutat.
842 1288 974 1325 Altera
991 1290 1144 1338 abrogat
1161 1292 1197 1326 ὅ(
1214 1289 1314 1326 delet
1337 1289 1480 1335 cuncta,
1509 1300 1603 1337 quae
1626 1298 1712 1325 ante
1740 1289 1912 1328 ordinata
2010 1288 2025 1325 *β

312 1349 409 1394 sunt,
439 1350 475 1385 <Sc
492 1348 538 1382 de
560 1346 710 1393 integro
731 1345 853 1393 legem
878 1356 1016 1382 novam
1034 1347 1069 1382 ὅ(
1091 1345 1323 1382 uniformem
1341 1341 1530 1381 substituit.
1587 1344 1711 1380 Placet
1731 1338 1911 1396 posterior
2012 1336 2029 1391 >j

313 1402 420 1440 ratio.
479 1403 581 1438 Nam
611 1411 653 1435 ex
672 1401 796 1448 priore
818 1397 974 1444 ratione,
1004 1401 1261 1437 ordinationes
1277 1397 1480 1436 deveniunt
1504 1399 1747 1448 complicatae
1771 1401 1808 1437 ὃς
1830 1411 1910 1451 per-

313 1459 456 1509 plexae:
487 1455 641 1502 &quod
659 1451 766 1490 instat
799 1455 919 1503 agitur
949 1453 1044 1500 iane,
1075 1455 1136 1492 sed
1171 1467 1305 1504 corpus
1320 1455 1447 1503 legum
1472 1454 1624 1490 interim
1648 1453 1815 1491 redditur
1829 1453 1910 1494 viti-

313 1512 434 1549 osum.
491 1513 533 1548 In
561 1508 758 1558 posteriore
783 1520 908 1545 autem
932 1511 1052 1555 major
1076 1520 1174 1547 certe
1198 1510 1246 1546 est
1269 1508 1474 1546 adhibenda
1503 1509 1708 1557 diligentia,
1737 1508 1829 1546 dum
1862 1510 1910 1548 de

313 1569 396 1617 lege
414 1565 488 1617 ipsa
509 1565 758 1604 deliberatum
787 1566 823 1601 ὃς
839 1565 1002 1601 anteaaa
1026 1565 1163 1602 scilicet
1186 1564 1390 1601 evolvenda
1407 1566 1441 1600 ὅ(
1458 1561 1680 1613 pensitanda,
1710 1573 1912 1617 antequam

313 1624 371 1660 lex
388 1622 544 1659 feratur:
576 1619 647 1657 Sed
663 1620 807 1668 optime
827 1620 997 1668 procedit
1012 1632 1077 1669 per
1093 1620 1166 1657 hoc
1182 1620 1308 1669 legum
1333 1619 1536 1656 concordia
1550 1618 1588 1655 in
1604 1618 1787 1656 futurum.
1819 1629 1823 1634 '

368 1674 592 1729 Aphor.55.
624 1675 766 1710 ERAT
796 1676 836 1710 in
857 1686 962 1712 more
993 1676 1088 1725 apud
1118 1674 1376 1721 Athenienses,
1406 1684 1446 1711 ut
1480 1674 1667 1711 contraria
1694 1674 1824 1724 legum
1855 1686 1912 1712 ca-

315 1734 392 1785 pita
422 1731 533 1782 (quae
559 1730 785 1767 antinomias
800 1728 952 1779 Vocant)
981 1730 1181 1779 quotannis
1198 1743 1218 1767 a
1234 1729 1291 1767 sex
1306 1731 1391 1767 viris
1420 1730 1732 1776 examinarentur,
1763 1731 1798 1766 ὅ(
1814 1742 1914 1780 quae-

316 1785 549 1824 reconciliari
582 1797 663 1821 non
690 1794 877 1834 poterant,
906 1797 1206 1834 proponerentur
1222 1786 1377 1836 populO,
1406 1794 1446 1822 ut
1462 1785 1508 1821 de
1522 1783 1592 1821 illis
1607 1782 1910 1835 certum'aliquid

316 1842 542 1880 statueretur.
600 1840 663 1875 Ad
691 1851 855 1889 quorum
890 1842 1103 1889 exemplum
1132 1842 1170 1887 ii,
1199 1841 1264 1888 qui
1293 1840 1511 1889 potestatem
1533 1840 1572 1876 in
1596 1836 1746 1888 singulis
1770 1839 1913 1890 politiis

319 1900 446 1946 legum
475 1895 758 1933 condendarum
784 1894 933 1941 habent,
962 1907 1027 1944 per
1050 1894 1254 1932 triennium
1279 1905 1341 1933 aut
1362 1892 1678 1943 quinquennium,
1708 1904 1770 1931 aut
1798 1895 1913 1944 prone

315 1952 512 1997 videbitur,
541 1949 768 1986 antinomias
795 1951 1027 1987 retr-adianto.
1085 1951 1158 1987 Eae
1175 1961 1300 1988 autem
1323 1963 1343 1987 a
1362 1951 1448 1987 viris
1469 1950 1603 1986 adhoc
1629 1948 1816 1999 delegatis,
1844 1945 1914 2001 pri-⁴

318 2021 360 2045 us
388 2007 628 2059 inspiciantur
658 2007 694 2041 ὃς
725 2016 996 2054 praeparentur,
1029 2007 1063 2043 &
1088 2006 1243 2042 demum
1269 2006 1432 2042 comitiis
1460 2003 1718 2045 exhibeantur3
1747 2015 1788 2042 ut
1808 2005 1915 2055 quod

319 2064 497 2114 placuerit
513 2073 577 2113 per
600 2059 767 2108 suffragia
782 2059 976 2097 stabiliatur
993 2063 1028 2097 ὅ(
1048 2060 1191 2109 figatur.

374 2115 521 2169 Aphor.
543 2117 603 2165 56.
636 2116 673 2153 N
688 2126 710 2150 E
725 2126 823 2166 QUE
853 2128 944 2153 Vero
957 2115 1141 2153 contraria
1157 2117 1285 2165 legum
1308 2116 1427 2165 capita
1451 2113 1767 2152 reconciliandi&
1784 2117 1915 2154 omnia

321 2172 379 2223 (ut
399 2171 620 2224 loquuntur)
652 2168 825 2216 salvandi,
854 2182 918 2219 per
946 2170 1194 2208 distinctiones
1222 2171 1373 2208 subtiles
1402 2172 1437 2207 ὅ(
1464 2168 1648 2218 quaesitas,
1679 2171 1792 2211 nimis
1813 2170 1914 2209 sedu-

321 2230 356 2265 la
377 2238 440 2266 aut
462 2229 567 2265 anxia
590 2237 675 2262 cura
691 2225 776 2262 esto.
834 2225 977 2274 Ingenii
1002 2228 1106 2263 enim
1131 2226 1218 2263 haec
1234 2227 1307 2263 tela
1330 2224 1396 2263 est:
1427 2225 1555 2274 Atque
1571 2234 1761 2272 utcunque
1784 2227 1914 2264 mode-

317 2282 419 2320 stiam
440 2282 629 2331 quandam
645 2282 943 2317 &reverentiam
959 2293 1042 2330 prae
1062 2281 1097 2318 se
1120 2281 1222 2327 ferat,
1252 2283 1349 2318 inter
1373 2279 1482 2318 noxia
1505 2290 1632 2317 tamen
1648 2278 1829 2318 censenda
1848 2281 1914 2324 est5

320 2349 451 2389 utpote
467 2350 560 2385 quae
576 2336 705 2373 reddat
721 2347 855 2384 corpus
871 2335 1081 2374 universum
1098 2338 1225 2385 legum
1241 2338 1384 2373 varium
1407 2338 1442 2372 ὃ(
1453 2337 1549 2372 male
1565 2333 1776 2372 consutum.
1834 2337 1916 2374 Me—

321 2394 390 2430 lius
407 2393 453 2430 est
468 2391 616 2444 prorsus
644 2400 685 2427 ut
703 2389 943 2428 succumbant
967 2391 1165 2438 deteriora,
1196 2390 1399 2428 &meliora
1413 2391 1506 2428 stent
1520 2390 1605 2427 sola.

374 2446 521 2499 Aphor.
538 2457 598 2496 57.
630 2447 835 2482 OsssoLE
849 2457 909 2483 TA
927 2458 947 2481 E
982 2448 1080 2496 leges
1102 2449 1139 2484 ὅ(
1153 2459 1246 2494 quae
1267 2445 1433 2483 abierunt
1455 2448 1494 2482 in
1509 2444 1806 2493 desuetudinem,
1835 2457 1925 2499 nort

322 2504 446 2539 minus
461 2515 572 2552 quam
596 2499 824 2539 antinomiae
843 2512 1104 2552 proponantur
1118 2514 1138 2538 a
1154 2502 1330 2550 delegatis
1346 2513 1388 2537 cx
1407 2497 1537 2537 officio
1551 2501 1751 2537 tollendae.
1813 2501 1918 2538 Cum

323 2555 425 2595 enim
446 2556 619 2594 statutum
647 2555 852 2604 expressum
880 2555 1095 2605 regulariter
1121 2555 1361 2593 desuetudine
1391 2568 1470 2592 non
1496 2556 1710 2604 abrogetur,
1737 2555 1778 2593 fit
1807 2567 1848 2593 ut
1873 2568 1918 2594 ex

325 2621 546 2662 contemptu
562 2613 687 2660 legum
711 2609 965 2648 obsoletarum
987 2611 1049 2647 fiat
1063 2612 1249 2648 nonnulla
1264 2609 1497 2647 authoritatis
1524 2611 1657 2655 incluta
1681 2612 1794 2648 etiam
1810 2612 1849 2648 in
1866 2623 1917 2648 rc-

331 2661 459 2713 liquis':
486 2668 531 2702 Et
559 2666 719 2717 sequitur
744 2665 926 2703 tormenti
951 2666 1043 2703 illud
1070 2678 1188 2715 genus
1211 2665 1406 2712 Mezentii,
1437 2676 1476 2702 ut
1501 2666 1598 2713 leges
1621 2666 1722 2702 vivae
1749 2667 1787 2701 in
1814 2676 1919 2703 com-

326 2722 433 2768 plexu
461 2732 696 2757 mortuarum
719 2722 962 2770 perimantur.
1019 2720 1147 2770 Atque
1163 2722 1328 2758 omnino
1343 2721 1549 2758 cavendum
1586 2718 1633 2756 est
1662 2733 1682 2756 a
1709 2732 1917 2770 gangr-aena

326 2775 363 2811 in
379 2776 530 2823 legibus

382 2827 528 2880 Aphor.
547 2831 607 2878 58.
638 2833 781 2885 QUIN
804 2833 840 2867 δε
869 2831 907 2868 in
937 2832 1079 2880 legibus
1109 2833 1145 2868 ὅ(
1173 2831 1311 2868 statutis
1340 2829 1531 2875 obsoletis,
1562 2842 1630 2866 nec
1659 2829 1806 2865 noviter
1834 2842 1917 2881 pro-

326 2887 510 2933 mulgatis,
539 2884 646 2923 curiis
661 2884 852 2933 praetoriis
867 2888 1019 2923 interim
1028 2897 1159 2923 contra
1175 2898 1233 2923 eas
1248 2885 1472 2922 decernendi
1488 2886 1542 2929 jus
1558 2884 1642 2921 esto.
1698 2885 1800 2920 Licet
1815 2887 1917 2922 enim

327 2953 405 2976 uon
434 2941 530 2976 male
557 2940 699 2976 dicium
730 2938 781 2984 fit,
812 2943 1006 2978 neminem
1027 2952 1199 2990 oportere
1228 2940 1367 2990 legibus
1395 2939 1464 2976 esse
1487 2939 1762 2988 sapientiorem,
1792 2950 1917 2977 tamen

324 2995 552 3043 intelligatur
567 2995 638 3031 hoc
654 2994 699 3029 dc
720 2995 875 3042 legibus,
904 3008 991 3032 eum
1016 2997 1193 3045 evigilent
1214 3008 1295 3032 non
1318 3007 1405 3032 cum
1425 2994 1645 3030 dormitent.
1707 2994 1852 3031 Contra
1868 3007 1919 3032 te-

325 3051 492 3087 eentiora
520 3062 609 3086 vero
637 3048 765 3085 statuta
795 3048 906 3097 (quae
935 3051 1005 3094 juri
1033 3051 1187 3101 publico
1210 3062 1344 3088 nocere
1365 3046 1711 3098 deprehenduntur)
1745 3061 1823 3087 uon
1854 3049 1919 3086 uti—

1849 3117 1919 3155 que

1901 3174 1921 3211 5
