2040 3439
146 259 240 305 240
479 241 573 286 DE
611 229 1053 283 A‘UGMENTIS
1089 224 1627 277 SCIENTIARUM,
1675 228 1938 281 <Lib.V1>11.,

323 338 466 377 mirum
482 339 523 374 in
540 335 716 379 modum,
745 329 874 383 prodit
896 330 932 365 &
952 328 1174 377 corrumpit,
1192 325 1228 364 >fi
1248 327 1330 378 quis
1352 324 1513 363 nimium
1530 325 1565 363 se
1579 324 1800 363 immerserit
1815 328 1942 364 amici*

326 394 386 432 tiis
406 390 631 436 infelicibus,
660 383 823 424 molestis
852 385 889 420 ὅ(
912 381 1074 419 turbidis
1101 381 1210 429 odiis,
1239 391 1302 419 aut
1330 379 1530 432 puerilibus
1558 382 1595 418 ὅ(
1622 379 1790 418 futilibus
1819 394 1939 418 aemu-

328 448 545 486 lationibus.
1656 489 1659 491 ⁴

384 505 519 539 HAEC
538 497 696 546 exempli
718 496 807 532 loco
836 490 931 530 circa
969 489 1180 529 dofflinam
1210 491 1258 528 de
1289 490 1435 528 ambitu
1473 488 1568 527 vitae
1604 487 1809 528 sufficient:
1851 490 1942 528 illud

329 559 431 595 enim
454 552 673 592 hominibus
683 552 722 586 in
737 549 964 586 memoriam
976 546 1131 583 subinde
1147 546 1403 583 reducendum
1418 545 1479 591 est,
1492 546 1603 591 longe
1622 545 1751 590 abcss'e,
1765 556 1804 582 ut
1816 546 1943 582 adum-

329 610 520 650 brationes
535 607 631 651 istae,
661 605 796 654 quibus
824 602 965 640 utimur
990 603 1030 638 in
1051 599 1272 647 desideratis,
1302 601 1392 637 loco
1420 598 1600 646 justorum
1631 601 1853 638 trassatuum
1881 611 1946 650 pc-

335 675 499 705 nanrur3
530 661 591 699 secl
614 658 684 698 sint
706 657 951 699 solummodo
981 666 1161 705 tanquam
1188 655 1343 692 schedae
1370 666 1432 692 aut
1458 654 1637 701 fimbriae,
1667 667 1709 692 ex
1733 653 1866 703 quibus
1896 656 1944 692 de

333 722 407 758 tela
438 717 582 767 integra
604 716 787 762 judicium
809 711 888 750 fieri
909 707 1034 763 possit.
1093 712 1229 759 Neque
1248 709 1370 747 rursus
1385 711 1437 747 ita
1451 707 1660 759 desipimus,
1690 719 1732 747 ut
1748 710 1944 747 fortunam

335 775 470 823 absque
486 782 606 817 tanto,
636 779 822 819 quantum
837 766 1010 812 diximus,
1040 767 1243 803 molimine
1255 766 1415 801 minime
1432 766 1547 813 parari
1561 764 1765 802 afferamus.
1823 765 1946 802 Probe

335 832 439 867 enim
461 826 648 871 novimus,
679 836 761 861 eam
786 833 966 870 tanquam
989 823 1120 870 sponte
1150 819 1188 857 in
1208 818 1397 870 gremium
1414 821 1626 870 aliquorum
1643 819 1805 856 defluere
1825 833 1834 855 z
1861 818 1945 856 Alii

336 896 463 922 autem
483 895 566 919 eam
586 877 781 929 diligentia
807 878 884 915 sola
906 878 942 913 ὅ(
968 872 1191 920 affiduitate,
1223 873 1412 924 (cautione
1427 875 1613 911 nonnulla
1629 873 1778 923 aspersa)
1809 874 1948 922 absque

335 951 412 977 arte
436 939 555 975 multa
569 946 631 974 aut
647 932 814 986 operosa,
845 930 1109 980 adipiscuntur.
1172 931 1317 967 Verum
1338 927 1428 965 ficut
1444 928 1593 976 Cicero,
1615 940 1806 971 oratorem
1823 929 1944 979 perfe-

335 996 439 1032 &um
479 993 700 1041 depingens,
729 1000 811 1027 non
835 988 874 1024 id
894 986 986 1032 vult,
1024 995 1066 1022 ut
1094 983 1262 1022 causidici
1291 982 1423 1033 finguli
1445 986 1537 1022 tales
1571 984 1640 1022 effe
1668 985 1841 1031 debeant,
1877 994 1942 1022 aut

335 1045 497 1102 possint:
529 1059 569 1083 ac
592 1044 728 1091 rursus,
757 1041 847 1079 ficut
876 1042 915 1077 in
941 1041 1106 1091 principe
1133 1050 1196 1077 aut
1220 1038 1342 1077 aulico
1356 1038 1604 1076 describendo
1633 1038 1752 1092 (quod
1767 1040 1946 1076 nonnulli

335 1102 571 1142 tumimidum
589 1098 838 1149 susceperunt)
857 1097 1037 1133 modulus
1053 1091 1258 1144 effingitur,
1274 1093 1424 1146 prorsus
1439 1093 1644 1132 secundum
1655 1093 1740 1132 artis
1750 1093 1944 1146 perfefflio·

336 1171 440 1205 nem,
470 1169 551 1194 non
569 1164 696 1192 autem
725 1151 930 1190 secundum
956 1149 1152 1200 prac‘ticam
1173 1151 1382 1199 vulgatam:
1413 1149 1514 1186 idem
1531 1152 1567 1187 ὃς
1582 1162 1652 1187 nos
1666 1151 1706 1186 in
1722 1147 1878 1199 politico
1892 1150 1948 1187 in·

337 1212 513 1252 struendo
527 1209 794 1262 praestitimus3
823 1204 983 1257 politico
1013 1203 1198 1256 (inquam)
1228 1205 1353 1256 quoad
1367 1204 1563 1242 fortunam
1579 1206 1782 1257 propriam.

392 1270 684 1309 ENIMVERO,
713 1262 807 1299 illud
837 1261 968 1308 utique
993 1259 1234 1297 monendum
1262 1270 1468 1311 praecepta,
1497 1272 1591 1308 quae
1620 1261 1718 1297 circa
1744 1260 1842 1297 hanc
1866 1270 1947 1296 rem

340 1322 550 1367 delegimus
579 1321 615 1356 &
644 1316 920 1369 proposuimuS‚
949 1316 1081 1352 omnia
1100 1327 1143 1351 ex
1163 1326 1301 1364 genere
1323 1326 1456 1351 eorum
1481 1315 1562 1359 ess'e,
1590 1327 1685 1366 quae
1713 1315 1835 1352 bonae
1857 1323 1951 1352 artes

340 1362 535 1414 vocantur.
593 1373 709 1425 Quod
726 1370 828 1409 enim
849 1370 893 1407 ad
909 1371 1024 1406 malas
1052 1380 1144 1407 artes
1168 1368 1321 1407 attinet:
1353 1368 1389 1407 Si
1413 1371 1496 1418 quis
1516 1369 1765 1408 Machiavello
1787 1368 1823 1406 se
1841 1369 1950 1407 dede-

342 1435 389 1469 rit
413 1434 453 1468 in
473 1430 718 1479 disciplinam,
750 1428 815 1475 qui
831 1426 1009 1474 praecipit
1031 1427 1208 1462 virtutem
1229 1424 1344 1474 ipsam
1370 1437 1452 1462 non
1477 1436 1704 1475 magnopere
1731 1425 1946 1472 curandam,

341 1487 402 1524 sed
423 1496 572 1523 tantum
601 1481 763 1534 speciem
790 1482 879 1526 ejus,
908 1481 948 1516 in
977 1479 1163 1530 publicam
1197 1481 1361 1517 versam:
1390 1479 1476 1528 quia
1503 1482 1649 1518 virtutis
1678 1480 1777 1517 fama
1806 1481 1842 1517 &
1871 1479 1951 1529 opi·

342 1544 411 1580 nio
430 1539 581 1578 homini
601 1538 824 1583 adjumento
842 1533 896 1581 fit,
924 1533 1040 1572 virtus
1064 1535 1136 1585 ipsa
1164 1534 1462 1586 impedimento:
1492 1537 1629 1586 quique
1644 1536 1722 1572 alio
1736 1536 1826 1572 loco
1848 1546 1949 1585 prae-

341 1596 453 1646 cipit3
484 1604 525 1633 nt
553 1594 676 1631 homo
700 1593 875 1642 politicus
896 1591 989 1628 illud
1013 1600 1193 1639 tanquam
1215 1590 1508 1628 fundamentum
1529 1590 1748 1642 prudentiae
1772 1588 1854 1627 suae
1871 1589 1953 1628 sub-

343 1651 490 1696 sternat,
522 1649 626 1698 quod
656 1647 939 1699 praesupponat,
969 1645 1145 1683 homines
1165 1657 1246 1682 non
1271 1646 1369 1682 reete
1393 1657 1463 1682 nec
1486 1655 1572 1683 tuto
1598 1645 1642 1682 ad
1666 1657 1708 1683 ea
1727 1656 1822 1694 quae
1847 1646 1953 1684 volu-

345 1719 427 1744 mus
456 1705 554 1742 fleffl
584 1713 647 1740 aut
678 1702 812 1739 adduci
840 1701 954 1752 poss'e,
982 1711 1242 1750 praeterquam
1263 1699 1345 1737 solo
1364 1710 1494 1737 metu:
1523 1700 1685 1748 ideoque
1705 1700 1768 1738 det
1796 1711 1952 1750 operam

343 1772 387 1799 ut
403 1772 547 1808 omnes,
570 1767 755 1808 quantum
772 1759 811 1794 in
828 1756 862 1793 se
876 1755 936 1802 est,
966 1755 1122 1793 obnoxii
1146 1754 1230 1803 fint,
1258 1765 1369 1806 atque
1384 1756 1424 1791 in
1438 1754 1610 1807 periculis
1626 1758 1662 1792 δε
1676 1753 1843 1804 angustiis
1861 1766 1953 1792 con-

340 1814 480 1856 stituti;
509 1814 559 1851 ita
582 1823 623 1851 ut
652 1811 829 1862 politicus
852 1810 936 1847 suus
960 1811 1127 1848 videatur
1151 1810 1232 1857 css'e,
1262 1810 1366 1861 quod
1383 1811 1463 1847 Itali
1489 1810 1632 1857 dicunt,
1662 1809 1864 1850 seminator
1887 1807 1966 1860 spi--

340 1882 498 1908 narum:
528 1868 609 1905 Aut
634 1865 658 1903 si
682 1866 764 1915 quis
790 1865 937 1902 axioma
966 1863 1071 1912 illud,
1102 1865 1206 1914 quod
1221 1878 1241 1901 a
1258 1866 1447 1901 Cicerone
1463 1866 1610 1912 citatur,
1639 1865 1813 1914 ampleffl
1838 1864 1953 1904 velit:

344 1926 492 1962 Cadant
516 1921 626 1960 amici
651 1920 867 1958 dummodo
896 1918 1041 1956 inimici
1066 1920 1316 1960 intercidant3
1345 1916 1435 1956 sicut
1462 1918 1648 1957 triumviri
1676 1920 1860 1966 fecerunt,
1888 1919 1954 1970 qui

342 1978 589 2017 inimicorum
605 1975 800 2013 interitum
816 1971 1130 2012 amiciflimorum
1146 1973 1260 2012 exitio
1276 1973 1529 2012 redimebant:
1558 1974 1640 2012 Aut
1659 1973 1683 2012 fi
1709 1974 1791 2023 quis
1815 1975 1857 2012 L.
1880 1975 1954 2012 Ca-

340 2034 468 2072 tilinae
486 2032 656 2070 imitator
677 2030 746 2068 css'e
761 2029 861 2076 velit,
873 2039 914 2066 ut
925 2031 1287 2081 rerumpublicarum
1304 2029 1553 2066 incendiarius
1568 2029 1628 2067 fiat
1646 2032 1682 2067 ὅ(
1698 2029 1953 2079 perturbator,

341 2102 420 2138 quo
444 2089 579 2125 melius
609 2088 649 2123 in
671 2087 773 2134 aquis
796 2084 954 2122 turbidis
975 2083 1103 2136 piscari
1127 2087 1164 2122 ὅ(
1187 2085 1381 2121 fortunam
1404 2084 1504 2121 suam
1520 2085 1689 2134 expedire
1703 2080 1841 2134 posfit3
1869 2096 1955 2134 ego,

345 2141 506 2194 (inquit)
537 2140 562 2178 fi
585 2140 624 2178 in
648 2139 809 2178 fortunis
831 2141 926 2176 meis
946 2139 1167 2177 incendium
1190 2137 1233 2176 fit
1257 2138 1469 2185 cxcitatum,
1499 2140 1537 2177 id
1553 2152 1634 2177 non
1655 2151 1748 2191 aqua
1766 2138 1829 2177 sed
1846 2141 1956 2177 ruina

346 2197 592 2248 restinguam:
622 2195 704 2232 Aut
727 2193 752 2232 fi
775 2193 854 2245 quis
876 2195 970 2232 illud
995 2194 1175 2244 Lysandri
1198 2195 1243 2231 ad
1265 2194 1299 2232 se
1322 2194 1529 2242 transferat,
1559 2194 1621 2245 qui
1642 2195 1765 2232 dicere
1783 2194 1953 2234 solebam

343 2266 480 2304 pueros
508 2250 697 2304 placentis,
726 2251 827 2288 viros
850 2249 1020 2301 perjuriis
1044 2251 1294 2291 alliciendos3
1322 2261 1410 2286 cum
1434 2251 1514 2286 aliis
1537 2249 1701 2296 ejusdem
1725 2249 1863 2288 farinae
1879 2260 1955 2301 pra-

346 2309 411 2350 vis,
441 2320 482 2344 ae
512 2303 727 2359 perniciosis
749 2305 1017 2354 dogmatibus3
1047 2317 1213 2354 quorum
1245 2305 1302 2350 (ut
1329 2303 1371 2341 fit
1396 2305 1437 2341 in
1460 2306 1613 2342 caeteris
1638 2306 1747 2342 rebus
1763 2304 1955 2351 omnibus)

351 2364 473 2405 maior
499 2361 547 2399 est
576 2372 767 2406 numerus,
799 2371 912 2408 quam
938 2360 1128 2398 reikorum
1154 2362 1190 2397 δε
1217 2359 1419 2397 sanorum:
1450 2360 1487 2397 Si
1516 2361 1598 2409 quis
1627 2358 1812 2409 (inquam)
1838 2359 1958 2405 hujus-

353 2418 460 2454 modi
488 2419 681 2468 inquinata
700 2415 896 2464 prudentia
917 2414 1121 2452 delectetur
1136 2432 1150 2457 ‚-
1180 2427 1262 2452 non
1282 2414 1388 2452 ierim
1414 2413 1564 2460 inficias,
1593 2428 1680 2452 eum
1712 2413 1958 2463 (quandoqui-

353 2474 440 2509 dem
467 2473 610 2521 legibus
630 2469 815 2507 charitatis
841 2473 877 2507 &
906 2469 1052 2508 virtutis
1076 2469 1254 2507 omnibus
1281 2470 1318 2507 se
1351 2468 1471 2519 ipsum
1494 2469 1672 2515 solutum,
1703 2469 1877 2506 fortunae
1902 2469 1958 2508 so-

359 2528 560 2563 lummodo
578 2524 811 2575 manciparit)
843 2526 954 2574 posse,
990 2526 1133 2571 majore
1156 2525 1389 2576 compendio
1411 2526 1448 2561 ὅ(
1471 2526 1623 2561 celerius
1642 2524 1834 2562 fortunam
1854 2524 1959 2562 suam

357 2593 591 2631 promovere.
649 2582 705 2617 Fit
726 2592 818 2617 vero
838 2582 878 2616 in
897 2581 984 2626 vita,
1014 2581 1339 2629 quemadmodum
1363 2581 1400 2616 ὅ(
1423 2580 1463 2615 in
1483 2581 1552 2626 via,
1582 2589 1622 2616 ut
1651 2581 1720 2616 iter
1751 2578 1894 2617 brevius
1915 2577 1959 2617 fit

358 2633 502 2672 foedius
519 2638 553 2671 &
573 2633 788 2676 cocnossus3
821 2647 945 2684 neque
960 2634 1055 2682 lane,
1085 2646 1125 2673 ut
1139 2647 1205 2687 per
1225 2636 1325 2673 viam
1340 2634 1539 2671 meliorem
1552 2635 1634 2686 quis
1650 2635 1810 2682 incedat,
1838 2635 1959 2673 multa

356 2688 577 2726 circuitione
593 2703 685 2741 opus
700 2690 758 2727 est.
1274 2700 1276 2702 ’

412 2745 629 2781 TANTUM
657 2757 748 2782 vero
780 2745 888 2792 abest,
918 2755 959 2783 ut
989 2745 1164 2783 homines
1191 2744 1237 2781 ad
1271 2743 1491 2789 hujusmodi
1519 2754 1611 2781 artes
1638 2756 1764 2794 pravas
1784 2743 1819 2781 se
1844 2743 1958 2796 appli-

354 2810 439 2834 care
469 2809 665 2847 op01·teat;
694 2810 733 2836 ut
754 2802 878 2849 potius
896 2801 980 2838 sane
1012 2799 1049 2848 (si
1069 2800 1190 2837 modo
1202 2797 1271 2837 fint
1287 2800 1383 2851 apud
1400 2798 1447 2846 se,
1477 2799 1587 2847 seque
1616 2799 1786 2837 sustinere
1802 2800 1958 2846 valcant,

355 2864 478 2903 neque
507 2854 724 2890 ambitionis
749 2855 900 2892 turbine
924 2857 960 2893 ὅ(
989 2856 1153 2908 procella
1183 2857 1223 2892 in
1251 2854 1445 2892 adversum
1474 2852 1678 2903 rapiantur)
1708 2863 1794 2891 ante
1821 2855 1955 2891 oculos

356 2918 569 2958 proponere
603 2908 785 2949 debeant3
822 2922 903 2947 non
934 2910 1057 2948 solum
1087 2910 1221 2947 mundi
1250 2909 1565 2961 chorographiam
1599 2910 1811 2959 generalem
1840 2909 1957 2953 illam,

357 2962 460 3010 quod
482 2964 611 2998 omnia
632 2961 700 2999 lint
730 2963 867 3001 vanitas
898 2968 934 3003 ὅ(
965 2966 1110 3002 vexatio
1137 2964 1307 3017 spiritus‚·
1338 2976 1469 3002 verum
1498 2966 1610 3000 ctiam
1646 2968 1682 3002 ὅ(
1710 2964 1814 3000 illam
1844 2963 1958 3012 magis

359 3015 563 3067 specialem,
593 3016 776 3063 videlicet,
808 3020 910 3065 quod
941 3019 1060 3071 ipsum
1090 3019 1170 3067 effe,
1200 3020 1408 3065 sejunt‘ium
1436 3031 1456 3056 a
1482 3019 1576 3055 bene
1611 3018 1691 3065 ess'e,
1730 3018 1957 3055 maledictio-

360 3066 415 3108 nis
433 3072 521 3109 loco
542 3070 602 3112 s1t5
632 3073 667 3108 ἃ
688 3084 766 3122 quo
785 3073 959 3121 grandius
977 3073 1018 3112 fit
1035 3075 1115 3122 effe,
1147 3087 1195 3112 co
1215 3075 1334 3121 major
1350 3072 1391 3111 sir
1410 3073 1651 3114 maledic‘ti03
1681 3073 1857 3125 quodque
1884 3084 1959 3110 am-

526 3129 535 3146 ¹
1750 3124 1959 3178 pliffimum
