<?xml version="1.0" encoding="UTF-8"?>
<!DOCTYPE html PUBLIC "-//W3C//DTD XHTML 1.0 Transitional//EN"
    "http://www.w3.org/TR/xhtml1/DTD/xhtml1-transitional.dtd">
<html xmlns="http://www.w3.org/1999/xhtml" xml:lang="en" lang="en">
 <head>
  <title>
</title>
<meta http-equiv="Content-Type" content="text/html;charset=utf-8" />
  <meta name='ocr-system' content='tesseract 3.04.00' />
  <meta name='ocr-capabilities' content='ocr_page ocr_carea ocr_par ocr_line ocrx_word'/>
</head>
<body>
  <div class='ocr_page' id='page_1' title='image "./worksoffrancisb01baco_0457.png"; bbox 0 0 2040 3439; ppageno 0'>
   <div class='ocr_carea' id='block_1_1' title="bbox 56 190 1358 255">
    <p class='ocr_par' dir='ltr' id='par_1_1' title="bbox 56 190 1358 255">
     <span class='ocr_line' id='line_1_1' title="bbox 56 190 1358 255; baseline 0.008 -12"><span class='ocrx_word' id='word_1_1' title='bbox 56 190 257 252; x_wconf 61' lang='lat' dir='ltr'>,Lffin</span> <span class='ocrx_word' id='word_1_2' title='bbox 475 203 807 251; x_wconf 79' lang='lat' dir='ltr'>NOVUM</span> <span class='ocrx_word' id='word_1_3' title='bbox 880 206 1358 255; x_wconf 82' lang='lat' dir='ltr'>ORGANUM</span> 
     </span>
    </p>
   </div>
   <div class='ocr_carea' id='block_1_2' title="bbox 60 312 1695 2558">
    <p class='ocr_par' dir='ltr' id='par_1_2' title="bbox 60 312 1695 1023">
     <span class='ocr_line' id='line_1_2' title="bbox 85 312 1695 368; baseline 0.006 -19"><span class='ocrx_word' id='word_1_4' title='bbox 85 315 153 360; x_wconf 82' lang='lat' dir='ltr'>tia,</span> <span class='ocrx_word' id='word_1_5' title='bbox 183 316 224 352; x_wconf 85' lang='lat' dir='ltr'>in</span> <span class='ocrx_word' id='word_1_6' title='bbox 249 321 361 365; x_wconf 78' lang='lat' dir='ltr'>opere</span> <span class='ocrx_word' id='word_1_7' title='bbox 386 313 562 364; x_wconf 86' lang='lat' dir='ltr'>ponenda</span> <span class='ocrx_word' id='word_1_8' title='bbox 587 313 637 351; x_wconf 89' lang='lat' dir='ltr'>est</span> <span class='ocrx_word' id='word_1_9' title='bbox 656 313 732 363; x_wconf 85' lang='lat' dir='ltr'>ipsa</span> <span class='ocrx_word' id='word_1_10' title='bbox 754 312 933 352; x_wconf 69' lang='lat' dir='ltr'>inductio.</span> <span class='ocrx_word' id='word_1_11' title='bbox 988 315 1217 354; x_wconf 84' lang='lat' dir='ltr'>Invenicnda</span> <span class='ocrx_word' id='word_1_12' title='bbox 1241 315 1291 354; x_wconf 92' lang='lat' dir='ltr'>est</span> <span class='ocrx_word' id='word_1_13' title='bbox 1318 317 1434 364; x_wconf 85' lang='lat' dir='ltr'>enim,</span> <span class='ocrx_word' id='word_1_14' title='bbox 1463 317 1571 368; x_wconf 85' lang='lat' dir='ltr'>super</span> <span class='ocrx_word' id='word_1_15' title='bbox 1592 319 1695 358; x_wconf 79' lang='lat' dir='ltr'>eom-</span> 
     </span>
     <span class='ocr_line' id='line_1_3' title="bbox 83 365 1692 424; baseline 0.004 -17"><span class='ocrx_word' id='word_1_16' title='bbox 83 371 296 421; x_wconf 73' lang='lat' dir='ltr'>parentiam</span> <span class='ocrx_word' id='word_1_17' title='bbox 319 369 495 406; x_wconf 89' lang='lat' dir='ltr'>omniurn</span> <span class='ocrx_word' id='word_1_18' title='bbox 523 371 560 406; x_wconf 67' lang='grc' dir='ltr'>ὅς</span> <span class='ocrx_word' id='word_1_19' title='bbox 590 365 818 418; x_wconf 79' lang='lat' dir='ltr'>singularum</span> <span class='ocrx_word' id='word_1_20' title='bbox 847 368 1112 413; x_wconf 78' lang='lat' dir='ltr'>instantiarum,</span> <span class='ocrx_word' id='word_1_21' title='bbox 1141 380 1271 408; x_wconf 88' lang='lat' dir='ltr'>natura</span> <span class='ocrx_word' id='word_1_22' title='bbox 1295 371 1388 415; x_wconf 88' lang='lat' dir='ltr'>talis,</span> <span class='ocrx_word' id='word_1_23' title='bbox 1419 385 1513 424; x_wconf 87' lang='lat' dir='ltr'>quae</span> <span class='ocrx_word' id='word_1_24' title='bbox 1527 386 1692 413; x_wconf 85' lang='lat' dir='ltr'>cumna-</span> 
     </span>
     <span class='ocr_line' id='line_1_4' title="bbox 84 421 1692 481; baseline 0.004 -19"><span class='ocrx_word' id='word_1_25' title='bbox 84 434 170 462; x_wconf 74' lang='lat' dir='ltr'>rura</span> <span class='ocrx_word' id='word_1_26' title='bbox 199 425 281 462; x_wconf 90' lang='lat' dir='ltr'>data</span> <span class='ocrx_word' id='word_1_27' title='bbox 305 434 490 476; x_wconf 85' lang='lat' dir='ltr'>perpetuo</span> <span class='ocrx_word' id='word_1_28' title='bbox 512 421 612 470; x_wconf 83' lang='lat' dir='ltr'>adsit,</span> <span class='ocrx_word' id='word_1_29' title='bbox 643 421 743 470; x_wconf 83' lang='lat' dir='ltr'>absit,</span> <span class='ocrx_word' id='word_1_30' title='bbox 773 434 885 473; x_wconf 90' lang='lat' dir='ltr'>atque</span> <span class='ocrx_word' id='word_1_31' title='bbox 911 423 1046 462; x_wconf 88' lang='lat' dir='ltr'>crescat</span> <span class='ocrx_word' id='word_1_32' title='bbox 1073 427 1110 462; x_wconf 77' lang='grc' dir='ltr'>ὅ(</span> <span class='ocrx_word' id='word_1_33' title='bbox 1133 425 1316 464; x_wconf 85' lang='lat' dir='ltr'>decrescat</span> <span class='ocrx_word' id='word_1_34' title='bbox 1331 444 1342 471; x_wconf 66' lang='grc' dir='ltr'><strong><em>ς</em></strong></span> <span class='ocrx_word' id='word_1_35' title='bbox 1371 425 1488 477; x_wconf 81' lang='lat' dir='ltr'>sitque</span> <span class='ocrx_word' id='word_1_36' title='bbox 1513 427 1572 478; x_wconf 89' lang='lat' dir='ltr'>(ut</span> <span class='ocrx_word' id='word_1_37' title='bbox 1591 429 1692 481; x_wconf 87' lang='lat' dir='ltr'>supe-</span> 
     </span>
     <span class='ocr_line' id='line_1_5' title="bbox 63 477 1691 530; baseline 0.006 -15"><span class='ocrx_word' id='word_1_38' title='bbox 63 478 162 525; x_wconf 59' lang='lat' dir='ltr'>]r&#39;ius</span> <span class='ocrx_word' id='word_1_39' title='bbox 186 479 328 516; x_wconf 66' lang='lat' dir='ltr'>dietum</span> <span class='ocrx_word' id='word_1_40' title='bbox 356 477 417 526; x_wconf 86' lang='lat' dir='ltr'>est)</span> <span class='ocrx_word' id='word_1_41' title='bbox 442 479 622 515; x_wconf 87' lang='lat' dir='ltr'>limitatio</span> <span class='ocrx_word' id='word_1_42' title='bbox 640 480 794 516; x_wconf 70' lang='lat' dir='ltr'>naturae</span> <span class='ocrx_word' id='word_1_43' title='bbox 822 481 942 528; x_wconf 83' lang='lat' dir='ltr'>magis</span> <span class='ocrx_word' id='word_1_44' title='bbox 964 480 1190 519; x_wconf 87' lang='lat' dir='ltr'>communis.</span> <span class='ocrx_word' id='word_1_45' title='bbox 1246 482 1332 518; x_wconf 92' lang='lat' dir='ltr'>Hoc</span> <span class='ocrx_word' id='word_1_46' title='bbox 1359 479 1384 518; x_wconf 82' lang='lat' dir='ltr'>si</span> <span class='ocrx_word' id='word_1_47' title='bbox 1408 494 1514 520; x_wconf 88' lang='lat' dir='ltr'>mens</span> <span class='ocrx_word' id='word_1_48' title='bbox 1540 485 1616 530; x_wconf 85' lang='lat' dir='ltr'>jam</span> <span class='ocrx_word' id='word_1_49' title='bbox 1645 488 1691 524; x_wconf 84' lang='lat' dir='ltr'>ab</span> 
     </span>
     <span class='ocr_line' id='line_1_6' title="bbox 83 529 1690 589; baseline 0.005 -19"><span class='ocrx_word' id='word_1_50' title='bbox 83 532 196 579; x_wconf 79' lang='lat' dir='ltr'>initio</span> <span class='ocrx_word' id='word_1_51' title='bbox 222 534 342 571; x_wconf 87' lang='lat' dir='ltr'>facere</span> <span class='ocrx_word' id='word_1_52' title='bbox 372 543 493 571; x_wconf 89' lang='lat' dir='ltr'>tentet</span> <span class='ocrx_word' id='word_1_53' title='bbox 529 529 762 579; x_wconf 82' lang='lat' dir='ltr'>affirmative,</span> <span class='ocrx_word' id='word_1_54' title='bbox 793 531 915 583; x_wconf 76' lang='lat' dir='ltr'>(quod</span> <span class='ocrx_word' id='word_1_55' title='bbox 951 531 1016 572; x_wconf 83' lang='lat' dir='ltr'>fibi</span> <span class='ocrx_word' id='word_1_56' title='bbox 1043 534 1209 585; x_wconf 73' lang='lat' dir='ltr'>permissa</span> <span class='ocrx_word' id='word_1_57' title='bbox 1250 535 1393 588; x_wconf 82' lang='lat' dir='ltr'>semper</span> <span class='ocrx_word' id='word_1_58' title='bbox 1425 537 1542 575; x_wconf 80' lang='lat' dir='ltr'>facere</span> <span class='ocrx_word' id='word_1_59' title='bbox 1581 539 1690 589; x_wconf 86' lang='lat' dir='ltr'>solet)</span> 
     </span>
     <span class='ocr_line' id='line_1_7' title="bbox 60 587 1689 640; baseline 0.005 -15"><span class='ocrx_word' id='word_1_60' title='bbox 60 596 289 626; x_wconf 62' lang='lat' dir='ltr'>*occurrent</span> <span class='ocrx_word' id='word_1_61' title='bbox 317 587 571 638; x_wconf 82' lang='lat' dir='ltr'>phantasmata</span> <span class='ocrx_word' id='word_1_62' title='bbox 599 590 635 624; x_wconf 73' lang='grc' dir='ltr'>ὅ(</span> <span class='ocrx_word' id='word_1_63' title='bbox 651 588 856 640; x_wconf 82' lang='lat' dir='ltr'>opinabilia</span> <span class='ocrx_word' id='word_1_64' title='bbox 884 590 922 626; x_wconf 76' lang='grc' dir='ltr'>ὅ(</span> <span class='ocrx_word' id='word_1_65' title='bbox 948 591 1160 627; x_wconf 87' lang='lat' dir='ltr'>notionalia</span> <span class='ocrx_word' id='word_1_66' title='bbox 1175 591 1273 628; x_wconf 91' lang='lat' dir='ltr'>male</span> <span class='ocrx_word' id='word_1_67' title='bbox 1297 592 1505 640; x_wconf 80' lang='lat' dir='ltr'>terminata,</span> <span class='ocrx_word' id='word_1_68' title='bbox 1528 596 1565 631; x_wconf 73' lang='grc' dir='ltr'>ὅ(</span> <span class='ocrx_word' id='word_1_69' title='bbox 1593 594 1689 633; x_wconf 86' lang='lat' dir='ltr'>axio-</span> 
     </span>
     <span class='ocr_line' id='line_1_8' title="bbox 81 640 1687 699; baseline 0.005 -19"><span class='ocrx_word' id='word_1_70' title='bbox 81 650 180 680; x_wconf 83' lang='lat' dir='ltr'>mata</span> <span class='ocrx_word' id='word_1_71' title='bbox 196 643 365 692; x_wconf 85' lang='lat' dir='ltr'>quotidie</span> <span class='ocrx_word' id='word_1_72' title='bbox 386 643 620 680; x_wconf 85' lang='lat' dir='ltr'>emendanda</span> <span class='ocrx_word' id='word_1_73' title='bbox 636 660 650 685; x_wconf 84' lang='lat'>,-</span> <span class='ocrx_word' id='word_1_74' title='bbox 682 640 748 680; x_wconf 78' lang='lat' dir='ltr'>nisi</span> <span class='ocrx_word' id='word_1_75' title='bbox 776 641 887 680; x_wconf 84' lang='lat' dir='ltr'>libeat</span> <span class='ocrx_word' id='word_1_76' title='bbox 914 641 1144 694; x_wconf 86' lang='lat' dir='ltr'>(scholarum</span> <span class='ocrx_word' id='word_1_77' title='bbox 1167 644 1293 694; x_wconf 89' lang='lat' dir='ltr'>more)</span> <span class='ocrx_word' id='word_1_78' title='bbox 1312 658 1479 697; x_wconf 87' lang='lat' dir='ltr'>pugnare</span> <span class='ocrx_word' id='word_1_79' title='bbox 1493 661 1564 699; x_wconf 90' lang='lat' dir='ltr'>pro</span> <span class='ocrx_word' id='word_1_80' title='bbox 1583 648 1687 688; x_wconf 81' lang='lat' dir='ltr'>falsis.</span> 
     </span>
     <span class='ocr_line' id='line_1_9' title="bbox 68 697 1691 752; baseline 0.006 -18"><span class='ocrx_word' id='word_1_81' title='bbox 68 697 134 734; x_wconf 61' lang='lat' dir='ltr'>‘Ea</span> <span class='ocrx_word' id='word_1_82' title='bbox 152 698 283 735; x_wconf 69' lang='lat' dir='ltr'>&#39;tamen</span> <span class='ocrx_word' id='word_1_83' title='bbox 311 698 564 747; x_wconf 86' lang='lat' dir='ltr'>proculdubio</span> <span class='ocrx_word' id='word_1_84' title='bbox 591 708 700 735; x_wconf 86' lang='lat' dir='ltr'>erunt</span> <span class='ocrx_word' id='word_1_85' title='bbox 725 699 884 735; x_wconf 79' lang='lat' dir='ltr'>meliora</span> <span class='ocrx_word' id='word_1_86' title='bbox 904 709 968 736; x_wconf 89' lang='lat' dir='ltr'>aut</span> <span class='ocrx_word' id='word_1_87' title='bbox 991 701 1174 750; x_wconf 84' lang='lat' dir='ltr'>praviora,</span> <span class='ocrx_word' id='word_1_88' title='bbox 1202 712 1274 752; x_wconf 91' lang='lat' dir='ltr'>pro</span> <span class='ocrx_word' id='word_1_89' title='bbox 1298 701 1472 740; x_wconf 81' lang='lat' dir='ltr'>facultate</span> <span class='ocrx_word' id='word_1_90' title='bbox 1492 704 1528 740; x_wconf 72' lang='grc' dir='ltr'>ὅ(</span> <span class='ocrx_word' id='word_1_91' title='bbox 1552 705 1691 743; x_wconf 87' lang='lat' dir='ltr'>robore</span> 
     </span>
     <span class='ocr_line' id='line_1_10' title="bbox 80 750 1687 810; baseline 0.005 -21"><span class='ocrx_word' id='word_1_92' title='bbox 80 750 288 790; x_wconf 56' lang='lat' dir='ltr'>intellectus</span> <span class='ocrx_word' id='word_1_93' title='bbox 311 754 376 802; x_wconf 88' lang='lat' dir='ltr'>qui</span> <span class='ocrx_word' id='word_1_94' title='bbox 405 763 589 802; x_wconf 85' lang='lat' dir='ltr'>operatur.</span> <span class='ocrx_word' id='word_1_95' title='bbox 645 754 700 790; x_wconf 89' lang='lat' dir='ltr'>At</span> <span class='ocrx_word' id='word_1_96' title='bbox 730 754 895 790; x_wconf 91' lang='lat' dir='ltr'>omnino</span> <span class='ocrx_word' id='word_1_97' title='bbox 920 754 1008 790; x_wconf 91' lang='lat' dir='ltr'>Deo</span> <span class='ocrx_word' id='word_1_98' title='bbox 1038 753 1266 804; x_wconf 85' lang='lat' dir='ltr'>(formarum</span> <span class='ocrx_word' id='word_1_99' title='bbox 1291 755 1447 793; x_wconf 88' lang='lat' dir='ltr'>inditori</span> <span class='ocrx_word' id='word_1_100' title='bbox 1477 759 1516 795; x_wconf 73' lang='grc' dir='ltr'>ὅς</span> <span class='ocrx_word' id='word_1_101' title='bbox 1547 759 1687 810; x_wconf 86' lang='lat' dir='ltr'>opifici)</span> 
     </span>
     <span class='ocr_line' id='line_1_11' title="bbox 79 807 1687 859; baseline 0.004 -15"><span class='ocrx_word' id='word_1_102' title='bbox 79 817 142 844; x_wconf 81' lang='lat' dir='ltr'>aut</span> <span class='ocrx_word' id='word_1_103' title='bbox 163 807 308 844; x_wconf 80' lang='lat' dir='ltr'>fortasse</span> <span class='ocrx_word' id='word_1_104' title='bbox 334 809 475 857; x_wconf 77' lang='lat' dir='ltr'>angelis</span> <span class='ocrx_word' id='word_1_105' title='bbox 500 809 536 845; x_wconf 87' lang='lat'>&amp;</span> <span class='ocrx_word' id='word_1_106' title='bbox 556 807 812 857; x_wconf 81' lang='lat' dir='ltr'>intelligentiis</span> <span class='ocrx_word' id='word_1_107' title='bbox 831 810 1026 858; x_wconf 87' lang='lat' dir='ltr'>competit,</span> <span class='ocrx_word' id='word_1_108' title='bbox 1054 808 1196 846; x_wconf 86' lang='lat' dir='ltr'>formas</span> <span class='ocrx_word' id='word_1_109' title='bbox 1222 821 1287 859; x_wconf 87' lang='lat' dir='ltr'>per</span> <span class='ocrx_word' id='word_1_110' title='bbox 1310 807 1603 850; x_wconf 87' lang='lat' dir='ltr'>affirmationem</span> <span class='ocrx_word' id='word_1_111' title='bbox 1619 816 1687 851; x_wconf 89' lang='lat' dir='ltr'>im-</span> 
     </span>
     <span class='ocr_line' id='line_1_12' title="bbox 64 862 1688 915; baseline 0.005 -17"><span class='ocrx_word' id='word_1_112' title='bbox 64 862 240 901; x_wconf 69' lang='lat' dir='ltr'>mediate</span> <span class='ocrx_word' id='word_1_113' title='bbox 263 862 377 908; x_wconf 80' lang='lat' dir='ltr'>noss&#39;c,</span> <span class='ocrx_word' id='word_1_114' title='bbox 407 873 517 911; x_wconf 90' lang='lat' dir='ltr'>atque</span> <span class='ocrx_word' id='word_1_115' title='bbox 537 863 582 900; x_wconf 88' lang='lat' dir='ltr'>ab</span> <span class='ocrx_word' id='word_1_116' title='bbox 611 864 724 900; x_wconf 89' lang='lat' dir='ltr'>initio</span> <span class='ocrx_word' id='word_1_117' title='bbox 743 863 1090 912; x_wconf 87' lang='lat' dir='ltr'>contemplationis.</span> <span class='ocrx_word' id='word_1_118' title='bbox 1147 865 1219 901; x_wconf 88' lang='lat' dir='ltr'>Sed</span> <span class='ocrx_word' id='word_1_119' title='bbox 1239 875 1338 901; x_wconf 88' lang='lat' dir='ltr'>certa</span> <span class='ocrx_word' id='word_1_120' title='bbox 1362 864 1466 915; x_wconf 77' lang='lat' dir='ltr'>supra</span> <span class='ocrx_word' id='word_1_121' title='bbox 1489 866 1688 906; x_wconf 87' lang='lat' dir='ltr'>hominem</span> 
     </span>
     <span class='ocr_line' id='line_1_13' title="bbox 73 914 1685 972; baseline 0.005 -19"><span class='ocrx_word' id='word_1_122' title='bbox 73 916 157 965; x_wconf 50' lang='lat' dir='ltr'>sest}</span> <span class='ocrx_word' id='word_1_123' title='bbox 172 914 240 954; x_wconf 79' lang='lat' dir='ltr'>‘cui</span> <span class='ocrx_word' id='word_1_124' title='bbox 260 927 407 955; x_wconf 88' lang='lat' dir='ltr'>tantum</span> <span class='ocrx_word' id='word_1_125' title='bbox 437 916 666 964; x_wconf 80' lang='lat' dir='ltr'>conceditur,</span> <span class='ocrx_word' id='word_1_126' title='bbox 695 917 899 968; x_wconf 84' lang='lat' dir='ltr'>procedere</span> <span class='ocrx_word' id='word_1_127' title='bbox 919 916 1045 967; x_wconf 86' lang='lat' dir='ltr'>primo</span> <span class='ocrx_word' id='word_1_128' title='bbox 1063 930 1128 968; x_wconf 86' lang='lat' dir='ltr'>per</span> <span class='ocrx_word' id='word_1_129' title='bbox 1143 920 1347 968; x_wconf 80' lang='lat' dir='ltr'>negativaS,</span> <span class='ocrx_word' id='word_1_130' title='bbox 1364 922 1400 958; x_wconf 73' lang='grc' dir='ltr'>δε</span> <span class='ocrx_word' id='word_1_131' title='bbox 1420 921 1611 972; x_wconf 85' lang='lat' dir='ltr'>postremo</span> <span class='ocrx_word' id='word_1_132' title='bbox 1629 925 1685 961; x_wconf 88' lang='lat' dir='ltr'>lo-</span> 
     </span>
     <span class='ocr_line' id='line_1_14' title="bbox 79 969 1330 1023; baseline 0.002 -15"><span class='ocrx_word' id='word_1_133' title='bbox 79 970 312 1020; x_wconf 55' lang='lat' dir='ltr'>cOJdesincre</span> <span class='ocrx_word' id='word_1_134' title='bbox 332 974 372 1010; x_wconf 88' lang='lat' dir='ltr'>in</span> <span class='ocrx_word' id='word_1_135' title='bbox 397 969 645 1019; x_wconf 79' lang='lat' dir='ltr'>affirmativas,</span> <span class='ocrx_word' id='word_1_136' title='bbox 673 972 754 1023; x_wconf 90' lang='lat' dir='ltr'>post</span> <span class='ocrx_word' id='word_1_137' title='bbox 775 972 1043 1010; x_wconf 84' lang='lat' dir='ltr'>omnimodam</span> <span class='ocrx_word' id='word_1_138' title='bbox 1067 971 1330 1011; x_wconf 80' lang='lat' dir='ltr'>exclusionem.</span> 
     </span>
    </p>

    <p class='ocr_par' dir='ltr' id='par_1_3' title="bbox 64 1018 1687 1680">
     <span class='ocr_line' id='line_1_15' title="bbox 68 1018 1687 1079; baseline 0.004 -15"><span class='ocrx_word' id='word_1_139' title='bbox 68 1018 231 1064; x_wconf 52' lang='lat' dir='ltr'>³&#39;³2·XV1.</span> <span class='ocrx_word' id='word_1_140' title='bbox 261 1027 450 1078; x_wconf 67' lang='lat' dir='ltr'><strong>ITAQUE</strong></span> <span class='ocrx_word' id='word_1_141' title='bbox 485 1037 638 1064; x_wconf 88' lang='lat' dir='ltr'>naturae</span> <span class='ocrx_word' id='word_1_142' title='bbox 663 1026 830 1064; x_wconf 88' lang='lat' dir='ltr'>facienda</span> <span class='ocrx_word' id='word_1_143' title='bbox 872 1026 920 1064; x_wconf 93' lang='lat' dir='ltr'>est</span> <span class='ocrx_word' id='word_1_144' title='bbox 949 1027 1096 1077; x_wconf 89' lang='lat' dir='ltr'>prorsus</span> <span class='ocrx_word' id='word_1_145' title='bbox 1131 1027 1272 1066; x_wconf 89' lang='lat' dir='ltr'>solutio</span> <span class='ocrx_word' id='word_1_146' title='bbox 1305 1030 1342 1065; x_wconf 74' lang='grc' dir='ltr'>ὅ(</span> <span class='ocrx_word' id='word_1_147' title='bbox 1370 1028 1575 1079; x_wconf 64' lang='lat' dir='ltr'>separatim</span> <span class='ocrx_word' id='word_1_148' title='bbox 1603 1045 1687 1071; x_wconf 89' lang='lat' dir='ltr'>non</span> 
     </span>
     <span class='ocr_line' id='line_1_16' title="bbox 64 1081 1687 1136; baseline 0.005 -18"><span class='ocrx_word' id='word_1_149' title='bbox 64 1085 146 1130; x_wconf 55' lang='lat' dir='ltr'>’per</span> <span class='ocrx_word' id='word_1_150' title='bbox 178 1083 307 1131; x_wconf 80' lang='lat' dir='ltr'>ignem</span> <span class='ocrx_word' id='word_1_151' title='bbox 335 1091 446 1130; x_wconf 88' lang='lat' dir='ltr'>certe,</span> <span class='ocrx_word' id='word_1_152' title='bbox 475 1081 537 1119; x_wconf 89' lang='lat' dir='ltr'>sed</span> <span class='ocrx_word' id='word_1_153' title='bbox 567 1093 632 1132; x_wconf 90' lang='lat' dir='ltr'>per</span> <span class='ocrx_word' id='word_1_154' title='bbox 659 1091 840 1128; x_wconf 88' lang='lat' dir='ltr'>mentem,</span> <span class='ocrx_word' id='word_1_155' title='bbox 870 1091 1049 1131; x_wconf 86' lang='lat' dir='ltr'>tanquam</span> <span class='ocrx_word' id='word_1_156' title='bbox 1077 1085 1205 1133; x_wconf 86' lang='lat' dir='ltr'>ignem</span> <span class='ocrx_word' id='word_1_157' title='bbox 1228 1084 1410 1122; x_wconf 89' lang='lat' dir='ltr'>divinum.</span> <span class='ocrx_word' id='word_1_158' title='bbox 1468 1086 1528 1123; x_wconf 86' lang='lat' dir='ltr'>Est</span> <span class='ocrx_word' id='word_1_159' title='bbox 1557 1089 1687 1136; x_wconf 85' lang='lat' dir='ltr'>itaque</span> 
     </span>
     <span class='ocr_line' id='line_1_17' title="bbox 74 1134 1684 1189; baseline 0.004 -16"><span class='ocrx_word' id='word_1_160' title='bbox 74 1134 302 1183; x_wconf 59' lang='lat' dir='ltr'>induitionis</span> <span class='ocrx_word' id='word_1_161' title='bbox 327 1149 435 1175; x_wconf 86' lang='lat' dir='ltr'>verae</span> <span class='ocrx_word' id='word_1_162' title='bbox 464 1148 557 1187; x_wconf 89' lang='lat' dir='ltr'>opus</span> <span class='ocrx_word' id='word_1_163' title='bbox 587 1134 751 1187; x_wconf 90' lang='lat' dir='ltr'>primum</span> <span class='ocrx_word' id='word_1_164' title='bbox 789 1136 984 1185; x_wconf 90' lang='lat' dir='ltr'>(quatenus</span> <span class='ocrx_word' id='word_1_165' title='bbox 1011 1138 1057 1175; x_wconf 91' lang='lat' dir='ltr'>ad</span> <span class='ocrx_word' id='word_1_166' title='bbox 1075 1136 1315 1176; x_wconf 85' lang='lat' dir='ltr'>inveniendas</span> <span class='ocrx_word' id='word_1_167' title='bbox 1347 1139 1501 1189; x_wconf 87' lang='lat' dir='ltr'>formas)</span> <span class='ocrx_word' id='word_1_168' title='bbox 1525 1143 1684 1188; x_wconf 66' lang='lat' dir='ltr'>rejeciio</span> 
     </span>
     <span class='ocr_line' id='line_1_18' title="bbox 70 1188 1684 1245; baseline 0.005 -18"><span class='ocrx_word' id='word_1_169' title='bbox 70 1188 148 1228; x_wconf 55' lang='lat' dir='ltr'>&gt;sare</span> <span class='ocrx_word' id='word_1_170' title='bbox 167 1189 343 1229; x_wconf 81' lang='lat' dir='ltr'>exclusiva</span> <span class='ocrx_word' id='word_1_171' title='bbox 372 1202 587 1230; x_wconf 88' lang='lat' dir='ltr'>naturarum</span> <span class='ocrx_word' id='word_1_172' title='bbox 621 1189 859 1240; x_wconf 79' lang='lat' dir='ltr'>singularum,</span> <span class='ocrx_word' id='word_1_173' title='bbox 889 1204 983 1241; x_wconf 88' lang='lat' dir='ltr'>quae</span> <span class='ocrx_word' id='word_1_174' title='bbox 1017 1203 1097 1230; x_wconf 87' lang='lat' dir='ltr'>non</span> <span class='ocrx_word' id='word_1_175' title='bbox 1126 1192 1369 1231; x_wconf 88' lang='lat' dir='ltr'>inveniuntur</span> <span class='ocrx_word' id='word_1_176' title='bbox 1403 1197 1443 1232; x_wconf 91' lang='lat' dir='ltr'>in</span> <span class='ocrx_word' id='word_1_177' title='bbox 1475 1197 1599 1245; x_wconf 85' lang='lat' dir='ltr'>aliqua</span> <span class='ocrx_word' id='word_1_178' title='bbox 1629 1199 1684 1235; x_wconf 89' lang='lat' dir='ltr'>in-</span> 
     </span>
     <span class='ocr_line' id='line_1_19' title="bbox 68 1245 1684 1297; baseline 0.005 -15"><span class='ocrx_word' id='word_1_179' title='bbox 68 1245 215 1293; x_wconf 82' lang='lat' dir='ltr'>stantia,</span> <span class='ocrx_word' id='word_1_180' title='bbox 244 1247 308 1283; x_wconf 91' lang='lat' dir='ltr'>ubi</span> <span class='ocrx_word' id='word_1_181' title='bbox 329 1257 459 1284; x_wconf 85' lang='lat' dir='ltr'>natura</span> <span class='ocrx_word' id='word_1_182' title='bbox 479 1247 563 1284; x_wconf 87' lang='lat' dir='ltr'>data</span> <span class='ocrx_word' id='word_1_183' title='bbox 595 1245 714 1290; x_wconf 82' lang='lat' dir='ltr'>adest;</span> <span class='ocrx_word' id='word_1_184' title='bbox 743 1256 806 1284; x_wconf 90' lang='lat' dir='ltr'>aut</span> <span class='ocrx_word' id='word_1_185' title='bbox 831 1246 1073 1285; x_wconf 87' lang='lat' dir='ltr'>inveniuntur</span> <span class='ocrx_word' id='word_1_186' title='bbox 1100 1246 1139 1285; x_wconf 86' lang='lat' dir='ltr'>in</span> <span class='ocrx_word' id='word_1_187' title='bbox 1167 1247 1288 1297; x_wconf 89' lang='lat' dir='ltr'>aliqua</span> <span class='ocrx_word' id='word_1_188' title='bbox 1311 1249 1495 1297; x_wconf 84' lang='lat' dir='ltr'>instantia,</span> <span class='ocrx_word' id='word_1_189' title='bbox 1529 1252 1592 1289; x_wconf 85' lang='lat' dir='ltr'>ubi</span> <span class='ocrx_word' id='word_1_190' title='bbox 1621 1265 1684 1290; x_wconf 86' lang='lat' dir='ltr'>na-</span> 
     </span>
     <span class='ocr_line' id='line_1_20' title="bbox 74 1300 1682 1353; baseline 0.004 -16"><span class='ocrx_word' id='word_1_191' title='bbox 74 1304 159 1337; x_wconf 82' lang='lat' dir='ltr'>&#39;tura</span> <span class='ocrx_word' id='word_1_192' title='bbox 187 1301 270 1338; x_wconf 87' lang='lat' dir='ltr'>data</span> <span class='ocrx_word' id='word_1_193' title='bbox 294 1300 414 1343; x_wconf 80' lang='lat' dir='ltr'>abest3</span> <span class='ocrx_word' id='word_1_194' title='bbox 443 1311 505 1340; x_wconf 85' lang='lat' dir='ltr'>aut</span> <span class='ocrx_word' id='word_1_195' title='bbox 533 1300 774 1339; x_wconf 88' lang='lat' dir='ltr'>inveniuntur</span> <span class='ocrx_word' id='word_1_196' title='bbox 805 1302 846 1338; x_wconf 93' lang='lat' dir='ltr'>in</span> <span class='ocrx_word' id='word_1_197' title='bbox 878 1301 998 1353; x_wconf 87' lang='lat' dir='ltr'>aliqua</span> <span class='ocrx_word' id='word_1_198' title='bbox 1031 1302 1201 1340; x_wconf 85' lang='lat' dir='ltr'>instantia</span> <span class='ocrx_word' id='word_1_199' title='bbox 1229 1303 1402 1350; x_wconf 88' lang='lat' dir='ltr'>crescere,</span> <span class='ocrx_word' id='word_1_200' title='bbox 1432 1317 1518 1343; x_wconf 88' lang='lat' dir='ltr'>cum</span> <span class='ocrx_word' id='word_1_201' title='bbox 1552 1316 1682 1345; x_wconf 80' lang='lat' dir='ltr'>natura</span> 
     </span>
     <span class='ocr_line' id='line_1_21' title="bbox 74 1354 1683 1414; baseline 0.004 -22"><span class='ocrx_word' id='word_1_202' title='bbox 74 1355 160 1392; x_wconf 86' lang='lat' dir='ltr'>data</span> <span class='ocrx_word' id='word_1_203' title='bbox 187 1355 402 1397; x_wconf 83' lang='lat' dir='ltr'>decrescat3</span> <span class='ocrx_word' id='word_1_204' title='bbox 432 1366 494 1394; x_wconf 88' lang='lat' dir='ltr'>aut</span> <span class='ocrx_word' id='word_1_205' title='bbox 517 1354 734 1406; x_wconf 71' lang='lat' dir='ltr'>decrescere,</span> <span class='ocrx_word' id='word_1_206' title='bbox 764 1368 851 1394; x_wconf 90' lang='lat' dir='ltr'>cum</span> <span class='ocrx_word' id='word_1_207' title='bbox 884 1367 1017 1394; x_wconf 84' lang='lat' dir='ltr'>natura</span> <span class='ocrx_word' id='word_1_208' title='bbox 1044 1357 1128 1395; x_wconf 88' lang='lat' dir='ltr'>data</span> <span class='ocrx_word' id='word_1_209' title='bbox 1160 1358 1308 1395; x_wconf 86' lang='lat' dir='ltr'>crescat.</span> <span class='ocrx_word' id='word_1_210' title='bbox 1365 1361 1468 1397; x_wconf 87' lang='lat' dir='ltr'>Turn</span> <span class='ocrx_word' id='word_1_211' title='bbox 1489 1373 1580 1397; x_wconf 91' lang='lat' dir='ltr'>vcro</span> <span class='ocrx_word' id='word_1_212' title='bbox 1601 1361 1683 1414; x_wconf 92' lang='lat' dir='ltr'>post</span> 
     </span>
     <span class='ocr_line' id='line_1_22' title="bbox 70 1409 1680 1464; baseline 0.004 -18"><span class='ocrx_word' id='word_1_213' title='bbox 70 1409 316 1454; x_wconf 63' lang='lat' dir='ltr'>&#39;rejectionem</span> <span class='ocrx_word' id='word_1_214' title='bbox 338 1413 374 1448; x_wconf 73' lang='grc' dir='ltr'>ὅ(</span> <span class='ocrx_word' id='word_1_215' title='bbox 393 1409 612 1449; x_wconf 80' lang='lat' dir='ltr'>exclufivam</span> <span class='ocrx_word' id='word_1_216' title='bbox 636 1410 772 1448; x_wconf 86' lang='lat' dir='ltr'>debitis</span> <span class='ocrx_word' id='word_1_217' title='bbox 790 1410 913 1448; x_wconf 88' lang='lat' dir='ltr'>modis</span> <span class='ocrx_word' id='word_1_218' title='bbox 936 1411 1082 1458; x_wconf 61' lang='lat' dir='ltr'>factam,</span> <span class='ocrx_word' id='word_1_219' title='bbox 1111 1411 1274 1450; x_wconf 88' lang='lat' dir='ltr'>secundo</span> <span class='ocrx_word' id='word_1_220' title='bbox 1305 1413 1394 1450; x_wconf 92' lang='lat' dir='ltr'>loco</span> <span class='ocrx_word' id='word_1_221' title='bbox 1426 1414 1617 1464; x_wconf 84' lang='lat' dir='ltr'>(tanquam</span> <span class='ocrx_word' id='word_1_222' title='bbox 1639 1418 1680 1454; x_wconf 87' lang='lat' dir='ltr'>in</span> 
     </span>
     <span class='ocr_line' id='line_1_23' title="bbox 77 1463 1681 1517; baseline 0.005 -16"><span class='ocrx_word' id='word_1_223' title='bbox 77 1464 213 1513; x_wconf 82' lang='lat' dir='ltr'>fundo)</span> <span class='ocrx_word' id='word_1_224' title='bbox 243 1467 411 1502; x_wconf 85' lang='lat' dir='ltr'>manebit</span> <span class='ocrx_word' id='word_1_225' title='bbox 440 1465 678 1516; x_wconf 86' lang='lat' dir='ltr'>(abeuntibus</span> <span class='ocrx_word' id='word_1_226' title='bbox 707 1463 747 1501; x_wconf 92' lang='lat' dir='ltr'>in</span> <span class='ocrx_word' id='word_1_227' title='bbox 780 1466 930 1503; x_wconf 89' lang='lat' dir='ltr'>fumum</span> <span class='ocrx_word' id='word_1_228' title='bbox 953 1465 1196 1516; x_wconf 85' lang='lat' dir='ltr'>opinionibus</span> <span class='ocrx_word' id='word_1_229' title='bbox 1228 1466 1450 1517; x_wconf 81' lang='lat' dir='ltr'>volatilibus)</span> <span class='ocrx_word' id='word_1_230' title='bbox 1479 1470 1603 1508; x_wconf 80' lang='lat' dir='ltr'>forma</span> <span class='ocrx_word' id='word_1_231' title='bbox 1632 1472 1681 1509; x_wconf 86' lang='lat' dir='ltr'>as-</span> 
     </span>
     <span class='ocr_line' id='line_1_24' title="bbox 71 1519 1680 1573; baseline 0.004 -17"><span class='ocrx_word' id='word_1_232' title='bbox 71 1519 263 1567; x_wconf 70' lang='lat' dir='ltr'>firmatim,</span> <span class='ocrx_word' id='word_1_233' title='bbox 294 1519 409 1557; x_wconf 92' lang='lat' dir='ltr'>solida</span> <span class='ocrx_word' id='word_1_234' title='bbox 435 1523 471 1557; x_wconf 71' lang='grc' dir='ltr'>ὅ(</span> <span class='ocrx_word' id='word_1_235' title='bbox 492 1533 576 1559; x_wconf 88' lang='lat' dir='ltr'>vera</span> <span class='ocrx_word' id='word_1_236' title='bbox 606 1522 643 1557; x_wconf 68' lang='grc' dir='ltr'>ὅ(</span> <span class='ocrx_word' id='word_1_237' title='bbox 678 1521 773 1558; x_wconf 89' lang='lat' dir='ltr'>bene</span> <span class='ocrx_word' id='word_1_238' title='bbox 809 1523 1018 1559; x_wconf 87' lang='lat' dir='ltr'>terminata.</span> <span class='ocrx_word' id='word_1_239' title='bbox 1074 1522 1205 1570; x_wconf 91' lang='lat' dir='ltr'>Atque</span> <span class='ocrx_word' id='word_1_240' title='bbox 1238 1522 1312 1559; x_wconf 91' lang='lat' dir='ltr'>hoc</span> <span class='ocrx_word' id='word_1_241' title='bbox 1340 1523 1450 1561; x_wconf 85' lang='lat' dir='ltr'>breve</span> <span class='ocrx_word' id='word_1_242' title='bbox 1490 1525 1591 1562; x_wconf 70' lang='lat' dir='ltr'>dictu</span> <span class='ocrx_word' id='word_1_243' title='bbox 1618 1526 1680 1573; x_wconf 89' lang='lat' dir='ltr'>cst,</span> 
     </span>
     <span class='ocr_line' id='line_1_25' title="bbox 72 1573 1679 1628; baseline 0.004 -17"><span class='ocrx_word' id='word_1_244' title='bbox 72 1573 133 1612; x_wconf 86' lang='lat' dir='ltr'>sed</span> <span class='ocrx_word' id='word_1_245' title='bbox 160 1587 226 1626; x_wconf 88' lang='lat' dir='ltr'>per</span> <span class='ocrx_word' id='word_1_246' title='bbox 258 1576 393 1612; x_wconf 84' lang='lat' dir='ltr'>multas</span> <span class='ocrx_word' id='word_1_247' title='bbox 429 1577 603 1624; x_wconf 77' lang='lat' dir='ltr'>ambages</span> <span class='ocrx_word' id='word_1_248' title='bbox 626 1575 671 1612; x_wconf 85' lang='lat' dir='ltr'>ad</span> <span class='ocrx_word' id='word_1_249' title='bbox 696 1575 771 1613; x_wconf 90' lang='lat' dir='ltr'>hoc</span> <span class='ocrx_word' id='word_1_250' title='bbox 789 1577 1016 1628; x_wconf 84' lang='lat' dir='ltr'>pervenitur.</span> <span class='ocrx_word' id='word_1_251' title='bbox 1074 1579 1161 1616; x_wconf 86' lang='lat' dir='ltr'>Nos</span> <span class='ocrx_word' id='word_1_252' title='bbox 1183 1587 1308 1615; x_wconf 84' lang='lat' dir='ltr'>autem</span> <span class='ocrx_word' id='word_1_253' title='bbox 1333 1577 1430 1615; x_wconf 90' lang='lat' dir='ltr'>nihil</span> <span class='ocrx_word' id='word_1_254' title='bbox 1458 1579 1603 1617; x_wconf 76' lang='lat' dir='ltr'>fortass&#39;e</span> <span class='ocrx_word' id='word_1_255' title='bbox 1631 1581 1679 1618; x_wconf 83' lang='lat' dir='ltr'>de</span> 
     </span>
     <span class='ocr_line' id='line_1_26' title="bbox 73 1628 973 1680; baseline 0.001 -13"><span class='ocrx_word' id='word_1_256' title='bbox 73 1630 129 1677; x_wconf 80' lang='lat' dir='ltr'>iis,</span> <span class='ocrx_word' id='word_1_257' title='bbox 157 1641 250 1678; x_wconf 82' lang='lat' dir='ltr'>quae</span> <span class='ocrx_word' id='word_1_258' title='bbox 271 1630 316 1667; x_wconf 88' lang='lat' dir='ltr'>ad</span> <span class='ocrx_word' id='word_1_259' title='bbox 345 1630 420 1667; x_wconf 89' lang='lat' dir='ltr'>hoc</span> <span class='ocrx_word' id='word_1_260' title='bbox 441 1630 596 1677; x_wconf 78' lang='lat' dir='ltr'>faciunt,</span> <span class='ocrx_word' id='word_1_261' title='bbox 625 1628 973 1680; x_wconf 82' lang='lat' dir='ltr'>praetermittemus.</span> 
     </span>
    </p>

    <p class='ocr_par' dir='ltr' id='par_1_4' title="bbox 69 1684 1676 1887">
     <span class='ocr_line' id='line_1_27' title="bbox 100 1684 1676 1739; baseline 0.003 -16"><span class='ocrx_word' id='word_1_262' title='bbox 100 1684 242 1723; x_wconf 80' lang='lat' dir='ltr'>‘XVIL</span> <span class='ocrx_word' id='word_1_263' title='bbox 275 1685 569 1724; x_wconf 81' lang='lat' dir='ltr'>CAVENDUM</span> <span class='ocrx_word' id='word_1_264' title='bbox 603 1695 728 1722; x_wconf 86' lang='lat' dir='ltr'>autem</span> <span class='ocrx_word' id='word_1_265' title='bbox 757 1685 817 1731; x_wconf 89' lang='lat' dir='ltr'>est,</span> <span class='ocrx_word' id='word_1_266' title='bbox 849 1687 884 1722; x_wconf 75' lang='grc' dir='ltr'>ὅ(</span> <span class='ocrx_word' id='word_1_267' title='bbox 913 1686 1153 1724; x_wconf 88' lang='lat' dir='ltr'>monendum</span> <span class='ocrx_word' id='word_1_268' title='bbox 1174 1685 1272 1735; x_wconf 83' lang='lat' dir='ltr'>quasi</span> <span class='ocrx_word' id='word_1_269' title='bbox 1299 1698 1493 1739; x_wconf 85' lang='lat' dir='ltr'>perpetuo,</span> <span class='ocrx_word' id='word_1_270' title='bbox 1521 1701 1570 1726; x_wconf 90' lang='lat' dir='ltr'>nc</span> <span class='ocrx_word' id='word_1_271' title='bbox 1588 1702 1676 1727; x_wconf 90' lang='lat' dir='ltr'>cum</span> 
     </span>
     <span class='ocr_line' id='line_1_28' title="bbox 71 1740 1676 1792; baseline 0.004 -16"><span class='ocrx_word' id='word_1_272' title='bbox 71 1749 198 1777; x_wconf 79' lang='lat' dir='ltr'>tantae</span> <span class='ocrx_word' id='word_1_273' title='bbox 221 1749 339 1789; x_wconf 84' lang='lat' dir='ltr'>partes</span> <span class='ocrx_word' id='word_1_274' title='bbox 371 1740 505 1777; x_wconf 88' lang='lat' dir='ltr'>formis</span> <span class='ocrx_word' id='word_1_275' title='bbox 533 1740 732 1778; x_wconf 85' lang='lat' dir='ltr'>videantur</span> <span class='ocrx_word' id='word_1_276' title='bbox 753 1752 774 1778; x_wconf 81' lang='lat' dir='ltr'>a</span> <span class='ocrx_word' id='word_1_277' title='bbox 795 1740 907 1777; x_wconf 86' lang='lat' dir='ltr'>nobis</span> <span class='ocrx_word' id='word_1_278' title='bbox 930 1742 1058 1787; x_wconf 90' lang='lat' dir='ltr'>tribui,</span> <span class='ocrx_word' id='word_1_279' title='bbox 1087 1742 1280 1779; x_wconf 76' lang='lat' dir='ltr'>trahantur</span> <span class='ocrx_word' id='word_1_280' title='bbox 1306 1755 1359 1789; x_wconf 89' lang='lat' dir='ltr'>ea,</span> <span class='ocrx_word' id='word_1_281' title='bbox 1388 1755 1481 1791; x_wconf 91' lang='lat' dir='ltr'>quac</span> <span class='ocrx_word' id='word_1_282' title='bbox 1503 1744 1676 1792; x_wconf 89' lang='lat' dir='ltr'>dicimus,</span> 
     </span>
     <span class='ocr_line' id='line_1_29' title="bbox 70 1793 1675 1847; baseline 0.004 -17"><span class='ocrx_word' id='word_1_283' title='bbox 70 1795 116 1831; x_wconf 82' lang='lat' dir='ltr'>ad</span> <span class='ocrx_word' id='word_1_284' title='bbox 148 1794 288 1832; x_wconf 88' lang='lat' dir='ltr'>formas</span> <span class='ocrx_word' id='word_1_285' title='bbox 314 1807 382 1842; x_wconf 86' lang='lat' dir='ltr'>eas,</span> <span class='ocrx_word' id='word_1_286' title='bbox 411 1796 544 1844; x_wconf 87' lang='lat' dir='ltr'>quibus</span> <span class='ocrx_word' id='word_1_287' title='bbox 577 1793 777 1832; x_wconf 86' lang='lat' dir='ltr'>hominum</span> <span class='ocrx_word' id='word_1_288' title='bbox 807 1797 1149 1846; x_wconf 81' lang='lat' dir='ltr'>contemplationes</span> <span class='ocrx_word' id='word_1_289' title='bbox 1167 1799 1204 1834; x_wconf 66' lang='grc' dir='ltr'>ὃς</span> <span class='ocrx_word' id='word_1_290' title='bbox 1231 1799 1479 1847; x_wconf 85' lang='lat' dir='ltr'>cogitationes</span> <span class='ocrx_word' id='word_1_291' title='bbox 1503 1799 1675 1838; x_wconf 60' lang='lat' dir='ltr'>haetenus</span> 
     </span>
     <span class='ocr_line' id='line_1_30' title="bbox 69 1849 312 1887; baseline 0.008 -2"><span class='ocrx_word' id='word_1_292' title='bbox 69 1849 312 1887; x_wconf 78' lang='lat' dir='ltr'>assueverunt.</span> 
     </span>
    </p>

    <p class='ocr_par' dir='ltr' id='par_1_5' title="bbox 66 1903 1674 2226">
     <span class='ocr_line' id='line_1_31' title="bbox 122 1903 1673 1957; baseline 0.003 -15"><span class='ocrx_word' id='word_1_293' title='bbox 122 1905 189 1942; x_wconf 85' lang='lat' dir='ltr'>PR</span> <span class='ocrx_word' id='word_1_294' title='bbox 202 1915 295 1941; x_wconf 88' lang='lat' dir='ltr'>1Mo</span> <span class='ocrx_word' id='word_1_295' title='bbox 329 1906 433 1941; x_wconf 88' lang='lat' dir='ltr'>enim</span> <span class='ocrx_word' id='word_1_296' title='bbox 470 1904 516 1942; x_wconf 92' lang='lat' dir='ltr'>de</span> <span class='ocrx_word' id='word_1_297' title='bbox 543 1903 675 1942; x_wconf 88' lang='lat' dir='ltr'>formis</span> <span class='ocrx_word' id='word_1_298' title='bbox 709 1903 902 1954; x_wconf 89' lang='lat' dir='ltr'>copulatis,</span> <span class='ocrx_word' id='word_1_299' title='bbox 928 1917 1022 1956; x_wconf 89' lang='lat' dir='ltr'>quac</span> <span class='ocrx_word' id='word_1_300' title='bbox 1057 1904 1141 1943; x_wconf 92' lang='lat' dir='ltr'>sunt</span> <span class='ocrx_word' id='word_1_301' title='bbox 1169 1905 1223 1952; x_wconf 87' lang='lat' dir='ltr'>(ut</span> <span class='ocrx_word' id='word_1_302' title='bbox 1250 1905 1425 1957; x_wconf 87' lang='lat' dir='ltr'>diximus)</span> <span class='ocrx_word' id='word_1_303' title='bbox 1456 1918 1673 1947; x_wconf 83' lang='lat' dir='ltr'>naturarum</span> 
     </span>
     <span class='ocr_line' id='line_1_32' title="bbox 70 1955 1672 2010; baseline 0.003 -14"><span class='ocrx_word' id='word_1_304' title='bbox 70 1955 293 2008; x_wconf 77' lang='lat' dir='ltr'>simplicium</span> <span class='ocrx_word' id='word_1_305' title='bbox 320 1957 493 2008; x_wconf 82' lang='lat' dir='ltr'>conjugia</span> <span class='ocrx_word' id='word_1_306' title='bbox 520 1972 562 1996; x_wconf 78' lang='lat' dir='ltr'>cx</span> <span class='ocrx_word' id='word_1_307' title='bbox 594 1958 701 1996; x_wconf 89' lang='lat' dir='ltr'>cursu</span> <span class='ocrx_word' id='word_1_308' title='bbox 731 1958 928 1997; x_wconf 88' lang='lat' dir='ltr'>communi</span> <span class='ocrx_word' id='word_1_309' title='bbox 952 1958 1120 2006; x_wconf 80' lang='lat' dir='ltr'>univerfi‚</span> <span class='ocrx_word' id='word_1_310' title='bbox 1149 1970 1189 1998; x_wconf 91' lang='lat' dir='ltr'>ut</span> <span class='ocrx_word' id='word_1_311' title='bbox 1223 1960 1354 2008; x_wconf 90' lang='lat' dir='ltr'>leonis,</span> <span class='ocrx_word' id='word_1_312' title='bbox 1383 1964 1539 2010; x_wconf 85' lang='lat' dir='ltr'>aquilae,</span> <span class='ocrx_word' id='word_1_313' title='bbox 1567 1964 1672 2002; x_wconf 84' lang='lat' dir='ltr'>rosae</span> 
     </span>
     <span class='ocr_line' id='line_1_33' title="bbox 67 2011 1673 2068; baseline 0.004 -18"><span class='ocrx_word' id='word_1_314' title='bbox 67 2011 147 2052; x_wconf 81' lang='lat' dir='ltr'>anri</span> <span class='ocrx_word' id='word_1_315' title='bbox 167 2015 204 2052; x_wconf 86' lang='lat'>&amp;</span> <span class='ocrx_word' id='word_1_316' title='bbox 234 2013 463 2062; x_wconf 88' lang='lat' dir='ltr'>hujusmodi,</span> <span class='ocrx_word' id='word_1_317' title='bbox 490 2013 833 2064; x_wconf 82' lang='lat' dir='ltr'>impraesentiarum</span> <span class='ocrx_word' id='word_1_318' title='bbox 854 2026 934 2052; x_wconf 86' lang='lat' dir='ltr'>non</span> <span class='ocrx_word' id='word_1_319' title='bbox 950 2016 1157 2064; x_wconf 89' lang='lat' dir='ltr'>loquimur.</span> <span class='ocrx_word' id='word_1_320' title='bbox 1213 2017 1382 2068; x_wconf 84' lang='lat' dir='ltr'>Tempus</span> <span class='ocrx_word' id='word_1_321' title='bbox 1402 2018 1506 2054; x_wconf 85' lang='lat' dir='ltr'>enim</span> <span class='ocrx_word' id='word_1_322' title='bbox 1535 2019 1603 2055; x_wconf 89' lang='lat' dir='ltr'>crit</span> <span class='ocrx_word' id='word_1_323' title='bbox 1625 2019 1673 2057; x_wconf 84' lang='lat' dir='ltr'>de</span> 
     </span>
     <span class='ocr_line' id='line_1_34' title="bbox 69 2064 1674 2118; baseline 0.003 -13"><span class='ocrx_word' id='word_1_324' title='bbox 69 2064 112 2106; x_wconf 70' lang='lat' dir='ltr'>i&#39;is</span> <span class='ocrx_word' id='word_1_325' title='bbox 137 2068 326 2116; x_wconf 60' lang='lat' dir='ltr'>tradiaiidi,</span> <span class='ocrx_word' id='word_1_326' title='bbox 354 2081 442 2107; x_wconf 87' lang='lat' dir='ltr'>cum</span> <span class='ocrx_word' id='word_1_327' title='bbox 469 2079 625 2107; x_wconf 89' lang='lat' dir='ltr'>ventum</span> <span class='ocrx_word' id='word_1_328' title='bbox 650 2068 763 2105; x_wconf 87' lang='lat' dir='ltr'>fuerit</span> <span class='ocrx_word' id='word_1_329' title='bbox 789 2069 835 2106; x_wconf 92' lang='lat' dir='ltr'>ad</span> <span class='ocrx_word' id='word_1_330' title='bbox 858 2070 1015 2106; x_wconf 90' lang='lat' dir='ltr'>latentes</span> <span class='ocrx_word' id='word_1_331' title='bbox 1040 2070 1223 2118; x_wconf 75' lang='lat' dir='ltr'>processus</span> <span class='ocrx_word' id='word_1_332' title='bbox 1257 2073 1294 2108; x_wconf 72' lang='grc' dir='ltr'>ὅ(</span> <span class='ocrx_word' id='word_1_333' title='bbox 1329 2072 1485 2108; x_wconf 78' lang='lat' dir='ltr'>latentes</span> <span class='ocrx_word' id='word_1_334' title='bbox 1515 2071 1674 2110; x_wconf 82' lang='lat' dir='ltr'>schcma-</span> 
     </span>
     <span class='ocr_line' id='line_1_35' title="bbox 66 2122 1674 2176; baseline 0.004 -16"><span class='ocrx_word' id='word_1_335' title='bbox 66 2122 208 2170; x_wconf 89' lang='lat' dir='ltr'>tismos,</span> <span class='ocrx_word' id='word_1_336' title='bbox 237 2136 447 2173; x_wconf 89' lang='lat' dir='ltr'>eorumque</span> <span class='ocrx_word' id='word_1_337' title='bbox 468 2125 743 2171; x_wconf 87' lang='lat' dir='ltr'>inventionem,</span> <span class='ocrx_word' id='word_1_338' title='bbox 773 2134 885 2174; x_wconf 87' lang='lat' dir='ltr'>prout</span> <span class='ocrx_word' id='word_1_339' title='bbox 912 2123 1146 2174; x_wconf 85' lang='lat' dir='ltr'>reperiuntur</span> <span class='ocrx_word' id='word_1_340' title='bbox 1173 2127 1215 2162; x_wconf 87' lang='lat' dir='ltr'>in</span> <span class='ocrx_word' id='word_1_341' title='bbox 1251 2125 1455 2163; x_wconf 88' lang='lat' dir='ltr'>substantiis</span> <span class='ocrx_word' id='word_1_342' title='bbox 1480 2126 1582 2176; x_wconf 89' lang='lat' dir='ltr'>(quas</span> <span class='ocrx_word' id='word_1_343' title='bbox 1609 2139 1674 2166; x_wconf 88' lang='lat' dir='ltr'>vo-</span> 
     </span>
     <span class='ocr_line' id='line_1_36' title="bbox 67 2177 632 2226; baseline 0 -11"><span class='ocrx_word' id='word_1_344' title='bbox 67 2180 165 2226; x_wconf 92' lang='lat' dir='ltr'>cant)</span> <span class='ocrx_word' id='word_1_345' title='bbox 189 2179 250 2216; x_wconf 88' lang='lat' dir='ltr'>seu</span> <span class='ocrx_word' id='word_1_346' title='bbox 275 2178 412 2216; x_wconf 88' lang='lat' dir='ltr'>naturis</span> <span class='ocrx_word' id='word_1_347' title='bbox 437 2177 632 2217; x_wconf 84' lang='lat' dir='ltr'>concretis.</span> 
     </span>
    </p>

    <p class='ocr_par' dir='ltr' id='par_1_6' title="bbox 62 2233 1672 2558">
     <span class='ocr_line' id='line_1_37' title="bbox 121 2233 1672 2284; baseline 0.003 -13"><span class='ocrx_word' id='word_1_348' title='bbox 121 2235 321 2272; x_wconf 80' lang='lat' dir='ltr'>RURSUS</span> <span class='ocrx_word' id='word_1_349' title='bbox 341 2246 431 2271; x_wconf 87' lang='lat' dir='ltr'>vero</span> <span class='ocrx_word' id='word_1_350' title='bbox 447 2245 527 2270; x_wconf 89' lang='lat' dir='ltr'>non</span> <span class='ocrx_word' id='word_1_351' title='bbox 548 2233 803 2282; x_wconf 81' lang='lat' dir='ltr'>intelligantur</span> <span class='ocrx_word' id='word_1_352' title='bbox 819 2246 871 2280; x_wconf 87' lang='lat' dir='ltr'>ea,</span> <span class='ocrx_word' id='word_1_353' title='bbox 888 2246 980 2282; x_wconf 81' lang='lat' dir='ltr'>quac</span> <span class='ocrx_word' id='word_1_354' title='bbox 995 2233 1151 2271; x_wconf 78' lang='lat' dir='ltr'>dicimus</span> <span class='ocrx_word' id='word_1_355' title='bbox 1164 2233 1294 2284; x_wconf 80' lang='lat' dir='ltr'>(ctiam</span> <span class='ocrx_word' id='word_1_356' title='bbox 1309 2246 1489 2283; x_wconf 87' lang='lat' dir='ltr'>quatenus</span> <span class='ocrx_word' id='word_1_357' title='bbox 1509 2237 1552 2274; x_wconf 88' lang='lat' dir='ltr'>ad</span> <span class='ocrx_word' id='word_1_358' title='bbox 1567 2248 1672 2276; x_wconf 85' lang='lat' dir='ltr'>natu-</span> 
     </span>
     <span class='ocr_line' id='line_1_38' title="bbox 67 2285 1669 2338; baseline 0.005 -15"><span class='ocrx_word' id='word_1_359' title='bbox 67 2286 122 2323; x_wconf 79' lang='lat' dir='ltr'>ras</span> <span class='ocrx_word' id='word_1_360' title='bbox 130 2285 323 2338; x_wconf 75' lang='lat' dir='ltr'>simplices)</span> <span class='ocrx_word' id='word_1_361' title='bbox 339 2288 385 2325; x_wconf 89' lang='lat' dir='ltr'>de</span> <span class='ocrx_word' id='word_1_362' title='bbox 400 2288 533 2326; x_wconf 84' lang='lat' dir='ltr'>formis</span> <span class='ocrx_word' id='word_1_363' title='bbox 546 2290 582 2325; x_wconf 67' lang='grc' dir='ltr'>ὃς</span> <span class='ocrx_word' id='word_1_364' title='bbox 601 2288 692 2324; x_wconf 87' lang='lat' dir='ltr'>ideis</span> <span class='ocrx_word' id='word_1_365' title='bbox 709 2288 901 2333; x_wconf 58' lang='lat' dir='ltr'>absimilis,</span> <span class='ocrx_word' id='word_1_366' title='bbox 918 2299 979 2325; x_wconf 84' lang='lat' dir='ltr'>aut</span> <span class='ocrx_word' id='word_1_367' title='bbox 997 2290 1035 2326; x_wconf 88' lang='lat' dir='ltr'>in</span> <span class='ocrx_word' id='word_1_368' title='bbox 1056 2291 1207 2326; x_wconf 78' lang='lat' dir='ltr'>materia</span> <span class='ocrx_word' id='word_1_369' title='bbox 1222 2302 1303 2326; x_wconf 92' lang='lat' dir='ltr'>non</span> <span class='ocrx_word' id='word_1_370' title='bbox 1319 2290 1589 2338; x_wconf 81' lang='lat' dir='ltr'>determinatis,</span> <span class='ocrx_word' id='word_1_371' title='bbox 1605 2303 1669 2331; x_wconf 87' lang='lat' dir='ltr'>aut</span> 
     </span>
     <span class='ocr_line' id='line_1_39' title="bbox 64 2343 1665 2396; baseline 0.004 -17"><span class='ocrx_word' id='word_1_372' title='bbox 64 2344 162 2380; x_wconf 86' lang='lat' dir='ltr'>male</span> <span class='ocrx_word' id='word_1_373' title='bbox 176 2343 443 2381; x_wconf 86' lang='lat' dir='ltr'>determinatis.</span> <span class='ocrx_word' id='word_1_374' title='bbox 473 2345 558 2381; x_wconf 88' lang='lat' dir='ltr'>Nos</span> <span class='ocrx_word' id='word_1_375' title='bbox 569 2345 672 2380; x_wconf 90' lang='lat' dir='ltr'>enim</span> <span class='ocrx_word' id='word_1_376' title='bbox 680 2355 799 2391; x_wconf 87' lang='lat' dir='ltr'>quum</span> <span class='ocrx_word' id='word_1_377' title='bbox 809 2344 854 2379; x_wconf 82' lang='lat' dir='ltr'>dc</span> <span class='ocrx_word' id='word_1_378' title='bbox 865 2343 997 2380; x_wconf 84' lang='lat' dir='ltr'>formis</span> <span class='ocrx_word' id='word_1_379' title='bbox 1010 2345 1216 2392; x_wconf 85' lang='lat' dir='ltr'>loquimur,</span> <span class='ocrx_word' id='word_1_380' title='bbox 1226 2345 1282 2381; x_wconf 91' lang='lat' dir='ltr'>nil</span> <span class='ocrx_word' id='word_1_381' title='bbox 1293 2345 1392 2382; x_wconf 85' lang='lat' dir='ltr'>aliud</span> <span class='ocrx_word' id='word_1_382' title='bbox 1403 2347 1665 2396; x_wconf 78' lang='lat' dir='ltr'>intelligimus,</span> 
     </span>
     <span class='ocr_line' id='line_1_40' title="bbox 67 2398 1666 2452; baseline 0.002 -19"><span class='ocrx_word' id='word_1_383' title='bbox 67 2409 180 2444; x_wconf 88' lang='lat' dir='ltr'>quam</span> <span class='ocrx_word' id='word_1_384' title='bbox 201 2398 299 2447; x_wconf 83' lang='lat' dir='ltr'>leges</span> <span class='ocrx_word' id='word_1_385' title='bbox 319 2399 399 2435; x_wconf 86' lang='lat' dir='ltr'>illas</span> <span class='ocrx_word' id='word_1_386' title='bbox 414 2398 797 2436; x_wconf 82' lang='lat' dir='ltr'>&amp;determinationes</span> <span class='ocrx_word' id='word_1_387' title='bbox 811 2399 909 2435; x_wconf 59' lang='lat' dir='ltr'>actus</span> <span class='ocrx_word' id='word_1_388' title='bbox 924 2400 1040 2447; x_wconf 81' lang='lat' dir='ltr'>pueri,</span> <span class='ocrx_word' id='word_1_389' title='bbox 1056 2410 1149 2447; x_wconf 86' lang='lat' dir='ltr'>quae</span> <span class='ocrx_word' id='word_1_390' title='bbox 1161 2409 1333 2436; x_wconf 85' lang='lat' dir='ltr'>naturam</span> <span class='ocrx_word' id='word_1_391' title='bbox 1352 2401 1514 2451; x_wconf 83' lang='lat' dir='ltr'>aliquam</span> <span class='ocrx_word' id='word_1_392' title='bbox 1530 2400 1666 2452; x_wconf 77' lang='lat' dir='ltr'>fimpli-</span> 
     </span>
     <span class='ocr_line' id='line_1_41' title="bbox 62 2453 1666 2505; baseline 0.004 -17"><span class='ocrx_word' id='word_1_393' title='bbox 62 2462 146 2488; x_wconf 88' lang='lat' dir='ltr'>cem</span> <span class='ocrx_word' id='word_1_394' title='bbox 167 2453 344 2490; x_wconf 84' lang='lat' dir='ltr'>ordinant</span> <span class='ocrx_word' id='word_1_395' title='bbox 366 2455 402 2490; x_wconf 74' lang='grc' dir='ltr'>δε</span> <span class='ocrx_word' id='word_1_396' title='bbox 417 2453 646 2490; x_wconf 89' lang='lat' dir='ltr'>constituunt</span> <span class='ocrx_word' id='word_1_397' title='bbox 662 2470 676 2495; x_wconf 90' lang='lat'>‚-</span> <span class='ocrx_word' id='word_1_398' title='bbox 708 2463 750 2490; x_wconf 91' lang='lat' dir='ltr'>ut</span> <span class='ocrx_word' id='word_1_399' title='bbox 771 2454 948 2499; x_wconf 85' lang='lat' dir='ltr'>calorem,</span> <span class='ocrx_word' id='word_1_400' title='bbox 964 2454 1108 2500; x_wconf 86' lang='lat' dir='ltr'>lumen,</span> <span class='ocrx_word' id='word_1_401' title='bbox 1123 2454 1283 2505; x_wconf 88' lang='lat' dir='ltr'>pondus,</span> <span class='ocrx_word' id='word_1_402' title='bbox 1299 2456 1337 2491; x_wconf 91' lang='lat' dir='ltr'>in</span> <span class='ocrx_word' id='word_1_403' title='bbox 1350 2455 1575 2493; x_wconf 88' lang='lat' dir='ltr'>omnimoda</span> <span class='ocrx_word' id='word_1_404' title='bbox 1591 2469 1666 2495; x_wconf 87' lang='lat' dir='ltr'>ma-</span> 
     </span>
     <span class='ocr_line' id='line_1_42' title="bbox 62 2505 1666 2558; baseline 0.004 -15"><span class='ocrx_word' id='word_1_405' title='bbox 62 2505 152 2543; x_wconf 88' lang='lat' dir='ltr'>teria</span> <span class='ocrx_word' id='word_1_406' title='bbox 172 2510 207 2544; x_wconf 86' lang='lat'>&amp;</span> <span class='ocrx_word' id='word_1_407' title='bbox 227 2507 390 2553; x_wconf 61' lang='lat' dir='ltr'>subjeeto</span> <span class='ocrx_word' id='word_1_408' title='bbox 411 2507 644 2558; x_wconf 83' lang='lat' dir='ltr'>susceptibili.</span> <span class='ocrx_word' id='word_1_409' title='bbox 702 2509 829 2558; x_wconf 80' lang='lat' dir='ltr'>Itaque</span> <span class='ocrx_word' id='word_1_410' title='bbox 844 2508 975 2545; x_wconf 83' lang='lat' dir='ltr'>eadem</span> <span class='ocrx_word' id='word_1_411' title='bbox 990 2520 1046 2545; x_wconf 87' lang='lat' dir='ltr'>res</span> <span class='ocrx_word' id='word_1_412' title='bbox 1061 2508 1109 2546; x_wconf 87' lang='lat' dir='ltr'>cst</span> <span class='ocrx_word' id='word_1_413' title='bbox 1129 2509 1252 2546; x_wconf 79' lang='lat' dir='ltr'>forma</span> <span class='ocrx_word' id='word_1_414' title='bbox 1270 2508 1377 2546; x_wconf 82' lang='lat' dir='ltr'>calidi</span> <span class='ocrx_word' id='word_1_415' title='bbox 1393 2520 1454 2546; x_wconf 88' lang='lat' dir='ltr'>aut</span> <span class='ocrx_word' id='word_1_416' title='bbox 1467 2509 1593 2548; x_wconf 84' lang='lat' dir='ltr'>forma</span> <span class='ocrx_word' id='word_1_417' title='bbox 1612 2513 1666 2549; x_wconf 91' lang='lat' dir='ltr'>lu-</span> 
     </span>
    </p>
   </div>
   <div class='ocr_carea' id='block_1_3' title="bbox 62 2560 1679 2619">
    <p class='ocr_par' dir='ltr' id='par_1_7' title="bbox 62 2560 1679 2619">
     <span class='ocr_line' id='line_1_43' title="bbox 62 2560 1679 2619; baseline 0.004 -22"><span class='ocrx_word' id='word_1_418' title='bbox 62 2563 189 2608; x_wconf 86' lang='lat' dir='ltr'>minis,</span> <span class='ocrx_word' id='word_1_419' title='bbox 220 2565 256 2600; x_wconf 85' lang='lat'>&amp;</span> <span class='ocrx_word' id='word_1_420' title='bbox 272 2563 329 2599; x_wconf 88' lang='lat' dir='ltr'>lcx</span> <span class='ocrx_word' id='word_1_421' title='bbox 345 2564 452 2600; x_wconf 87' lang='lat' dir='ltr'>calidi</span> <span class='ocrx_word' id='word_1_422' title='bbox 474 2560 544 2600; x_wconf 82' lang='lat' dir='ltr'>sive</span> <span class='ocrx_word' id='word_1_423' title='bbox 565 2563 620 2600; x_wconf 86' lang='lat' dir='ltr'>lex</span> <span class='ocrx_word' id='word_1_424' title='bbox 646 2561 823 2606; x_wconf 85' lang='lat' dir='ltr'>luminis;</span> <span class='ocrx_word' id='word_1_425' title='bbox 853 2574 978 2611; x_wconf 88' lang='lat' dir='ltr'>neque</span> <span class='ocrx_word' id='word_1_426' title='bbox 997 2575 1087 2600; x_wconf 91' lang='lat' dir='ltr'>vero</span> <span class='ocrx_word' id='word_1_427' title='bbox 1111 2575 1131 2600; x_wconf 90' lang='lat' dir='ltr'>a</span> <span class='ocrx_word' id='word_1_428' title='bbox 1160 2564 1268 2600; x_wconf 88' lang='lat' dir='ltr'>rebus</span> <span class='ocrx_word' id='word_1_429' title='bbox 1283 2562 1362 2613; x_wconf 83' lang='lat' dir='ltr'>ipsis</span> <span class='ocrx_word' id='word_1_430' title='bbox 1385 2565 1421 2601; x_wconf 71' lang='grc' dir='ltr'>ὅ(</span> <span class='ocrx_word' id='word_1_431' title='bbox 1442 2575 1546 2614; x_wconf 85' lang='lat' dir='ltr'>parte</span> <span class='ocrx_word' id='word_1_432' title='bbox 1578 2579 1679 2619; x_wconf 89' lang='lat' dir='ltr'>opc--·</span> 
     </span>
    </p>
   </div>
   <div class='ocr_carea' id='block_1_4' title="bbox 61 2617 1667 2836">
    <p class='ocr_par' dir='ltr' id='par_1_8' title="bbox 61 2617 1667 2836">
     <span class='ocr_line' id='line_1_44' title="bbox 63 2617 1667 2670; baseline 0.002 -17"><span class='ocrx_word' id='word_1_433' title='bbox 63 2617 189 2662; x_wconf 68' lang='lat' dir='ltr'>nitiva,</span> <span class='ocrx_word' id='word_1_434' title='bbox 220 2629 388 2666; x_wconf 86' lang='lat' dir='ltr'>unquam</span> <span class='ocrx_word' id='word_1_435' title='bbox 422 2629 492 2654; x_wconf 89' lang='lat' dir='ltr'>nos</span> <span class='ocrx_word' id='word_1_436' title='bbox 522 2617 759 2656; x_wconf 79' lang='lat' dir='ltr'>abstrahimus</span> <span class='ocrx_word' id='word_1_437' title='bbox 778 2629 839 2654; x_wconf 89' lang='lat' dir='ltr'>aut</span> <span class='ocrx_word' id='word_1_438' title='bbox 866 2618 1084 2655; x_wconf 88' lang='lat' dir='ltr'>recedimus.</span> <span class='ocrx_word' id='word_1_439' title='bbox 1140 2619 1266 2670; x_wconf 75' lang='lat' dir='ltr'>Quare</span> <span class='ocrx_word' id='word_1_440' title='bbox 1294 2631 1380 2656; x_wconf 90' lang='lat' dir='ltr'>cum</span> <span class='ocrx_word' id='word_1_441' title='bbox 1410 2617 1564 2657; x_wconf 87' lang='lat' dir='ltr'>dicimus</span> <span class='ocrx_word' id='word_1_442' title='bbox 1595 2623 1667 2668; x_wconf 85' lang='lat' dir='ltr'>(ex-</span> 
     </span>
     <span class='ocr_line' id='line_1_45' title="bbox 64 2670 1662 2725; baseline 0.004 -18"><span class='ocrx_word' id='word_1_443' title='bbox 64 2673 180 2724; x_wconf 88' lang='lat' dir='ltr'>empli</span> <span class='ocrx_word' id='word_1_444' title='bbox 202 2671 334 2722; x_wconf 83' lang='lat' dir='ltr'>gratia)</span> <span class='ocrx_word' id='word_1_445' title='bbox 371 2674 409 2709; x_wconf 91' lang='lat' dir='ltr'>in</span> <span class='ocrx_word' id='word_1_446' title='bbox 431 2670 671 2721; x_wconf 75' lang='lat' dir='ltr'>inquisitione</span> <span class='ocrx_word' id='word_1_447' title='bbox 699 2672 823 2709; x_wconf 88' lang='lat' dir='ltr'>forme</span> <span class='ocrx_word' id='word_1_448' title='bbox 843 2672 988 2720; x_wconf 85' lang='lat' dir='ltr'>caloris,</span> <span class='ocrx_word' id='word_1_449' title='bbox 1020 2670 1158 2725; x_wconf 75' lang='lat' dir='ltr'>Rejice</span> <span class='ocrx_word' id='word_1_450' title='bbox 1184 2673 1427 2720; x_wconf 81' lang='lat' dir='ltr'>tenuitatem,</span> <span class='ocrx_word' id='word_1_451' title='bbox 1456 2685 1517 2711; x_wconf 85' lang='lat' dir='ltr'>aut</span> <span class='ocrx_word' id='word_1_452' title='bbox 1542 2677 1662 2713; x_wconf 77' lang='lat' dir='ltr'>temti-</span> 
     </span>
     <span class='ocr_line' id='line_1_46' title="bbox 62 2724 1663 2782; baseline 0.003 -19"><span class='ocrx_word' id='word_1_453' title='bbox 62 2726 129 2762; x_wconf 81' lang='lat' dir='ltr'>tds</span> <span class='ocrx_word' id='word_1_454' title='bbox 154 2737 227 2764; x_wconf 84' lang='lat' dir='ltr'>non</span> <span class='ocrx_word' id='word_1_455' title='bbox 260 2724 311 2776; x_wconf 83' lang='lat' dir='ltr'>est</span> <span class='ocrx_word' id='word_1_456' title='bbox 334 2739 383 2764; x_wconf 78' lang='lat' dir='ltr'>ex</span> <span class='ocrx_word' id='word_1_457' title='bbox 395 2724 531 2779; x_wconf 87' lang='lat' dir='ltr'>forma</span> <span class='ocrx_word' id='word_1_458' title='bbox 550 2725 691 2765; x_wconf 77' lang='lat' dir='ltr'>caloris</span> <span class='ocrx_word' id='word_1_459' title='bbox 711 2744 725 2768; x_wconf 72' lang='lat'>5</span> <span class='ocrx_word' id='word_1_460' title='bbox 755 2727 856 2764; x_wconf 85' lang='lat' dir='ltr'>idem</span> <span class='ocrx_word' id='word_1_461' title='bbox 873 2727 921 2764; x_wconf 86' lang='lat' dir='ltr'>est</span> <span class='ocrx_word' id='word_1_462' title='bbox 946 2740 988 2765; x_wconf 85' lang='lat' dir='ltr'>ac</span> <span class='ocrx_word' id='word_1_463' title='bbox 1010 2725 1033 2764; x_wconf 76' lang='lat' dir='ltr'>fi</span> <span class='ocrx_word' id='word_1_464' title='bbox 1057 2726 1233 2772; x_wconf 76' lang='lat' dir='ltr'>dicamus,</span> <span class='ocrx_word' id='word_1_465' title='bbox 1262 2725 1384 2781; x_wconf 88' lang='lat' dir='ltr'>potest</span> <span class='ocrx_word' id='word_1_466' title='bbox 1408 2725 1515 2766; x_wconf 85' lang='lat' dir='ltr'>homo</span> <span class='ocrx_word' id='word_1_467' title='bbox 1531 2729 1663 2782; x_wconf 68' lang='lat' dir='ltr'>fisper-</span> 
     </span>
     <span class='ocr_line' id='line_1_47' title="bbox 61 2777 1662 2836; baseline 0.003 -18"><span class='ocrx_word' id='word_1_468' title='bbox 61 2777 238 2818; x_wconf 81' lang='lat' dir='ltr'>inducere</span> <span class='ocrx_word' id='word_1_469' title='bbox 258 2779 419 2819; x_wconf 79' lang='lat' dir='ltr'>calorem</span> <span class='ocrx_word' id='word_1_470' title='bbox 447 2782 488 2819; x_wconf 79' lang='lat' dir='ltr'>in</span> <span class='ocrx_word' id='word_1_471' title='bbox 520 2790 654 2834; x_wconf 80' lang='lat' dir='ltr'>corpus</span> <span class='ocrx_word' id='word_1_472' title='bbox 677 2779 856 2833; x_wconf 64' lang='lat' dir='ltr'>densttm</span> <span class='ocrx_word' id='word_1_473' title='bbox 884 2790 946 2819; x_wconf 87' lang='lat' dir='ltr'>aut</span> <span class='ocrx_word' id='word_1_474' title='bbox 973 2793 1116 2830; x_wconf 82' lang='lat' dir='ltr'>contra,</span> <span class='ocrx_word' id='word_1_475' title='bbox 1136 2779 1262 2834; x_wconf 67' lang='lat' dir='ltr'>potest</span> <span class='ocrx_word' id='word_1_476' title='bbox 1289 2781 1396 2821; x_wconf 84' lang='lat' dir='ltr'>homo</span> <span class='ocrx_word' id='word_1_477' title='bbox 1415 2781 1569 2836; x_wconf 60' lang='lat' dir='ltr'>azgfhrre</span> <span class='ocrx_word' id='word_1_478' title='bbox 1591 2793 1662 2823; x_wconf 81' lang='lat' dir='ltr'>aut</span> 
     </span>
    </p>
   </div>
   <div class='ocr_carea' id='block_1_5' title="bbox 58 2834 1662 2942">
    <p class='ocr_par' dir='ltr' id='par_1_9' title="bbox 58 2834 1662 2942">
     <span class='ocr_line' id='line_1_48' title="bbox 58 2834 745 2888; baseline -0.001 -15"><span class='ocrx_word' id='word_1_479' title='bbox 58 2847 188 2873; x_wconf 85' lang='lat' dir='ltr'>arcere</span> <span class='ocrx_word' id='word_1_480' title='bbox 211 2834 373 2874; x_wconf 78' lang='lat' dir='ltr'>calorem</span> <span class='ocrx_word' id='word_1_481' title='bbox 397 2849 421 2873; x_wconf 78' lang='lat' dir='ltr'>a</span> <span class='ocrx_word' id='word_1_482' title='bbox 450 2845 599 2888; x_wconf 85' lang='lat' dir='ltr'>corpore</span> <span class='ocrx_word' id='word_1_483' title='bbox 626 2836 745 2874; x_wconf 81' lang='lat' dir='ltr'>tenui.</span> 
     </span>
     <span class='ocr_line' id='line_1_49' title="bbox 96 2889 1662 2942; baseline 0.003 -14"><span class='ocrx_word' id='word_1_484' title='bbox 96 2891 253 2942; x_wconf 75' lang='lat' dir='ltr'>&#39;QUOD</span> <span class='ocrx_word' id='word_1_485' title='bbox 281 2890 305 2929; x_wconf 84' lang='lat' dir='ltr'>fi</span> <span class='ocrx_word' id='word_1_486' title='bbox 334 2893 510 2940; x_wconf 90' lang='lat' dir='ltr'>cuiquam</span> <span class='ocrx_word' id='word_1_487' title='bbox 529 2891 723 2929; x_wconf 86' lang='lat' dir='ltr'>videantur</span> <span class='ocrx_word' id='word_1_488' title='bbox 750 2889 862 2929; x_wconf 84' lang='lat' dir='ltr'>etiam</span> <span class='ocrx_word' id='word_1_489' title='bbox 891 2891 1035 2929; x_wconf 90' lang='lat' dir='ltr'>formae</span> <span class='ocrx_word' id='word_1_490' title='bbox 1069 2891 1210 2929; x_wconf 84' lang='lat' dir='ltr'>nostrae</span> <span class='ocrx_word' id='word_1_491' title='bbox 1236 2892 1370 2931; x_wconf 85' lang='lat' dir='ltr'>habere</span> <span class='ocrx_word' id='word_1_492' title='bbox 1399 2894 1574 2932; x_wconf 85' lang='lat' dir='ltr'>nonnihil</span> <span class='ocrx_word' id='word_1_493' title='bbox 1603 2895 1662 2932; x_wconf 87' lang='lat' dir='ltr'>ab·</span> 
     </span>
    </p>
   </div>
   <div class='ocr_carea' id='block_1_6' title="bbox 59 2941 1663 3150">
    <p class='ocr_par' dir='ltr' id='par_1_10' title="bbox 59 2941 1663 3106">
     <span class='ocr_line' id='line_1_50' title="bbox 59 2941 1663 2997; baseline 0.004 -18"><span class='ocrx_word' id='word_1_494' title='bbox 59 2941 188 2992; x_wconf 72' lang='lat' dir='ltr'>strae‘ti,</span> <span class='ocrx_word' id='word_1_495' title='bbox 216 2947 319 2994; x_wconf 88' lang='lat' dir='ltr'>quod</span> <span class='ocrx_word' id='word_1_496' title='bbox 347 2945 526 2983; x_wconf 87' lang='lat' dir='ltr'>misceant</span> <span class='ocrx_word' id='word_1_497' title='bbox 559 2949 596 2984; x_wconf 71' lang='grc' dir='ltr'>ὅ(</span> <span class='ocrx_word' id='word_1_498' title='bbox 622 2947 855 2997; x_wconf 82' lang='lat' dir='ltr'>conjungant</span> <span class='ocrx_word' id='word_1_499' title='bbox 894 2946 1155 2996; x_wconf 84' lang='lat' dir='ltr'>heterogcnea,</span> <span class='ocrx_word' id='word_1_500' title='bbox 1202 2946 1388 2994; x_wconf 82' lang='lat' dir='ltr'>(videntur</span> <span class='ocrx_word' id='word_1_501' title='bbox 1421 2951 1524 2987; x_wconf 87' lang='lat' dir='ltr'>enim</span> <span class='ocrx_word' id='word_1_502' title='bbox 1559 2951 1663 2986; x_wconf 84' lang='lat' dir='ltr'>valde</span> 
     </span>
     <span class='ocr_line' id='line_1_51' title="bbox 59 2999 1657 3051; baseline 0.003 -16"><span class='ocrx_word' id='word_1_503' title='bbox 59 2999 129 3036; x_wconf 80' lang='lat' dir='ltr'>esse</span> <span class='ocrx_word' id='word_1_504' title='bbox 158 2999 405 3051; x_wconf 86' lang='lat' dir='ltr'>heterogcnca</span> <span class='ocrx_word' id='word_1_505' title='bbox 433 3002 535 3039; x_wconf 88' lang='lat' dir='ltr'>calor</span> <span class='ocrx_word' id='word_1_506' title='bbox 559 3001 771 3039; x_wconf 85' lang='lat' dir='ltr'>coelestium</span> <span class='ocrx_word' id='word_1_507' title='bbox 802 3004 839 3039; x_wconf 88' lang='lat'>&amp;</span> <span class='ocrx_word' id='word_1_508' title='bbox 866 2999 959 3050; x_wconf 79' lang='lat' dir='ltr'>ignis</span> <span class='ocrx_word' id='word_1_509' title='bbox 972 3019 986 3045; x_wconf 83' lang='lat'>‚-</span> <span class='ocrx_word' id='word_1_510' title='bbox 1017 3003 1131 3039; x_wconf 90' lang='lat' dir='ltr'>rubor</span> <span class='ocrx_word' id='word_1_511' title='bbox 1159 3001 1249 3038; x_wconf 78' lang='lat' dir='ltr'>fixus</span> <span class='ocrx_word' id='word_1_512' title='bbox 1272 3004 1311 3040; x_wconf 89' lang='lat' dir='ltr'>in</span> <span class='ocrx_word' id='word_1_513' title='bbox 1335 3004 1427 3051; x_wconf 73' lang='lat' dir='ltr'>rosa,</span> <span class='ocrx_word' id='word_1_514' title='bbox 1457 3015 1519 3041; x_wconf 81' lang='lat' dir='ltr'>aut</span> <span class='ocrx_word' id='word_1_515' title='bbox 1536 3002 1657 3042; x_wconf 77' lang='lat' dir='ltr'>simili-</span> 
     </span>
     <span class='ocr_line' id='line_1_52' title="bbox 63 3054 1657 3106; baseline 0.001 -15"><span class='ocrx_word' id='word_1_516' title='bbox 63 3055 141 3099; x_wconf 84' lang='lat' dir='ltr'>bus,</span> <span class='ocrx_word' id='word_1_517' title='bbox 169 3057 205 3092; x_wconf 87' lang='lat'>&amp;</span> <span class='ocrx_word' id='word_1_518' title='bbox 232 3067 407 3106; x_wconf 81' lang='lat' dir='ltr'>apparens</span> <span class='ocrx_word' id='word_1_519' title='bbox 436 3057 476 3094; x_wconf 88' lang='lat' dir='ltr'>in</span> <span class='ocrx_word' id='word_1_520' title='bbox 504 3054 608 3104; x_wconf 86' lang='lat' dir='ltr'>iride,</span> <span class='ocrx_word' id='word_1_521' title='bbox 637 3066 699 3095; x_wconf 85' lang='lat' dir='ltr'>aut</span> <span class='ocrx_word' id='word_1_522' title='bbox 732 3056 842 3095; x_wconf 82' lang='lat' dir='ltr'>radiis</span> <span class='ocrx_word' id='word_1_523' title='bbox 857 3058 970 3105; x_wconf 87' lang='lat' dir='ltr'>opali,</span> <span class='ocrx_word' id='word_1_524' title='bbox 1000 3067 1061 3095; x_wconf 84' lang='lat' dir='ltr'>aut</span> <span class='ocrx_word' id='word_1_525' title='bbox 1090 3055 1314 3099; x_wconf 69' lang='lat' dir='ltr'>adamantiss</span> <span class='ocrx_word' id='word_1_526' title='bbox 1343 3072 1447 3096; x_wconf 84' lang='lat' dir='ltr'>mors</span> <span class='ocrx_word' id='word_1_527' title='bbox 1477 3071 1518 3095; x_wconf 88' lang='lat' dir='ltr'>cx</span> <span class='ocrx_word' id='word_1_528' title='bbox 1563 3057 1657 3094; x_wconf 84' lang='lat' dir='ltr'>sum-</span> 
     </span>
    </p>

    <p class='ocr_par' dir='ltr' id='par_1_11' title="bbox 111 3109 1654 3150">
     <span class='ocr_line' id='line_1_53' title="bbox 111 3109 1654 3150; baseline 0.001 -2"><span class='ocrx_word' id='word_1_529' title='bbox 111 3109 225 3148; x_wconf 85' lang='lat' dir='ltr'>Vo1..</span> <span class='ocrx_word' id='word_1_530' title='bbox 255 3112 281 3148; x_wconf 90' lang='lat' dir='ltr'>l.</span> <span class='ocrx_word' id='word_1_531' title='bbox 804 3112 856 3148; x_wconf 85' lang='lat' dir='ltr'>Tt</span> <span class='ocrx_word' id='word_1_532' title='bbox 887 3122 905 3148; x_wconf 85' lang='lat'>2</span> <span class='ocrx_word' id='word_1_533' title='bbox 1474 3110 1654 3150; x_wconf 70' lang='lat' dir='ltr'>mersione</span> 
     </span>
    </p>
   </div>
   <div class='ocr_carea' id='block_1_7' title="bbox 1782 229 1877 276">
    <p class='ocr_par' dir='ltr' id='par_1_12' title="bbox 1782 229 1877 276">
     <span class='ocr_line' id='line_1_54' title="bbox 1782 229 1877 276; baseline -0.011 0"><span class='ocrx_word' id='word_1_534' title='bbox 1782 229 1877 276; x_wconf 77' lang='lat'>331</span> 
     </span>
    </p>
   </div>
  </div>
 </body>
</html>
