2040 3439
126 319 259 378 196„

435 313 525 358 DE
562 306 1011 355 AUGMENTIS
1044 302 1586 352 SCIENTIARUM.
1695 302 1941 350 LibVIL*

358 411 601 459 HUJUSCE
628 406 818 455 neglefims
831 403 979 440 causam
996 401 1093 439 haud
1108 402 1219 438 aliam
1234 402 1303 439 effe
1324 414 1422 449 reor,
1449 414 1563 454 quam
1593 403 1775 439 latentem
1803 396 1911 439 illum
1949 408 1952 410 “
1974 419 1979 422 -

310 464 516 516 scopulum,
545 462 591 498 ad
624 473 738 509 quem
767 469 826 496 tot
854 456 1022 495 scientiae
1050 457 1242 494 naviculae
1270 455 1532 508 impingentes,
1576 457 1765 506 naufragia
1798 457 1939 508 pastae*⁶
1978 478 1979 481 =

308 519 414 556 sunt:
451 515 660 561 Nimirum,
688 515 794 563 quod
816 513 1000 550 fastidiant
1026 510 1222 560 scriptores
1241 511 1373 549 versari
1401 512 1567 557 imrebus
1593 511 1748 562 vulgatis
1776 514 1812 548 ὅ(
1840 513 1935 574 ple&

310 571 408 619 beiis,
436 582 531 621 quae
557 582 627 607 nec
656 565 999 606 tatis1subtilesfint
1018 566 1064 603 ad
1093 565 1373 615 disputandum,
1403 565 1574 604 neosatis
1602 567 1756 616 ἰΙΙιτΙζῆςε
1783 566 1829 603 ad
1847 550 1926 628 δὲ

310 627 490 665 nandum.
549 626 645 662 Sane
671 624 768 662 haud
802 622 910 660 facile
945 620 1025 671 quis
1053 620 1173 657 verbis
1198 621 1416 672 assequatur,
1455 631 1634 669 quantam
1663 622 1951 658 calamitatemz·
1985 645 1987 647 ·

310 678 473 719 attulerit
489 680 563 717 hoc
577 679 694 729 ipsum
715 679 819 728 quod
836 676 1014 714 dicimus:
1043 675 1147 724 quod
1163 674 1336 712 homines
1364 677 1532 725 ingenita
1553 675 1719 725 superbia
1740 677 1777 713 ὃς
1796 676 1927 725 gloria*
1987 696 1989 698 ·

311 748 414 781 vana,
449 745 508 771 cas
532 733 1011 778 materias-«trattationum‚
1051 730 1189 779 eosque
1217 731 1360 768 modos
1383 730 1565 768 trastandi
1593 729 1657 768 fibi
1691 731 1937 783 delegerint,
1982 740 1985 741 ⁷

313 802 405 839 quae
421 788 566 837 ingenia
580 789 744 839 ipsorum
766 790 893 840 potius
907 786 1193 832 commendent,
1208 816 1211 819 ,
1227 798 1344 834 quam
1372 783 1919 838 lestolfflnsstizlssssfftibflsjflfet·

314 848 426 884 viant.
487 844 643 896 Optime
672 847 822 891 Seneca,
853 840 985 880 Nocet
1013 838 1096 878 illis
1125 839 1355 893 eloquentia,
1389 837 1525 893 quibus
1555 851 1629 878 non
1663 851 1789 877 rerum
1805 837 1920 892 facit

317 897 570 952 cupiditatem
588 896 762 952 sbdfin‘:
792 898 988 947 Siquidem
1017 895 1146 948 scripta
1169 895 1254 933 talia
1283 896 1352 933 css'e
1380 896 1533 942 debent,
1567 906 1608 932 ut
1633 907 1780 932 amores
1807 895 1920 933 docu-

316 966 537 992 mentorum
565 954 745 1006 ipsorum,
774 965 856 991 non
872 953 1074 990 doctorum
1098 952 1272 989 excitent.
1329 950 1357 988 Ii
1377 949 1489 1001 igitur
1517 951 1617 993 reeta
1641 950 1822 999 incedunt
1850 951 1922 997 via,

319 1009 444 1060 quide
458 1007 617 1047 consiliis
637 1009 706 1046 suis
720 1009 756 1046 id
779 1006 986 1061 praedicare
1005 1002 1159 1058 poffint,
1187 1006 1291 1058 quod
1314 1006 1402 1043 fecit
1418 1005 1702 1052 Demosthenes,
1731 1014 1842 1054 atque
1856 1004 1925 1042 hae

320 1065 479 1102 clausula
494 1077 535 1101 ea
549 1065 788 1110 concludere,
818 1059 1185 1115 Qtaestfecerz'ti5‚
1214 1073 1288 1098 non
1309 1067 1498 1098 oratorem
1522 1058 1722 1098 duntaxat
1748 1060 1791 1098 in
1810 1068 1923 1112 prae—

312 1119 448 1172 fintt'a
463 1116 692 1166 laudabitis,
699 1116 776 1170 sbd
787 1117 934 1170 vosmet
953 1114 1052 1168 ipsos
1080 1116 1214 1163 etiam„
1238 1127 1312 1154 non
1340 1116 1402 1154 ita
1427 1113 1637 1168 multopost
1650 1112 1769 1165 statu
1786 1124 1925 1166 {rerum

325 1171 536 1224 vestrarum
562 1172 723 1212 meliore.
781 1175 865 1222 Ego
893 1182 1004 1218 certe,
1050 1171 1125 1217 (rex
1159 1169 1322 1220 optime)
1362 1181 1402 1208 nt
1431 1172 1477 1208 de
1506 1183 1566 1208 me
1595 1170 1688 1222 ipso,
1731 1171 1835 1219 quod
1866 1182 1924 1207 res

323 1230 382 1274 est,
414 1224 558 1277 loquar,
588 1232 624 1266 &
652 1228 690 1265 in
717 1228 759 1265 iis
788 1241 880 1277 quae
910 1239 1012 1263 nunc
1041 1227 1125 1271 cdo,
1165 1229 1201 1262 δε
1229 1225 1327 1262 iniis
1356 1238 1448 1277 quae
1472 1227 1511 1262 in
1535 1225 1723 1277 posterum
1749 1225 1927 1272 meditor,

325 1283 545 1332 dignitatem
575 1283 716 1332 ingenii
743 1286 780 1319 ὃ(
807 1280 976 1319 nominis
990 1283 1066 1317 mci
1102 1278 1141 1325 (si
1161 1293 1235 1329 qua
1254 1279 1310 1328 fit)
1347 1279 1485 1332 saepius
1510 1280 1623 1317 sciens
1640 1282 1675 1317 &
1695 1281 1827 1317 volens
1845 1287 1956 1331 pro-'¹

325 1340 425 1385 jicio,
463 1339 554 1375 dum
584 1336 797 1375 commodis
822 1335 994 1374 humanis
1024 1334 1237 1372 inserviam:
1276 1337 1426 1387 Quique
1456 1335 1676 1372 architestus
1712 1335 1866 1372 fortasse*
1888 1337 1929 1372 in

327 1393 614 1443 philosophia&
635 1391 795 1430 scientiis
819 1392 887 1429 ess'e
903 1392 1072 1437 debeam,
1103 1392 1217 1427 etiam
1245 1392 1436 1440 operarius
1466 1392 1502 1426 &
1529 1390 1684 1437 baiuluS,
1719 1392 1756 1427 &
1783 1389 1931 1439 quidvis

327 1449 481 1485 demum
497 1448 548 1484 fio
563 1465 576 1489 ,-
607 1460 695 1485 cum
719 1447 815 1484 haud
843 1459 967 1498 pauca,
996 1458 1101 1494 quae,
1119 1447 1284 1483 omnino
1307 1444 1386 1486 fieri
1402 1443 1621 1492 ¹neceffefit,
1649 1443 1712 1482 alii
1725 1454 1852 1482 autem
1878 1446 1933 1483 ob

334 1503 500 1539 innatam
525 1502 733 1554 superbiam
764 1500 1044 1550 subterfugiant,
1082 1500 1158 1550 ipsc
1184 1499 1378 1537 sustineam
1407 1502 1443 1537 ὃς
1476 1512 1643 1548 exequar.
1697 1501 1841 1538 Verum
1871 1499 1931 1551 (ut

329 1558 374 1594 ad
404 1570 484 1594 rem
511 1556 718 1606 redeamus)
752 1557 857 1605 quod
885 1558 1077 1606 coepimus
1105 1554 1238 1602 dicere,
1275 1556 1493 1604 delegerunt
1531 1553 1595 1592 fibi
1638 1554 1853 1607 philosophi
1890 1557 1932 1593 in

332 1612 451 1649 ethica
474 1612 624 1650 maffam
654 1612 844 1660 quandam
873 1609 1046 1648 materiae
1076 1610 1310 1659 splendidam
1333 1613 1369 1647 δε
1398 1612 1598 1656 nitentem,
1627 1611 1668 1648 in
1695 1622 1767 1660 qua
1792 1607 1933 1660 potifli-

333 1679 440 1705 mum
456 1667 515 1703 vel
536 1666 674 1716 ingenii
705 1678 876 1711 acumen,
904 1667 963 1703 vel
979 1666 1218 1714 eloquentiae
1240 1664 1409 1714 vigorem
1431 1665 1621 1702 venditare
1636 1661 1798 1716 pollint:
1827 1667 1936 1718 Quae

334 1734 426 1759 vcro
439 1722 639 1773 practicam
664 1723 827 1758 maxime
842 1720 1034 1768 instruunt,
1062 1720 1372 1772 quandoquidem
1399 1731 1478 1759 tam
1494 1720 1590 1758 belle
1606 1721 1733 1759 ornari
1748 1732 1831 1761 non
1853 1720 1949 1773 pos-¹

336 1775 417 1823 fint,
447 1776 606 1814 maxima
621 1789 662 1813 ex
676 1786 777 1828 parte
792 1775 1014 1813 omiserunt.
1930 1781 1948 1787 ''

390 1834 429 1869 N
442 1843 464 1869 E
479 1844 544 1883 QU
556 1844 579 1868 E
601 1842 729 1869 tamen
743 1831 948 1868 debuerant
963 1832 1032 1868 viri
1055 1842 1132 1868 tam
1148 1830 1273 1868 eximii
1294 1829 1491 1880 desperasse
1506 1830 1553 1868 de
1567 1829 1731 1877 fortuna,
1759 1827 1940 1880 firnil't'ei,

336 1899 449 1935 quam
481 1889 592 1936 po'eta
614 1885 804 1935 Virgilius,
845 1888 882 1922 ὅς
905 1883 970 1923 fibi
999 1885 1180 1935 spondere
1208 1885 1326 1932 ausus,
1366 1888 1402 1922 ὃ(
1432 1897 1556 1923 revera
1582 1885 1836 1934 consequutus
1862 1884 1938 1937 esf-5

335 1940 493 1992 quinon
518 1940 706 1978 minorem
736 1942 985 1989 eloquentiae,
1023 1940 1165 1990 ingenii
1195 1943 1232 1978 &
1255 1940 1489 1987 cruditionis,
1519 1940 1677 1990 gloriam
1707 1940 1858 1990 adeptus
1878 1939 1938 1988 est,

339 1998 378 2033 in
399 1997 619 2045 explicando
643 1995 922 2033 observationes
938 1998 1195 2046 agriculturae,
1223 2008 1338 2045 quam
1360 1996 1525 2033 AEncae
1553 2008 1610 2034 res
1637 1996 1755 2046 gestas,
1774 1995 1951 2051 heroicas„

339 2052 557 2089 enarrando.
615 2051 751 2103 Georg.
769 2051 818 2088 iii.
853 2051 944 2098 289.

552 2124 738 2179 Necsum
752 2126 872 2164 animi
892 2123 1040 2174 dubius,
1070 2124 1201 2164 verbis
1217 2138 1260 2164 ea
1282 2127 1439 2164 vincere
1454 2136 1634 2178 magnum

560 2179 766 2235 Qtamstt,
796 2177 843 2224 όν
857 2179 1028 2234 angustis
1047 2179 1147 2219 hanc
1161 2179 1300 2220 addere
1315 2178 1424 2220 rebus
1444 2178 1634 2233 honorem„

400 2265 434 2302 C
447 2277 508 2302 ER
521 2276 545 2302 T
558 2277 592 2312 E,
621 2263 647 2302 si
664 2265 758 2302 serio
777 2264 994 2302 hominibus
1012 2266 1119 2302 cordi
1148 2263 1189 2302 sit
1213 2278 1294 2303 non
1323 2268 1363 2302 in
1392 2265 1474 2303 otio
1488 2266 1658 2311 scribere,
1687 2277 1781 2313 quae
1795 2276 1860 2315 per
1873 2263 1952 2303 oti·-

346 2333 411 2358 um
433 2321 615 2370 legantur,
644 2320 705 2358 sed
729 2332 851 2357 revera
874 2319 987 2358 vitam
1006 2322 1161 2358 aC‘tivam
1184 2319 1356 2358 instruere
1372 2323 1407 2358 ὅ(
1429 2321 1650 2358 subornare:
1681 2319 1863 2370 Georgica
1883 2321 1950 2358 ista.

346 2374 459 2412 animi
484 2374 638 2413 humani
665 2387 747 2412 non
771 2374 916 2412 minore
944 2374 982 2412 in
1004 2377 1128 2426 pretio
1161 2376 1257 2425 apud
1279 2376 1454 2413 homines
1482 2375 1608 2412 haberi
1629 2376 1801 2422 debeant,
1829 2387 1946 2423 quam

348 2429 515 2467 heroicae
537 2431 621 2468 illae
637 2427 776 2480 effigies
799 2432 956 2478 virtutis,
985 2430 1089 2479 boni,
1119 2433 1155 2469 ὅ(
1170 2430 1366 2478 felicitatis,
1395 2430 1435 2468 in
1449 2431 1583 2480 quibus
1611 2441 1689 2467 tam
1713 2429 1872 2482 operose
1895 2431 1947 2469 est

350 2483 572 2522 insudatum.

405 2541 430 2575 P
445 2551 509 2576 AR
523 2552 546 2576 T
561 2552 574 2577 1
588 2552 610 2577 E
623 2551 735 2578 MUR
759 2541 874 2589 igitur
895 2540 1053 2578 ethicam
1081 2543 1122 2578 in
1145 2541 1332 2578 do&riiias
1354 2540 1570 2592 principales
1591 2540 1700 2580 duas;
1729 2541 1885 2577 alteram
1897 2540 1951 2578 de

353 2593 550 2642 exemplari
572 2593 642 2632 live
671 2597 833 2644 imagine
863 2596 976 2639 boni;
1005 2597 1158 2632 alteram
1187 2596 1233 2632 de
1257 2597 1441 2645 regimine
1462 2598 1498 2632 &
1517 2596 1661 2633 cultura
1674 2596 1806 2642 animi,
1833 2607 1948 2646 quam

355 2649 467 2684 etiam
483 2658 622 2697 partem
651 2649 821 2699 georgica
846 2649 961 2687 animi
989 2651 1170 2702 appellare
1190 2649 1467 2688 consuevimus:
1497 2651 1565 2686 Illa
1579 2661 1749 2687 naturam
1765 2650 1862 2687 boni·
1886 2650 1951 2688 dess

357 2700 487 2748 scribit,
520 2703 605 2739 hacc
624 2707 764 2754 regulas
779 2705 825 2741 de
834 2705 964 2742 animo
978 2707 1023 2743 ad
1038 2704 1139 2743 illam
1153 2705 1435 2742 conformando
1449 2704 1674 2757 praescribit.

412 2758 697 2795 DOCTRINA
724 2761 770 2797 de
794 2759 989 2812 exemplari
1018 2759 1129 2810 (quae
1164 2760 1255 2798 boni
1287 2771 1460 2798 naturam
1492 2762 1660 2798 intuetur
1689 2761 1727 2797 &
1759 2758 1950 2812 describit)

359 2811 505 2848 bonum
534 2810 749 2859 considerat,
790 2825 852 2852 aut
882 2813 1043 2867 simplex,
1083 2826 1145 2853 aut
1184 2825 1470 2866 comparatum3
1505 2825 1567 2852 aut
1597 2826 1729 2865 genera
1763 2815 1950 2863 (inquam)

361 2867 465 2912 boni,
507 2876 567 2902 aut
601 2868 743 2915 gradus.
801 2870 843 2905 In
879 2871 1081 2922 posteriore
1117 2870 1265 2913 horum,
1305 2869 1572 2920 disputationes
1598 2870 1676 2907 illas
1697 2868 1870 2917 infinitas,
1912 2871 1953 2908 &

360 2921 624 2971 speculationes
650 2923 744 2958 cirea
770 2923 860 2960 boni
886 2925 1102 2975 supremum
1130 2925 1299 2975 gradum,
1341 2938 1456 2974 quem
1487 2925 1718 2972 felicitatem,
1754 2923 1950 2963 beatitudi-

361 2988 460 3021 nem,
490 2975 679 3012 summum
709 2977 852 3014 bonnm
880 2979 1102 3027 vocitarunt,
1133 2980 1244 3030 (quae
1274 2979 1428 3018 ethnicis
1454 2978 1562 3017 instar
1593 2978 1807 3029 theologiae
1831 2981 1953 3028 erant)

364 3028 569 3067 Christiana
590 3031 740 3067 tandem
764 3031 852 3068 fides
872 3033 1008 3072 sustulit
1032 3038 1068 3072 δε
1096 3035 1215 3073 miss'as
1237 3036 1336 3073 fecit.
1393 3034 1728 3087 Qemadmodum
1753 3036 1857 3072 enim
1870 3033 1954 3072 Ari—

362 3086 498 3123 stotelis
513 3085 575 3130 ait,
604 3082 986 3139 Adolcfi·entequffe
1004 3090 1123 3127 etiam
1137 3087 1268 3127 beatos
1290 3088 1371 3141 effi’,
1390 3087 1468 3142 fid
1483 3101 1558 3127 non
1583 3087 1701 3128 aliter
1724 3101 1838 3142 quam
1850 3087 1951 3142 spei}

362 3140 499 3179 codem
521 3140 655 3188 modO,
681 3153 702 3178 a
731 3139 938 3182 Christiana
964 3143 1037 3182 fide
1056 3145 1192 3192 alodi,
1226 3146 1404 3184 debemus
1433 3157 1504 3184 nos
1530 3156 1666 3185 omnes
1687 3144 1884 3181 minorum
1909 3146 1965 3181 δι’

1673 3198 1954 3238 adolescentum
