2040 3439
95 223 287 291 ituit.
519 241 818 286 NOVUM
889 222 1317 289 ouG'A'NUM

87 329 219 371 -i‘n'effe
241 331 280 369 in
307 331 395 368 dato
410 341 598 368 contento
612 329 689 369 auri
714 332 829 368 talem
857 333 1179 370 coacervationem
1196 333 1382 382 materiae,
1411 330 1450 371 ut
1468 345 1561 384 opus
1577 334 1709 374 habeat

89 387 253 439 vspiritus
277 385 356 425 vini
382 385 429 422 ad
457 387 529 423 tale
558 396 745 435 quantum
774 389 948 424 materiae
967 390 1215 438 aequandum,
1244 389 1362 440 spatio
1389 391 1500 436 vicies
1529 392 1566 428 δε
1598 390 1711 428 semel

102 443 258 490 majore,
284 453 395 492 quam
413 442 544 491 implet
567 453 722 482 aurum3
752 454 833 479 non
864 444 1050 479 erraverit.

160 498 541 535 CoACERVATIO
568 505 692 532 autem
728 496 913 544 materiae,
943 500 980 535 ὃ(
1012 499 1174 535 rationes
1189 500 1265 545 ejus
1281 498 1518 538 deducuntur
1543 501 1587 538 ad
1606 499 1708 538 sensi-

101 552 182 592 bile
198 562 266 605 per
288 551 448 601 pondus.
505 550 658 588 Pondus
672 552 777 587 enim
794 551 993 604 respondet
1009 552 1135 605 copiae
1159 552 1344 601 materiae,
1371 556 1495 603 quoad
1518 566 1636 606 partes
1656 559 1708 599 rei

92 605 312 662 ‚tangibilim
342 605 485 655 spiritus
499 616 638 653 autem,
668 607 703 642 ὅ(
721 606 798 650 ejus
813 617 996 655 quantum
1015 619 1056 644 ex
1073 610 1259 655 materiae,
1290 621 1369 647 non
1386 610 1489 647 venit
1507 610 1543 648 in
1555 623 1710 663 eompu-

103 661 287 700 tationem
307 673 371 711 pcr
390 661 558 710 pondus5
587 662 683 698 levat
705 659 808 697 euim
832 663 980 711 pondus
1005 662 1130 711 potius
1153 675 1267 712 quam
1296 675 1432 714 gravat.
1488 665 1544 703 At
1559 678 1630 703 nos
1645 667 1710 704 hu-

104 717 162 764 jus
179 715 231 754 rei
254 717 421 753 tabulam
444 714 601 753 fecimus
621 714 705 753 satis
729 726 960 758 accuratam3
990 719 1029 754 in
1059 730 1131 766 qua
1159 718 1327 768 pondera
1343 721 1379 756 &
1409 719 1521 769 spatia
1549 719 1711 771 singulo-

96 782 191 810 v'rum
213 772 472 817 metallorum,
517 772 682 820 lapidum
702 773 1004 823 praecipuorum,
1047 771 1251 822 lignorum,
1280 775 1487 823 liquorum,
1519 777 1710 824 oleorum,

104 829 145 864 &
167 827 424 884 plurimorum
439 826 603 863 aliorum
629 838 846 877 corporum,
876 836 954 863 tam
969 826 1194 865 naturaIIum
1220 837 1335 876 quam
1364 829 1625 877 artificialium,
1654 844 1710 868 ex-

99 883 293 932 ‘cepimusz
322 883 422 919 Rem
452 879 737 933 polychrestam,
767 890 845 917 tam
872 881 916 917 ad
941 882 1065 918 lucem
1095 882 1389 930 informationis,
1419 896 1532 932 quam
1554 886 1597 922 ad
1625 898 1711 922 nor-

107 934 211 974 mam
226 937 476 986 operationis;
505 938 541 972 δε
567 947 661 986 quae
690 936 827 972 multas
846 947 903 972 res
926 938 1065 973 revelet
1094 939 1260 974 omnino
1288 949 1432 988 praeter
1466 940 1708 989 expediatum.

105 990 245 1040 Neque
273 990 368 1028 illud
393 1003 464 1042 pro
491 991 658 1027 minimo
688 990 905 1027 habendum
931 991 992 1038 est,
1022 992 1126 1039 quod
1150 991 1380 1030 demonstret
1414 1005 1572 1031 omnem
1598 997 1711 1032 varic-

93 1056 236 1099 ·tatem,
263 1057 357 1098 quac
383 1044 422 1082 in
452 1046 674 1097 corporibus
696 1043 934 1095 tangibilibus
962 1046 1073 1083 nobis
1103 1048 1204 1083 notis
1238 1048 1414 1095 versatur,
1445 1049 1712 1099 (intelligimus

107 1111 233 1140 autem
258 1113 416 1152 corpora
439 1101 533 1138 benc
554 1101 670 1146 uuita,
699 1113 769 1138 nec
790 1101 898 1151 plane
921 1101 1129 1151 spongiosi,
1160 1103 1196 1139 δε
1221 1114 1305 1139 cava
1332 1106 1367 1139 ὃ(
1389 1115 1523 1153 magna
1549 1117 1591 1141 ex
1608 1116 1711 1153 parte

108 1152 189 1195 aere
204 1154 374 1208 impleta)
406 1167 487 1192 non
498 1157 593 1193 ultra
608 1157 771 1192 rationes
785 1157 946 1205 partium
964 1158 1098 1206 viginti
1116 1159 1150 1193 ὃ(
1167 1159 1275 1194 unius
1291 1160 1482 1195 excedere:
1514 1170 1591 1196 ram
1607 1159 1711 1198 finita

101 1211 226 1260 sciliet
253 1211 302 1248 est
322 1221 466 1258 natura,
495 1221 557 1248 aut
585 1209 714 1247 saltem
732 1209 794 1247 illa
822 1222 901 1260 pars
929 1211 1017 1259 ejus,
1047 1212 1156 1258 cujus
1183 1211 1266 1249 usus
1285 1213 1328 1249 ad
1346 1225 1416 1250 nos
1434 1216 1597 1252 maxime
1630 1226 1710 1265 per-

110 1269 222 1305 tinct.
815 1313 819 1316 η
1633 1270 1635 1272 ’

110 1354 114 1356 .
164 1323 341 1359 ΕΤΙΑΜ
378 1319 590 1372 diligentiae
619 1318 762 1358 nostrae
791 1321 859 1358 effe
892 1323 1100 1370 putavimus
1134 1320 1303 1373 experiri,
1333 1320 1358 1358 fi
1391 1323 1490 1361 forte
1515 1325 1595 1374 capi
1627 1322 1711 1375 pos-

110 1373 181 1414 sint
211 1378 373 1413 rationes
402 1387 606 1426 corporum
632 1374 965 1425 non-tangibilium
981 1375 1051 1414 sive
1065 1378 1406 1426 pneumaticorum,
1436 1377 1600 1430 respesiu
1625 1391 1713 1416 cor-

110 1442 251 1482 porum
284 1431 532 1479 tangibilium.
589 1431 629 1468 Id
654 1431 757 1478 quod
780 1431 846 1467 tali
875 1431 1081 1468 molitione
1114 1428 1269 1481 aggressi
1287 1431 1420 1469 sumus.
1479 1433 1644 1471 Phialam
1662 1433 1712 1471 vi-

111 1497 231 1525 tream
258 1485 476 1536 accepimus,
505 1497 599 1533 quae
628 1486 779 1522 unciam
803 1485 949 1522 fortasse
971 1498 1086 1523 unam
1113 1498 1242 1538 capere
1267 1483 1397 1539 possit:
1427 1489 1603 1537 parvitate
1626 1486 1713 1525 vasis

111 1536 176 1586 usi,
204 1551 246 1578 ut
272 1542 414 1577 minori
439 1552 527 1577 cum
556 1541 680 1577 calore
703 1540 820 1592 poss'ct
844 1540 925 1578 fieri
954 1540 1165 1591 evaporatio
1193 1540 1360 1590 sequens.
1416 1544 1522 1580 Hanc
1550 1543 1714 1592 phialam

112 1595 241 1648 spiritu
263 1593 338 1632 vini
368 1594 607 1644 implevimus
634 1595 712 1632 fere
740 1595 786 1631 ad
813 1595 975 1636 collum3
1003 1597 1182 1645 eligentes
1203 1596 1374 1646 spiritum
1402 1599 1492 1644 vini,
1523 1598 1627 1646 quod
1647 1608 1714 1649 per

97 1652 278 1689 sabulum
307 1648 485 1699 priorem,
514 1661 603 1687 eum
639 1649 708 1686 effe
736 1662 780 1687 ex
818 1651 1040 1700 corporibus
1072 1649 1310 1699 tangibilibus
1340 1651 1447 1700 (quae
1477 1653 1573 1690 bene
1598 1651 1715 1700 unita,

112 1717 186 1744 nee
198 1717 284 1742 cava
306 1703 403 1752 sunt)
435 1701 675 1750 rariffimum,
704 1706 741 1741 δε
766 1703 971 1742 minimum
995 1707 1196 1743 continens
1219 1705 1391 1743 materiae
1408 1705 1473 1744 sub
1490 1706 1557 1744 suo
1572 1706 1717 1744 dimen-

114 1761 169 1808 so,
196 1761 522 1797 observaverimus.
577 1759 727 1797 Deinde
754 1760 903 1812 pondus
925 1772 1038 1809 aquae
1065 1771 1154 1797 cum
1174 1759 1292 1809 phiala
1321 1760 1395 1813 ipsa
1423 1762 1545 1799 exaCie
1573 1760 1717 1799 notavi-

115 1827 212 1853 mus.
268 1814 394 1852 Postea
431 1812 586 1853 vesicam
614 1815 834 1863 accepimus,
863 1826 956 1865 quac
985 1815 1078 1852 circa
1107 1815 1196 1852 duas
1224 1817 1345 1864 pintas
1381 1818 1605 1853 contineret.
1662 1818 1717 1854 Ex

115 1883 158 1908 ea
172 1872 296 1908 aerem
317 1880 490 1914 omnem,
519 1869 644 1917 quoad
665 1868 743 1905 fieri
763 1871 901 1920 potuit,
932 1866 1184 1918 expressimuS,
1212 1881 1260 1907 eo
1282 1869 1397 1919 usque
1418 1879 1459 1908 ut
1483 1869 1617 1907 vesicae
1637 1883 1714 1907 am-

116 1925 169 1963 bo
196 1926 307 1961 latera
327 1923 441 1961 essent
456 1922 649 1974 contigua:
678 1922 801 1960 Etiam
826 1923 925 1974 prius
954 1922 1108 1962 vesicam
1137 1925 1227 1962 oleo
1252 1924 1460 1962 oblevimus
1477 1937 1565 1962 eum
1581 1925 1717 1962 fricati-

115 1991 193 2018 one
225 1980 315 2026 leni,
346 1990 427 2027 quo
452 1976 565 2016 vesica
584 1978 670 2015 esset
692 1976 866 2020 clausior;
896 1978 986 2024 ejus,
1014 1976 1112 2027 siqua
1141 1990 1229 2026 erat,
1259 1977 1457 2028 porositate
1486 1981 1576 2017 oleo
1608 1978 1718 2018 obtu-

117 2045 207 2073 rata.
259 2034 366 2072 Hanc
389 2031 542 2070 vesicam
566 2035 660 2070 cirea
680 2045 723 2070 os
737 2033 891 2083 phialae,
921 2045 989 2070 ore
1011 2033 1153 2082 phialae
1180 2035 1278 2071 intra
1301 2045 1344 2071 os
1383 2032 1518 2072 vesicae
1550 2045 1716 2086 recepto,

117 2089 267 2128 fortiter
284 2090 497 2138 ligavimus3
526 2088 593 2125 silo
617 2099 747 2139 parum
775 2098 911 2135 cerato,
941 2098 982 2126 ut
996 2089 1129 2125 melius
1156 2088 1426 2126 adhaeresceret
1455 2091 1491 2127 δε
1515 2088 1644 2126 ιιῑξὶὶυε
1673 2090 1718 2127 li-

118 2153 232 2194 garet.
290 2146 394 2180 Tum
414 2144 571 2180 demum
591 2142 751 2193 phialam
776 2142 881 2195 supra
900 2144 1079 2180 carbones
1107 2143 1276 2180 ardentes
1298 2145 1337 2180 in
1361 2144 1493 2181 foculo
1520 2143 1718 2181 collocavi—

118 2211 214 2236 mus.
270 2198 326 2235 At
348 2199 460 2249 paulo
485 2198 562 2247 post
583 2210 698 2249 vapor
720 2196 791 2235 five
816 2210 902 2235 aura
923 2197 1068 2247 spiritus
1081 2197 1158 2236 vini
1177 2211 1242 2249 per
1261 2200 1426 2236 calorem
1442 2197 1594 2244 dilatati,
1624 2200 1660 2235 δ(
1677 2201 1718 2236 in

110 2250 401 2304 ‘pneumaticum
429 2250 531 2299 versi,
559 2251 714 2290 vesicam
737 2252 912 2301 paulatim
936 2249 1108 2299 sufflavit,
1150 2265 1307 2301 eamque
1335 2253 1545 2290 universam
1565 2251 1636 2290 veli
1664 2255 1719 2290 in-

119 2309 186 2346 star
219 2309 465 2359 undequaque
493 2307 671 2344 extendit.
727 2307 770 2344 ld
797 2307 990 2357 postquam
1021 2307 1158 2344 fastum
1193 2306 1273 2354 fuit,
1301 2307 1488 2345 continuo
1508 2309 1647 2344 vitrum
1674 2309 1722 2346 ab

122 2365 210 2413 igne
227 2364 469 2407 removimus,
499 2364 535 2399 ὃς
550 2362 656 2413 super
676 2372 839 2411 tapetem
854 2361 1055 2413 posuimus,
1085 2374 1132 2399 ne
1148 2361 1285 2411 frigore
1301 2362 1590 2411 disrumperetur
1605 2376 1612 2398 ;
1643 2364 1722 2401 Sta-

121 2420 192 2456 tim
207 2429 358 2469 quoquc
375 2419 414 2453 in
437 2417 649 2454 summitate
664 2415 797 2454 vesicae
812 2416 983 2454 foramen
998 2416 1168 2461 fecimus,
1199 2429 1245 2454 ne
1261 2428 1387 2466 vapor,
1416 2417 1570 2454 cessante
1583 2417 1720 2464 calore,

120 2474 161 2511 in
184 2474 373 2521 liquorem
401 2471 581 2509 restitutus
608 2470 792 2518 resideret,
820 2474 857 2509 δε
879 2473 1046 2509 rationes
1069 2471 1330 2509 confunderet.
1386 2473 1489 2509 Tum
1517 2483 1606 2510 vero
1634 2469 1721 2509 vesi-

118 2539 204 2565 cam
224 2527 340 2578 ipsam
361 2525 579 2572 sustulimus,
608 2528 645 2564 ὅ(
665 2525 782 2563 rursus
797 2527 944 2576 pondus
963 2527 1172 2576 excepimus
1188 2525 1332 2576 spiritus
1352 2527 1447 2573 vini,
1476 2525 1539 2574 qui
1554 2538 1720 2563 remane-

123 2583 196 2620 bat.
255 2582 345 2619 lude
359 2591 543 2629 quantum
556 2580 824 2633 consumptum
839 2580 958 2619 fuisset
974 2582 1014 2618 in
1028 2593 1206 2631 vaporem
1222 2581 1283 2619 seu
1297 2578 1588 2631 pneumaticum,
1616 2593 1722 2618 com-

120 2635 351 2690 putavimus;
381 2638 418 2672 δε
446 2636 539 2673 fasta
567 2638 786 2682 collatione,
815 2646 1001 2684 quantum
1029 2637 1158 2673 locum
1189 2634 1258 2672 sive
1285 2636 1441 2685 spatium
1471 2635 1562 2673 illud
1586 2647 1722 2686 eorpus

123 2692 318 2744 implesset,
346 2691 500 2740 quando
524 2691 609 2728 ess'et
631 2691 777 2740 spiritus
805 2690 883 2728 vini
907 2692 947 2728 in
976 2690 1109 2740 phiala,
1138 2693 1174 2727 &
1202 2690 1325 2729 rursus
1352 2698 1534 2741 quantum
1563 2689 1723 2740 spatium

125 2744 346 2796 impleverit,
376 2746 569 2795 postquam
597 2745 736 2783 fastum
769 2744 887 2783 fuisset
910 2745 1190 2795 pneumaticum
1224 2747 1264 2782 in
1299 2743 1423 2792 vesica,
1454 2744 1614 2783 rationes
1643 2745 1724 2783 sub-

126 2800 318 2838 duximus:
348 2813 390 2837 ex
419 2799 551 2848 quibus
576 2799 767 2837 manifeste
795 2798 970 2849 liquebat,
999 2811 1134 2852 corpus
1160 2799 1251 2837 istud
1274 2799 1323 2837 ita
1362 2799 1506 2837 versum
1537 2802 1574 2837 ὅ(
1605 2810 1724 2837 muta-

124 2865 207 2892 tum
224 2854 484 2904 expansionem
505 2856 690 2904 centuplo*
713 2855 912 2902 majorem,
940 2866 1053 2903 quam
1081 2865 1188 2891 antea
1221 2854 1409 2900 habuisset,
1436 2853 1668 2904 acquisivisse.

182 2912 430 2948 SlMIerE
443 2922 483 2956 R,
512 2908 553 2946 fit
587 2920 717 2947 natura
736 2907 906 2957 inquisita
937 2911 1039 2946 calor
1062 2918 1124 2947 aut
1153 2908 1286 2959 frigus;
1313 2911 1391 2956 ejus
1415 2921 1552 2959 nempe
1579 2910 1722 2958 gradus,

127 2973 168 3000 ut
188 2977 208 3001 a
235 2965 340 3002 sensu
374 2977 454 3001 non
478 2964 727 3016 percipiantur
745 2964 797 3000 ob
820 2962 1061 3002 debilitatem.
1119 2965 1218 3001 Hace
1246 2964 1482 3002 deducuntur
1507 2965 1553 3001 ad
1577 2964 1725 3000 sensum

128 3030 194 3070 per
220 3018 356 3057 vitrum
377 3019 582 3066 calendare,
612 3020 721 3068 quale
750 3018 913 3068 superius
932 3016 1194 3069 descripsimus.
1254 3020 1372 3057 Calor
1397 3018 1500 3055 enim
1531 3021 1566 3055 δε
1596 3017 1723 3066 frigus,

131 3072 202 3124 ipsa
219 3086 296 3111 non
313 3075 569 3125 percipiuntur
585 3075 631 3112 ad-
653 3073 812 3112 tae'tum:
842 3073 897 3110 At
919 3075 1022 3111 calor
1036 3074 1161 3114 aerem
1177 3075 1363 3125 expandit,
1393 3072 1506 3123 frigus
1522 3072 1721 3111 contrahit.

168 3127 289 3166 vor.
320 3131 346 3166 1.
867 3130 936 3166 Zz
968 3137 986 3166 2
1587 3129 1726 3175 Neque

1787 250 1812 313 0³·
