<?xml version="1.0" encoding="UTF-8"?>
<!DOCTYPE html PUBLIC "-//W3C//DTD XHTML 1.0 Transitional//EN"
    "http://www.w3.org/TR/xhtml1/DTD/xhtml1-transitional.dtd">
<html xmlns="http://www.w3.org/1999/xhtml" xml:lang="en" lang="en">
 <head>
  <title>
</title>
<meta http-equiv="Content-Type" content="text/html;charset=utf-8" />
  <meta name='ocr-system' content='tesseract 3.04.00' />
  <meta name='ocr-capabilities' content='ocr_page ocr_carea ocr_par ocr_line ocrx_word'/>
</head>
<body>
  <div class='ocr_page' id='page_1' title='image "./worksoffrancisb01baco_0290.png"; bbox 0 0 2040 3439; ppageno 0'>
   <div class='ocr_carea' id='block_1_1' title="bbox 182 224 272 278">
    <p class='ocr_par' dir='ltr' id='par_1_1' title="bbox 182 224 272 278">
     <span class='ocr_line' id='line_1_1' title="bbox 182 224 272 257; baseline 0.022 -11"><span class='ocrx_word' id='word_1_1' title='bbox 182 224 199 257; x_wconf 50' lang='grc' dir='ltr'><strong><em>ᾖ</em></strong></span> <span class='ocrx_word' id='word_1_2' title='bbox 215 233 237 246; x_wconf 71' lang='grc' dir='ltr'>μ-</span> <span class='ocrx_word' id='word_1_3' title='bbox 252 232 272 248; x_wconf 60' lang='lat'>¹3</span> 
     </span>
     <span class='ocr_line' id='line_1_2' title="bbox 183 257 229 278; baseline 0 -16"><span class='ocrx_word' id='word_1_4' title='bbox 183 259 196 262; x_wconf 59' lang='lat'>..</span> <span class='ocrx_word' id='word_1_5' title='bbox 218 257 229 278; x_wconf 36' lang='grc'>1,</span> 
     </span>
    </p>
   </div>
   <div class='ocr_carea' id='block_1_2' title="bbox 579 195 1955 260">
    <p class='ocr_par' dir='ltr' id='par_1_2' title="bbox 579 195 1955 260">
     <span class='ocr_line' id='line_1_3' title="bbox 579 195 1955 260; baseline -0.001 0"><span class='ocrx_word' id='word_1_6' title='bbox 579 201 665 260; x_wconf 68' lang='lat' dir='ltr'>Di}</span> <span class='ocrx_word' id='word_1_7' title='bbox 693 198 1133 259; x_wconf 74' lang='lat' dir='ltr'>AUGM&#39;ENTIS</span> <span class='ocrx_word' id='word_1_8' title='bbox 1174 195 1720 258; x_wconf 77' lang='lat' dir='ltr'>SCIENTIARUM.</span> <span class='ocrx_word' id='word_1_9' title='bbox 1759 210 1955 259; x_wconf 50' lang='lat' dir='ltr'>mavi.</span> 
     </span>
    </p>
   </div>
   <div class='ocr_carea' id='block_1_3' title="bbox 663 319 1645 376">
    <p class='ocr_par' dir='ltr' id='par_1_3' title="bbox 663 319 1645 376">
     <span class='ocr_line' id='line_1_4' title="bbox 663 319 1645 376; baseline -0.001 -13"><span class='ocrx_word' id='word_1_10' title='bbox 663 322 827 364; x_wconf 74' lang='lat' dir='ltr'>Laudat</span> <span class='ocrx_word' id='word_1_11' title='bbox 848 321 1044 371; x_wconf 60' lang='lat' dir='ltr'>vaenales,</span> <span class='ocrx_word' id='word_1_12' title='bbox 1074 322 1141 376; x_wconf 79' lang='lat' dir='ltr'>qui</span> <span class='ocrx_word' id='word_1_13' title='bbox 1157 319 1249 360; x_wconf 83' lang='lat' dir='ltr'>vult</span> <span class='ocrx_word' id='word_1_14' title='bbox 1263 320 1472 361; x_wconf 75' lang='lat' dir='ltr'>extrudere</span> <span class='ocrx_word' id='word_1_15' title='bbox 1488 335 1645 363; x_wconf 86' lang='lat' dir='ltr'>merces.</span> 
     </span>
    </p>
   </div>
   <div class='ocr_carea' id='block_1_4' title="bbox 323 397 1966 3041">
    <p class='ocr_par' dir='ltr' id='par_1_4' title="bbox 351 397 1960 774">
     <span class='ocr_line' id='line_1_5' title="bbox 406 397 1958 452; baseline -0.005 -7"><span class='ocrx_word' id='word_1_16' title='bbox 406 408 543 452; x_wconf 64' lang='lat' dir='ltr'>ism,</span> <span class='ocrx_word' id='word_1_17' title='bbox 573 405 726 441; x_wconf 81' lang='lat' dir='ltr'>Malum</span> <span class='ocrx_word' id='word_1_18' title='bbox 746 401 805 447; x_wconf 78' lang='lat' dir='ltr'>est,</span> <span class='ocrx_word' id='word_1_19' title='bbox 837 401 978 436; x_wconf 74' lang='lat' dir='ltr'>malum</span> <span class='ocrx_word' id='word_1_20' title='bbox 1007 397 1067 444; x_wconf 84' lang='lat' dir='ltr'>cst,</span> <span class='ocrx_word' id='word_1_21' title='bbox 1097 399 1220 449; x_wconf 83' lang='lat' dir='ltr'>inquit</span> <span class='ocrx_word' id='word_1_22' title='bbox 1247 407 1415 450; x_wconf 87' lang='lat' dir='ltr'>emptor;</span> <span class='ocrx_word' id='word_1_23' title='bbox 1447 399 1508 435; x_wconf 90' lang='lat' dir='ltr'>sed</span> <span class='ocrx_word' id='word_1_24' title='bbox 1533 411 1621 436; x_wconf 91' lang='lat' dir='ltr'>cum</span> <span class='ocrx_word' id='word_1_25' title='bbox 1655 399 1845 449; x_wconf 74' lang='lat' dir='ltr'>recesserit,</span> <span class='ocrx_word' id='word_1_26' title='bbox 1873 415 1958 441; x_wconf 82' lang='lat' dir='ltr'>tum</span> 
     </span>
     <span class='ocr_line' id='line_1_6' title="bbox 351 452 1959 512; baseline -0.002 -12"><span class='ocrx_word' id='word_1_27' title='bbox 351 462 588 512; x_wconf 71' lang='lat' dir='ltr'>gloriabitur.</span> <span class='ocrx_word' id='word_1_28' title='bbox 644 459 801 507; x_wconf 77' lang='lat' dir='ltr'>Propter</span> <span class='ocrx_word' id='word_1_29' title='bbox 812 454 1006 492; x_wconf 65' lang='lat' dir='ltr'>factiones:</span> <span class='ocrx_word' id='word_1_30' title='bbox 1039 455 1064 489; x_wconf 81' lang='grc'>(</span> <span class='ocrx_word' id='word_1_31' title='bbox 1079 452 1283 491; x_wconf 71' lang='lat' dir='ltr'>nivisenim</span> <span class='ocrx_word' id='word_1_32' title='bbox 1298 463 1411 503; x_wconf 85' lang='lat' dir='ltr'>patet,</span> <span class='ocrx_word' id='word_1_33' title='bbox 1425 453 1666 491; x_wconf 77' lang='lat' dir='ltr'>consuescere</span> <span class='ocrx_word' id='word_1_34' title='bbox 1676 456 1863 504; x_wconf 75' lang='lat' dir='ltr'>homines,</span> <span class='ocrx_word' id='word_1_35' title='bbox 1881 471 1959 508; x_wconf 83' lang='lat' dir='ltr'>eos,</span> 
     </span>
     <span class='ocr_line' id='line_1_7' title="bbox 353 507 1960 565; baseline -0.002 -11"><span class='ocrx_word' id='word_1_36' title='bbox 353 518 421 565; x_wconf 76' lang='lat' dir='ltr'>qui</span> <span class='ocrx_word' id='word_1_37' title='bbox 446 515 591 553; x_wconf 75' lang='lat' dir='ltr'>suarum</span> <span class='ocrx_word' id='word_1_38' title='bbox 614 514 775 563; x_wconf 75' lang='lat' dir='ltr'>partium</span> <span class='ocrx_word' id='word_1_39' title='bbox 795 509 890 556; x_wconf 83' lang='lat' dir='ltr'>sunt,</span> <span class='ocrx_word' id='word_1_40' title='bbox 921 509 1136 546; x_wconf 77' lang='lat' dir='ltr'>immodicis</span> <span class='ocrx_word' id='word_1_41' title='bbox 1159 507 1291 544; x_wconf 81' lang='lat' dir='ltr'>efferre</span> <span class='ocrx_word' id='word_1_42' title='bbox 1315 508 1497 555; x_wconf 71' lang='lat' dir='ltr'>laudibus,</span> <span class='ocrx_word' id='word_1_43' title='bbox 1526 511 1592 557; x_wconf 88' lang='lat' dir='ltr'>qui</span> <span class='ocrx_word' id='word_1_44' title='bbox 1610 520 1737 548; x_wconf 84' lang='lat' dir='ltr'>autem</span> <span class='ocrx_word' id='word_1_45' title='bbox 1760 515 1960 551; x_wconf 81' lang='lat' dir='ltr'>contraria-</span> 
     </span>
     <span class='ocr_line' id='line_1_8' title="bbox 351 561 1959 616; baseline -0.002 -7"><span class='ocrx_word' id='word_1_46' title='bbox 351 584 439 609; x_wconf 85' lang='lat' dir='ltr'>rum</span> <span class='ocrx_word' id='word_1_47' title='bbox 458 571 556 616; x_wconf 81' lang='lat' dir='ltr'>sunt,</span> <span class='ocrx_word' id='word_1_48' title='bbox 586 568 683 606; x_wconf 85' lang='lat' dir='ltr'>infra</span> <span class='ocrx_word' id='word_1_49' title='bbox 698 566 877 604; x_wconf 71' lang='lat' dir='ltr'>meritum</span> <span class='ocrx_word' id='word_1_50' title='bbox 898 562 1119 613; x_wconf 78' lang='lat' dir='ltr'>deprimere.</span> <span class='ocrx_word' id='word_1_51' title='bbox 1176 564 1334 614; x_wconf 82' lang='lat' dir='ltr'>Propter</span> <span class='ocrx_word' id='word_1_52' title='bbox 1350 561 1517 612; x_wconf 80' lang='lat' dir='ltr'>ingenia3</span> <span class='ocrx_word' id='word_1_53' title='bbox 1545 564 1722 602; x_wconf 82' lang='lat' dir='ltr'>aliienim</span> <span class='ocrx_word' id='word_1_54' title='bbox 1738 577 1866 604; x_wconf 88' lang='lat' dir='ltr'>natura</span> <span class='ocrx_word' id='word_1_55' title='bbox 1886 568 1959 606; x_wconf 86' lang='lat' dir='ltr'>fac-</span> 
     </span>
     <span class='ocr_line' id='line_1_9' title="bbox 353 616 1958 672; baseline -0.002 -9"><span class='ocrx_word' id='word_1_56' title='bbox 353 625 382 663; x_wconf 85' lang='lat' dir='ltr'>ti</span> <span class='ocrx_word' id='word_1_57' title='bbox 403 624 488 663; x_wconf 83' lang='lat' dir='ltr'>sunt</span> <span class='ocrx_word' id='word_1_58' title='bbox 517 627 554 662; x_wconf 84' lang='lat'>&amp;</span> <span class='ocrx_word' id='word_1_59' title='bbox 572 620 773 672; x_wconf 71' lang='lat' dir='ltr'>compositi</span> <span class='ocrx_word' id='word_1_60' title='bbox 797 620 842 656; x_wconf 87' lang='lat' dir='ltr'>ad</span> <span class='ocrx_word' id='word_1_61' title='bbox 866 617 1124 656; x_wconf 71' lang='lat' dir='ltr'>adulationem</span> <span class='ocrx_word' id='word_1_62' title='bbox 1155 616 1340 658; x_wconf 70' lang='lat' dir='ltr'>servilerm</span> <span class='ocrx_word' id='word_1_63' title='bbox 1367 617 1575 655; x_wconf 79' lang='lat' dir='ltr'>aliicontra</span> <span class='ocrx_word' id='word_1_64' title='bbox 1598 622 1721 657; x_wconf 88' lang='lat' dir='ltr'>momi</span> <span class='ocrx_word' id='word_1_65' title='bbox 1753 623 1792 658; x_wconf 71' lang='grc' dir='ltr'>δί</span> <span class='ocrx_word' id='word_1_66' title='bbox 1818 624 1958 665; x_wconf 76' lang='lat' dir='ltr'>tetrici3</span> 
     </span>
     <span class='ocr_line' id='line_1_10' title="bbox 354 672 1960 726; baseline 0 -9"><span class='ocrx_word' id='word_1_67' title='bbox 354 692 397 717; x_wconf 83' lang='lat' dir='ltr'>ut</span> <span class='ocrx_word' id='word_1_68' title='bbox 426 679 615 717; x_wconf 77' lang='lat' dir='ltr'>laudando</span> <span class='ocrx_word' id='word_1_69' title='bbox 643 680 681 715; x_wconf 71' lang='grc' dir='ltr'>δε</span> <span class='ocrx_word' id='word_1_70' title='bbox 709 675 969 725; x_wconf 65' lang='lat' dir='ltr'>vituperando,</span> <span class='ocrx_word' id='word_1_71' title='bbox 998 673 1068 711; x_wconf 80' lang='lat' dir='ltr'>suis</span> <span class='ocrx_word' id='word_1_72' title='bbox 1096 672 1256 722; x_wconf 82' lang='lat' dir='ltr'>ingeniis</span> <span class='ocrx_word' id='word_1_73' title='bbox 1276 682 1425 710; x_wconf 87' lang='lat' dir='ltr'>tantum</span> <span class='ocrx_word' id='word_1_74' title='bbox 1453 672 1726 723; x_wconf 82' lang='lat' dir='ltr'>obsecundent,</span> <span class='ocrx_word' id='word_1_75' title='bbox 1753 688 1886 726; x_wconf 86' lang='lat' dir='ltr'>parum</span> <span class='ocrx_word' id='word_1_76' title='bbox 1910 679 1960 717; x_wconf 91' lang='lat' dir='ltr'>de</span> 
     </span>
     <span class='ocr_line' id='line_1_11' title="bbox 353 733 677 774; baseline -0.012 0"><span class='ocrx_word' id='word_1_77' title='bbox 353 736 508 774; x_wconf 77' lang='lat' dir='ltr'>veritate</span> <span class='ocrx_word' id='word_1_78' title='bbox 533 733 677 771; x_wconf 76' lang='lat' dir='ltr'>soliciti.</span> 
     </span>
    </p>

    <p class='ocr_par' dir='ltr' id='par_1_5' title="bbox 352 783 1959 890">
     <span class='ocr_line' id='line_1_12' title="bbox 411 783 1959 842; baseline 0.001 -17"><span class='ocrx_word' id='word_1_79' title='bbox 411 787 610 842; x_wconf 68' lang='lat' dir='ltr'>Sophifhza</span> <span class='ocrx_word' id='word_1_80' title='bbox 627 800 661 826; x_wconf 76' lang='lat'>2.</span> <span class='ocrx_word' id='word_1_81' title='bbox 693 788 842 839; x_wconf 75' lang='lat' dir='ltr'>Quor)</span> <span class='ocrx_word' id='word_1_82' title='bbox 870 784 1043 822; x_wconf 78' lang='lat' dir='ltr'>etiamab</span> <span class='ocrx_word' id='word_1_83' title='bbox 1068 783 1232 821; x_wconf 84' lang='lat' dir='ltr'>inimicis</span> <span class='ocrx_word' id='word_1_84' title='bbox 1252 783 1433 830; x_wconf 76' lang='lat' dir='ltr'>laudatur,</span> <span class='ocrx_word' id='word_1_85' title='bbox 1461 795 1643 833; x_wconf 82' lang='lat' dir='ltr'>magnum</span> <span class='ocrx_word' id='word_1_86' title='bbox 1667 785 1826 834; x_wconf 87' lang='lat' dir='ltr'>bonum,</span> <span class='ocrx_word' id='word_1_87' title='bbox 1853 789 1959 836; x_wconf 86' lang='lat' dir='ltr'>quod</span> 
     </span>
     <span class='ocr_line' id='line_1_13' title="bbox 352 837 1497 890; baseline -0.004 -10"><span class='ocrx_word' id='word_1_88' title='bbox 352 857 446 882; x_wconf 72' lang='lat' dir='ltr'>vero</span> <span class='ocrx_word' id='word_1_89' title='bbox 462 837 574 882; x_wconf 71' lang='lat' dir='ltr'>etiam</span> <span class='ocrx_word' id='word_1_90' title='bbox 597 845 643 881; x_wconf 84' lang='lat' dir='ltr'>ab</span> <span class='ocrx_word' id='word_1_91' title='bbox 658 842 785 880; x_wconf 85' lang='lat' dir='ltr'>amicis</span> <span class='ocrx_word' id='word_1_92' title='bbox 811 839 1106 890; x_wconf 73' lang='lat' dir='ltr'>reprehenditur,</span> <span class='ocrx_word' id='word_1_93' title='bbox 1136 850 1317 888; x_wconf 79' lang='lat' dir='ltr'>magnum</span> <span class='ocrx_word' id='word_1_94' title='bbox 1342 840 1497 876; x_wconf 85' lang='lat' dir='ltr'>malum.</span> 
     </span>
    </p>

    <p class='ocr_par' dir='ltr' id='par_1_6' title="bbox 351 894 1959 1059">
     <span class='ocr_line' id='line_1_14' title="bbox 407 894 1959 943; baseline -0.001 -6"><span class='ocrx_word' id='word_1_95' title='bbox 407 901 582 937; x_wconf 80' lang='lat' dir='ltr'>SOPHIS</span> <span class='ocrx_word' id='word_1_96' title='bbox 593 910 665 936; x_wconf 82' lang='lat' dir='ltr'>MA</span> <span class='ocrx_word' id='word_1_97' title='bbox 694 897 947 935; x_wconf 79' lang='lat' dir='ltr'>fundamento</span> <span class='ocrx_word' id='word_1_98' title='bbox 971 896 1047 932; x_wconf 86' lang='lat' dir='ltr'>hoc</span> <span class='ocrx_word' id='word_1_99' title='bbox 1071 895 1141 931; x_wconf 90' lang='lat' dir='ltr'>niti</span> <span class='ocrx_word' id='word_1_100' title='bbox 1161 894 1320 940; x_wconf 79' lang='lat' dir='ltr'>videtur,</span> <span class='ocrx_word' id='word_1_101' title='bbox 1348 894 1453 942; x_wconf 89' lang='lat' dir='ltr'>quod</span> <span class='ocrx_word' id='word_1_102' title='bbox 1475 906 1569 942; x_wconf 85' lang='lat' dir='ltr'>quae</span> <span class='ocrx_word' id='word_1_103' title='bbox 1585 895 1752 943; x_wconf 83' lang='lat' dir='ltr'>ingratiis</span> <span class='ocrx_word' id='word_1_104' title='bbox 1766 897 1804 934; x_wconf 69' lang='grc' dir='ltr'>δε</span> <span class='ocrx_word' id='word_1_105' title='bbox 1827 906 1959 934; x_wconf 86' lang='lat' dir='ltr'>contra</span> 
     </span>
     <span class='ocr_line' id='line_1_15' title="bbox 353 947 1958 1002; baseline -0.001 -11"><span class='ocrx_word' id='word_1_106' title='bbox 353 957 473 992; x_wconf 78' lang='lat' dir='ltr'>:mimi</span> <span class='ocrx_word' id='word_1_107' title='bbox 487 954 602 991; x_wconf 83' lang='lat' dir='ltr'>nostri</span> <span class='ocrx_word' id='word_1_108' title='bbox 615 952 793 991; x_wconf 59' lang='lat' dir='ltr'>affectum</span> <span class='ocrx_word' id='word_1_109' title='bbox 806 954 845 989; x_wconf 67' lang='grc' dir='ltr'>δε</span> <span class='ocrx_word' id='word_1_110' title='bbox 858 947 1148 1002; x_wconf 80' lang='lat' dir='ltr'>propenfionem</span> <span class='ocrx_word' id='word_1_111' title='bbox 1164 949 1368 1000; x_wconf 77' lang='lat' dir='ltr'>loquimur,</span> <span class='ocrx_word' id='word_1_112' title='bbox 1396 960 1440 986; x_wconf 86' lang='lat' dir='ltr'>ea</span> <span class='ocrx_word' id='word_1_113' title='bbox 1454 948 1529 999; x_wconf 88' lang='lat' dir='ltr'>ipsa</span> <span class='ocrx_word' id='word_1_114' title='bbox 1545 950 1621 988; x_wconf 86' lang='lat' dir='ltr'>vim</span> <span class='ocrx_word' id='word_1_115' title='bbox 1638 949 1798 988; x_wconf 85' lang='lat' dir='ltr'>veritatis</span> <span class='ocrx_word' id='word_1_116' title='bbox 1812 963 1832 988; x_wconf 90' lang='lat' dir='ltr'>a</span> <span class='ocrx_word' id='word_1_117' title='bbox 1846 953 1958 990; x_wconf 82' lang='lat' dir='ltr'>nobis</span> 
     </span>
     <span class='ocr_line' id='line_1_16' title="bbox 351 1005 915 1059; baseline -0.011 -11"><span class='ocrx_word' id='word_1_118' title='bbox 351 1021 586 1059; x_wconf 85' lang='lat' dir='ltr'>extorquere,</span> <span class='ocrx_word' id='word_1_119' title='bbox 613 1008 720 1046; x_wconf 70' lang='lat' dir='ltr'>facile</span> <span class='ocrx_word' id='word_1_120' title='bbox 741 1005 915 1044; x_wconf 83' lang='lat' dir='ltr'>creditur.</span> 
     </span>
    </p>

    <p class='ocr_par' dir='ltr' id='par_1_7' title="bbox 340 1058 1966 1828">
     <span class='ocr_line' id='line_1_17' title="bbox 406 1058 1957 1111; baseline -0.002 -8"><span class='ocrx_word' id='word_1_121' title='bbox 406 1063 618 1104; x_wconf 78' lang='lat' dir='ltr'>Elenchus.</span> <span class='ocrx_word' id='word_1_122' title='bbox 650 1065 848 1100; x_wconf 76' lang='lat' dir='ltr'>FALLIT</span> <span class='ocrx_word' id='word_1_123' title='bbox 879 1059 1063 1111; x_wconf 78' lang='lat' dir='ltr'>sophisma</span> <span class='ocrx_word' id='word_1_124' title='bbox 1086 1069 1242 1111; x_wconf 87' lang='lat' dir='ltr'>propter</span> <span class='ocrx_word' id='word_1_125' title='bbox 1264 1059 1446 1105; x_wconf 84' lang='lat' dir='ltr'>astutiam,</span> <span class='ocrx_word' id='word_1_126' title='bbox 1474 1068 1552 1095; x_wconf 89' lang='lat' dir='ltr'>tam</span> <span class='ocrx_word' id='word_1_127' title='bbox 1567 1058 1813 1098; x_wconf 84' lang='lat' dir='ltr'>inimicorum</span> <span class='ocrx_word' id='word_1_128' title='bbox 1839 1075 1957 1111; x_wconf 88' lang='lat' dir='ltr'>quam</span> 
     </span>
     <span class='ocr_line' id='line_1_18' title="bbox 351 1113 1956 1165; baseline -0.002 -6"><span class='ocrx_word' id='word_1_129' title='bbox 351 1122 577 1158; x_wconf 83' lang='lat' dir='ltr'>amicorum.</span> <span class='ocrx_word' id='word_1_130' title='bbox 633 1116 782 1155; x_wconf 85' lang='lat' dir='ltr'>Inimici</span> <span class='ocrx_word' id='word_1_131' title='bbox 800 1117 905 1154; x_wconf 79' lang='lat' dir='ltr'>enim</span> <span class='ocrx_word' id='word_1_132' title='bbox 934 1115 1058 1153; x_wconf 85' lang='lat' dir='ltr'>laudes</span> <span class='ocrx_word' id='word_1_133' title='bbox 1077 1114 1305 1165; x_wconf 85' lang='lat' dir='ltr'>quandoque</span> <span class='ocrx_word' id='word_1_134' title='bbox 1332 1113 1517 1160; x_wconf 84' lang='lat' dir='ltr'>tribuunt,</span> <span class='ocrx_word' id='word_1_135' title='bbox 1548 1126 1629 1152; x_wconf 87' lang='lat' dir='ltr'>non</span> <span class='ocrx_word' id='word_1_136' title='bbox 1649 1114 1763 1153; x_wconf 88' lang='lat' dir='ltr'>invite</span> <span class='ocrx_word' id='word_1_137' title='bbox 1783 1128 1853 1154; x_wconf 90' lang='lat' dir='ltr'>nee</span> <span class='ocrx_word' id='word_1_138' title='bbox 1879 1130 1900 1155; x_wconf 91' lang='lat' dir='ltr'>a</span> <span class='ocrx_word' id='word_1_139' title='bbox 1920 1121 1956 1156; x_wconf 88' lang='lat' dir='ltr'>vi</span> 
     </span>
     <span class='ocr_line' id='line_1_19' title="bbox 351 1168 1957 1219; baseline -0.002 -5"><span class='ocrx_word' id='word_1_140' title='bbox 351 1174 513 1215; x_wconf 84' lang='lat' dir='ltr'>veritatis</span> <span class='ocrx_word' id='word_1_141' title='bbox 548 1172 678 1219; x_wconf 66' lang='lat' dir='ltr'>eoacti,</span> <span class='ocrx_word' id='word_1_142' title='bbox 720 1172 780 1210; x_wconf 87' lang='lat' dir='ltr'>sed</span> <span class='ocrx_word' id='word_1_143' title='bbox 809 1183 869 1209; x_wconf 82' lang='lat' dir='ltr'>eas</span> <span class='ocrx_word' id='word_1_144' title='bbox 902 1181 1034 1208; x_wconf 87' lang='lat' dir='ltr'>tamen</span> <span class='ocrx_word' id='word_1_145' title='bbox 1059 1168 1270 1219; x_wconf 79' lang='lat' dir='ltr'>diligenteS,</span> <span class='ocrx_word' id='word_1_146' title='bbox 1299 1181 1394 1218; x_wconf 88' lang='lat' dir='ltr'>quae</span> <span class='ocrx_word' id='word_1_147' title='bbox 1424 1169 1586 1206; x_wconf 80' lang='lat' dir='ltr'>inimicis</span> <span class='ocrx_word' id='word_1_148' title='bbox 1613 1169 1682 1207; x_wconf 86' lang='lat' dir='ltr'>suis</span> <span class='ocrx_word' id='word_1_149' title='bbox 1709 1169 1889 1209; x_wconf 87' lang='lat' dir='ltr'>invidiam</span> <span class='ocrx_word' id='word_1_150' title='bbox 1916 1173 1957 1210; x_wconf 66' lang='grc' dir='ltr'>ὃς</span> 
     </span>
     <span class='ocr_line' id='line_1_20' title="bbox 351 1222 1956 1281; baseline 0 -14"><span class='ocrx_word' id='word_1_151' title='bbox 351 1230 514 1281; x_wconf 84' lang='lat' dir='ltr'>pericula</span> <span class='ocrx_word' id='word_1_152' title='bbox 526 1228 693 1267; x_wconf 79' lang='lat' dir='ltr'>conflare</span> <span class='ocrx_word' id='word_1_153' title='bbox 708 1222 861 1277; x_wconf 82' lang='lat' dir='ltr'>poffint.</span> <span class='ocrx_word' id='word_1_154' title='bbox 920 1227 1048 1273; x_wconf 83' lang='lat' dir='ltr'>Itaque</span> <span class='ocrx_word' id='word_1_155' title='bbox 1061 1225 1158 1274; x_wconf 88' lang='lat' dir='ltr'>apud</span> <span class='ocrx_word' id='word_1_156' title='bbox 1168 1225 1344 1272; x_wconf 83' lang='lat' dir='ltr'>Graecos,</span> <span class='ocrx_word' id='word_1_157' title='bbox 1375 1222 1580 1275; x_wconf 86' lang='lat' dir='ltr'>superstitio</span> <span class='ocrx_word' id='word_1_158' title='bbox 1599 1226 1780 1274; x_wconf 80' lang='lat' dir='ltr'>quaedam</span> <span class='ocrx_word' id='word_1_159' title='bbox 1800 1226 1956 1267; x_wconf 85' lang='lat' dir='ltr'>invaluit</span> 
     </span>
     <span class='ocr_line' id='line_1_21' title="bbox 351 1279 1955 1331; baseline -0.001 -8"><span class='ocrx_word' id='word_1_160' title='bbox 351 1296 393 1322; x_wconf 89' lang='lat' dir='ltr'>ut</span> <span class='ocrx_word' id='word_1_161' title='bbox 412 1286 620 1330; x_wconf 79' lang='lat' dir='ltr'>crederent,</span> <span class='ocrx_word' id='word_1_162' title='bbox 646 1282 673 1320; x_wconf 84' lang='lat' dir='ltr'>si</span> <span class='ocrx_word' id='word_1_163' title='bbox 691 1284 775 1331; x_wconf 81' lang='lat' dir='ltr'>quis</span> <span class='ocrx_word' id='word_1_164' title='bbox 788 1282 835 1318; x_wconf 89' lang='lat' dir='ltr'>ab</span> <span class='ocrx_word' id='word_1_165' title='bbox 861 1282 984 1318; x_wconf 85' lang='lat' dir='ltr'>altero</span> <span class='ocrx_word' id='word_1_166' title='bbox 998 1280 1221 1325; x_wconf 89' lang='lat' dir='ltr'>laudaretur,</span> <span class='ocrx_word' id='word_1_167' title='bbox 1248 1279 1380 1316; x_wconf 80' lang='lat' dir='ltr'>animo</span> <span class='ocrx_word' id='word_1_168' title='bbox 1403 1280 1594 1316; x_wconf 87' lang='lat' dir='ltr'>malevolo</span> <span class='ocrx_word' id='word_1_169' title='bbox 1617 1282 1654 1318; x_wconf 73' lang='grc' dir='ltr'>ὅ(</span> <span class='ocrx_word' id='word_1_170' title='bbox 1676 1281 1870 1331; x_wconf 75' lang='lat' dir='ltr'>proposito</span> <span class='ocrx_word' id='word_1_171' title='bbox 1889 1296 1955 1321; x_wconf 88' lang='lat' dir='ltr'>no-</span> 
     </span>
     <span class='ocr_line' id='line_1_22' title="bbox 348 1332 1966 1387; baseline -0.002 -10"><span class='ocrx_word' id='word_1_172' title='bbox 348 1341 471 1387; x_wconf 85' lang='lat' dir='ltr'>cendi,</span> <span class='ocrx_word' id='word_1_173' title='bbox 500 1340 650 1377; x_wconf 83' lang='lat' dir='ltr'>naribus</span> <span class='ocrx_word' id='word_1_174' title='bbox 676 1339 755 1383; x_wconf 67' lang='lat' dir='ltr'>ejus</span> <span class='ocrx_word' id='word_1_175' title='bbox 777 1335 961 1387; x_wconf 88' lang='lat' dir='ltr'>pustulam</span> <span class='ocrx_word' id='word_1_176' title='bbox 997 1334 1146 1372; x_wconf 86' lang='lat' dir='ltr'>annasci</span> <span class='ocrx_word' id='word_1_177' title='bbox 1193 1333 1321 1371; x_wconf 86' lang='lat' dir='ltr'>solere.</span> <span class='ocrx_word' id='word_1_178' title='bbox 1378 1332 1484 1371; x_wconf 79' lang='lat' dir='ltr'>Fallit</span> <span class='ocrx_word' id='word_1_179' title='bbox 1521 1333 1673 1382; x_wconf 87' lang='lat' dir='ltr'>iterum,</span> <span class='ocrx_word' id='word_1_180' title='bbox 1709 1338 1798 1385; x_wconf 89' lang='lat' dir='ltr'>quia</span> <span class='ocrx_word' id='word_1_181' title='bbox 1831 1339 1966 1376; x_wconf 47' lang='lat' dir='ltr'>laudes.</span> 
     </span>
     <span class='ocr_line' id='line_1_23' title="bbox 346 1389 1956 1443; baseline -0.002 -9"><span class='ocrx_word' id='word_1_182' title='bbox 346 1395 542 1434; x_wconf 76' lang='lat' dir='ltr'>interdum</span> <span class='ocrx_word' id='word_1_183' title='bbox 568 1394 790 1443; x_wconf 84' lang='lat' dir='ltr'>impertiunt</span> <span class='ocrx_word' id='word_1_184' title='bbox 813 1392 973 1437; x_wconf 89' lang='lat' dir='ltr'>inimici,</span> <span class='ocrx_word' id='word_1_185' title='bbox 1001 1400 1182 1439; x_wconf 83' lang='lat' dir='ltr'>tanquam</span> <span class='ocrx_word' id='word_1_186' title='bbox 1209 1389 1519 1438; x_wconf 78' lang='lat' dir='ltr'>praefatiunculas</span> <span class='ocrx_word' id='word_1_187' title='bbox 1545 1389 1735 1438; x_wconf 84' lang='lat' dir='ltr'>quasdam,</span> <span class='ocrx_word' id='word_1_188' title='bbox 1765 1403 1806 1430; x_wconf 90' lang='lat' dir='ltr'>ut</span> <span class='ocrx_word' id='word_1_189' title='bbox 1834 1394 1956 1442; x_wconf 82' lang='lat' dir='ltr'>postea</span> 
     </span>
     <span class='ocr_line' id='line_1_24' title="bbox 347 1445 1954 1494; baseline -0.001 -5"><span class='ocrx_word' id='word_1_190' title='bbox 347 1453 503 1489; x_wconf 82' lang='lat' dir='ltr'>liberius</span> <span class='ocrx_word' id='word_1_191' title='bbox 531 1452 569 1487; x_wconf 74' lang='grc' dir='ltr'>ὅ(</span> <span class='ocrx_word' id='word_1_192' title='bbox 584 1445 804 1485; x_wconf 73' lang='lat' dir='ltr'>malitiosius</span> <span class='ocrx_word' id='word_1_193' title='bbox 828 1446 1157 1484; x_wconf 79' lang='lat' dir='ltr'>calumniarentur.</span> <span class='ocrx_word' id='word_1_194' title='bbox 1215 1446 1268 1481; x_wconf 85' lang='lat' dir='ltr'>Ex</span> <span class='ocrx_word' id='word_1_195' title='bbox 1283 1445 1397 1482; x_wconf 86' lang='lat' dir='ltr'>altera</span> <span class='ocrx_word' id='word_1_196' title='bbox 1424 1455 1540 1494; x_wconf 86' lang='lat' dir='ltr'>parte,</span> <span class='ocrx_word' id='word_1_197' title='bbox 1567 1445 1664 1483; x_wconf 85' lang='lat' dir='ltr'>fallit</span> <span class='ocrx_word' id='word_1_198' title='bbox 1686 1448 1954 1487; x_wconf 84' lang='lat' dir='ltr'>etiamhocso-</span> 
     </span>
     <span class='ocr_line' id='line_1_25' title="bbox 345 1500 1954 1558; baseline -0.002 -13"><span class='ocrx_word' id='word_1_199' title='bbox 345 1507 491 1558; x_wconf 88' lang='lat' dir='ltr'>phisma</span> <span class='ocrx_word' id='word_1_200' title='bbox 512 1515 665 1556; x_wconf 90' lang='lat' dir='ltr'>propter</span> <span class='ocrx_word' id='word_1_201' title='bbox 679 1503 848 1540; x_wconf 82' lang='lat' dir='ltr'>astutiam</span> <span class='ocrx_word' id='word_1_202' title='bbox 871 1502 1094 1539; x_wconf 88' lang='lat' dir='ltr'>amicorum.</span> <span class='ocrx_word' id='word_1_203' title='bbox 1154 1501 1286 1537; x_wconf 86' lang='lat' dir='ltr'>Solent</span> <span class='ocrx_word' id='word_1_204' title='bbox 1300 1501 1405 1537; x_wconf 89' lang='lat' dir='ltr'>enim</span> <span class='ocrx_word' id='word_1_205' title='bbox 1422 1502 1459 1537; x_wconf 65' lang='grc' dir='ltr'>ὃς</span> <span class='ocrx_word' id='word_1_206' title='bbox 1477 1500 1540 1536; x_wconf 82' lang='lat' dir='ltr'>illa</span> <span class='ocrx_word' id='word_1_207' title='bbox 1555 1501 1644 1537; x_wconf 79' lang='lat' dir='ltr'>vitia</span> <span class='ocrx_word' id='word_1_208' title='bbox 1667 1501 1876 1540; x_wconf 87' lang='lat' dir='ltr'>amicorum</span> <span class='ocrx_word' id='word_1_209' title='bbox 1898 1506 1954 1541; x_wconf 88' lang='lat' dir='ltr'>in-</span> 
     </span>
     <span class='ocr_line' id='line_1_26' title="bbox 344 1555 1951 1609; baseline -0.001 -10"><span class='ocrx_word' id='word_1_210' title='bbox 344 1562 498 1599; x_wconf 87' lang='lat' dir='ltr'>terdum</span> <span class='ocrx_word' id='word_1_211' title='bbox 513 1559 724 1609; x_wconf 77' lang='lat' dir='ltr'>agnoscere,</span> <span class='ocrx_word' id='word_1_212' title='bbox 753 1559 790 1595; x_wconf 89' lang='lat'>&amp;</span> <span class='ocrx_word' id='word_1_213' title='bbox 805 1555 1026 1606; x_wconf 84' lang='lat' dir='ltr'>praedicare,</span> <span class='ocrx_word' id='word_1_214' title='bbox 1055 1567 1135 1593; x_wconf 92' lang='lat' dir='ltr'>non</span> <span class='ocrx_word' id='word_1_215' title='bbox 1151 1555 1256 1606; x_wconf 85' lang='lat' dir='ltr'>quod</span> <span class='ocrx_word' id='word_1_216' title='bbox 1272 1556 1396 1603; x_wconf 85' lang='lat' dir='ltr'>aliqua</span> <span class='ocrx_word' id='word_1_217' title='bbox 1411 1556 1464 1592; x_wconf 83' lang='lat' dir='ltr'>vis</span> <span class='ocrx_word' id='word_1_218' title='bbox 1475 1555 1639 1592; x_wconf 82' lang='lat' dir='ltr'>veritatis</span> <span class='ocrx_word' id='word_1_219' title='bbox 1652 1568 1718 1593; x_wconf 82' lang='lat' dir='ltr'>eos</span> <span class='ocrx_word' id='word_1_220' title='bbox 1737 1568 1861 1608; x_wconf 85' lang='lat' dir='ltr'>cogar,</span> <span class='ocrx_word' id='word_1_221' title='bbox 1890 1559 1951 1597; x_wconf 83' lang='lat' dir='ltr'>sed</span> 
     </span>
     <span class='ocr_line' id='line_1_27' title="bbox 345 1609 1951 1666; baseline -0.002 -11"><span class='ocrx_word' id='word_1_222' title='bbox 345 1629 389 1655; x_wconf 87' lang='lat' dir='ltr'>ea</span> <span class='ocrx_word' id='word_1_223' title='bbox 409 1617 600 1666; x_wconf 84' lang='lat' dir='ltr'>eligentes,</span> <span class='ocrx_word' id='word_1_224' title='bbox 630 1625 725 1663; x_wconf 86' lang='lat' dir='ltr'>quae</span> <span class='ocrx_word' id='word_1_225' title='bbox 748 1610 958 1649; x_wconf 86' lang='lat' dir='ltr'>minimum</span> <span class='ocrx_word' id='word_1_226' title='bbox 982 1609 1122 1648; x_wconf 81' lang='lat' dir='ltr'>amicos</span> <span class='ocrx_word' id='word_1_227' title='bbox 1142 1610 1227 1648; x_wconf 89' lang='lat' dir='ltr'>suos</span> <span class='ocrx_word' id='word_1_228' title='bbox 1254 1611 1399 1648; x_wconf 87' lang='lat' dir='ltr'>laedere</span> <span class='ocrx_word' id='word_1_229' title='bbox 1419 1610 1580 1659; x_wconf 85' lang='lat' dir='ltr'>poffunt,</span> <span class='ocrx_word' id='word_1_230' title='bbox 1609 1622 1652 1648; x_wconf 79' lang='lat' dir='ltr'>ac</span> <span class='ocrx_word' id='word_1_231' title='bbox 1675 1609 1700 1648; x_wconf 83' lang='lat' dir='ltr'>fi</span> <span class='ocrx_word' id='word_1_232' title='bbox 1719 1623 1860 1650; x_wconf 84' lang='lat' dir='ltr'>caetera</span> <span class='ocrx_word' id='word_1_233' title='bbox 1873 1614 1951 1663; x_wconf 82' lang='lat' dir='ltr'>qui·</span> 
     </span>
     <span class='ocr_line' id='line_1_28' title="bbox 343 1664 1950 1721; baseline -0.001 -12"><span class='ocrx_word' id='word_1_234' title='bbox 343 1673 434 1709; x_wconf 91' lang='lat' dir='ltr'>dem</span> <span class='ocrx_word' id='word_1_235' title='bbox 447 1670 516 1710; x_wconf 88' lang='lat' dir='ltr'>viri</span> <span class='ocrx_word' id='word_1_236' title='bbox 540 1666 814 1721; x_wconf 82' lang='lat' dir='ltr'>optimieffent.</span> <span class='ocrx_word' id='word_1_237' title='bbox 874 1667 981 1704; x_wconf 83' lang='lat' dir='ltr'>Fallit</span> <span class='ocrx_word' id='word_1_238' title='bbox 1011 1665 1164 1712; x_wconf 84' lang='lat' dir='ltr'>iterum,</span> <span class='ocrx_word' id='word_1_239' title='bbox 1194 1667 1280 1714; x_wconf 86' lang='lat' dir='ltr'>quia</span> <span class='ocrx_word' id='word_1_240' title='bbox 1295 1664 1572 1714; x_wconf 85' lang='lat' dir='ltr'>amiciquoqne</span> <span class='ocrx_word' id='word_1_241' title='bbox 1606 1666 1950 1715; x_wconf 68' lang='lat' dir='ltr'>reprehensionibus</span> 
     </span>
     <span class='ocr_line' id='line_1_29' title="bbox 340 1720 1948 1773; baseline -0.001 -9"><span class='ocrx_word' id='word_1_242' title='bbox 340 1726 414 1764; x_wconf 86' lang='lat' dir='ltr'>suis</span> <span class='ocrx_word' id='word_1_243' title='bbox 444 1724 546 1773; x_wconf 81' lang='lat' dir='ltr'>(sicut</span> <span class='ocrx_word' id='word_1_244' title='bbox 569 1725 616 1761; x_wconf 91' lang='lat' dir='ltr'>de</span> <span class='ocrx_word' id='word_1_245' title='bbox 639 1722 783 1760; x_wconf 87' lang='lat' dir='ltr'>inimici</span> <span class='ocrx_word' id='word_1_246' title='bbox 803 1720 971 1759; x_wconf 74' lang='lat' dir='ltr'>laudibus</span> <span class='ocrx_word' id='word_1_247' title='bbox 990 1720 1162 1768; x_wconf 82' lang='lat' dir='ltr'>diximus)</span> <span class='ocrx_word' id='word_1_248' title='bbox 1193 1731 1371 1770; x_wconf 79' lang='lat' dir='ltr'>tanquam</span> <span class='ocrx_word' id='word_1_249' title='bbox 1401 1721 1702 1772; x_wconf 82' lang='lat' dir='ltr'>praefatiunculis</span> <span class='ocrx_word' id='word_1_250' title='bbox 1726 1721 1948 1772; x_wconf 85' lang='lat' dir='ltr'>quibusdam</span> 
     </span>
     <span class='ocr_line' id='line_1_30' title="bbox 343 1774 1431 1828; baseline -0.008 -8"><span class='ocrx_word' id='word_1_251' title='bbox 343 1791 515 1828; x_wconf 88' lang='lat' dir='ltr'>utuntur,</span> <span class='ocrx_word' id='word_1_252' title='bbox 546 1791 624 1828; x_wconf 90' lang='lat' dir='ltr'>quo</span> <span class='ocrx_word' id='word_1_253' title='bbox 639 1779 752 1828; x_wconf 86' lang='lat' dir='ltr'>paulo</span> <span class='ocrx_word' id='word_1_254' title='bbox 772 1777 850 1827; x_wconf 86' lang='lat' dir='ltr'>post</span> <span class='ocrx_word' id='word_1_255' title='bbox 866 1776 904 1813; x_wconf 90' lang='lat' dir='ltr'>in</span> <span class='ocrx_word' id='word_1_256' title='bbox 925 1777 1049 1814; x_wconf 86' lang='lat' dir='ltr'>laudes</span> <span class='ocrx_word' id='word_1_257' title='bbox 1064 1774 1212 1813; x_wconf 78' lang='lat' dir='ltr'>effusius</span> <span class='ocrx_word' id='word_1_258' title='bbox 1226 1782 1431 1813; x_wconf 82' lang='lat' dir='ltr'>excurrant.</span> 
     </span>
    </p>

    <p class='ocr_par' dir='ltr' id='par_1_8' title="bbox 340 1830 1949 1939">
     <span class='ocr_line' id='line_1_31' title="bbox 399 1830 1949 1888; baseline -0.001 -15"><span class='ocrx_word' id='word_1_259' title='bbox 399 1834 596 1888; x_wconf 80' lang='lat' dir='ltr'>Sophisma</span> <span class='ocrx_word' id='word_1_260' title='bbox 641 1845 677 1884; x_wconf 82' lang='lat'>3.</span> <span class='ocrx_word' id='word_1_261' title='bbox 709 1834 784 1870; x_wconf 79' lang='lat' dir='ltr'>Cu</span> <span class='ocrx_word' id='word_1_262' title='bbox 789 1845 810 1884; x_wconf 93' lang='lat' dir='ltr'>J</span> <span class='ocrx_word' id='word_1_263' title='bbox 825 1844 877 1870; x_wconf 85' lang='lat' dir='ltr'>Us</span> <span class='ocrx_word' id='word_1_264' title='bbox 914 1830 1071 1885; x_wconf 82' lang='lat' dir='ltr'>privatio</span> <span class='ocrx_word' id='word_1_265' title='bbox 1099 1831 1212 1877; x_wconf 81' lang='lat' dir='ltr'>bona,</span> <span class='ocrx_word' id='word_1_266' title='bbox 1250 1831 1290 1868; x_wconf 86' lang='lat' dir='ltr'>id</span> <span class='ocrx_word' id='word_1_267' title='bbox 1319 1830 1440 1881; x_wconf 88' lang='lat' dir='ltr'>ipsum</span> <span class='ocrx_word' id='word_1_268' title='bbox 1468 1832 1631 1868; x_wconf 87' lang='lat' dir='ltr'>malum:</span> <span class='ocrx_word' id='word_1_269' title='bbox 1660 1832 1762 1878; x_wconf 58' lang='lat' dir='ltr'>cuius</span> <span class='ocrx_word' id='word_1_270' title='bbox 1789 1832 1949 1883; x_wconf 71' lang='lat' dir='ltr'>prIVatio</span> 
     </span>
     <span class='ocr_line' id='line_1_32' title="bbox 340 1888 847 1939; baseline -0.01 -10"><span class='ocrx_word' id='word_1_271' title='bbox 340 1893 451 1938; x_wconf 86' lang='lat' dir='ltr'>mala,</span> <span class='ocrx_word' id='word_1_272' title='bbox 480 1892 519 1928; x_wconf 91' lang='lat' dir='ltr'>id</span> <span class='ocrx_word' id='word_1_273' title='bbox 539 1888 659 1939; x_wconf 85' lang='lat' dir='ltr'>ipsum</span> <span class='ocrx_word' id='word_1_274' title='bbox 687 1889 847 1925; x_wconf 86' lang='lat' dir='ltr'>bonum.</span> 
     </span>
    </p>

    <p class='ocr_par' dir='ltr' id='par_1_9' title="bbox 333 1940 1960 2489">
     <span class='ocr_line' id='line_1_33' title="bbox 398 1940 1960 1993; baseline -0.001 -10"><span class='ocrx_word' id='word_1_275' title='bbox 398 1942 609 1984; x_wconf 80' lang='lat' dir='ltr'>Elenchus.</span> <span class='ocrx_word' id='word_1_276' title='bbox 639 1945 833 1980; x_wconf 77' lang='lat' dir='ltr'>FALLIT</span> <span class='ocrx_word' id='word_1_277' title='bbox 862 1941 1047 1992; x_wconf 83' lang='lat' dir='ltr'>sophisma</span> <span class='ocrx_word' id='word_1_278' title='bbox 1074 1941 1222 1979; x_wconf 84' lang='lat' dir='ltr'>duobus</span> <span class='ocrx_word' id='word_1_279' title='bbox 1242 1941 1384 1978; x_wconf 85' lang='lat' dir='ltr'>modis:</span> <span class='ocrx_word' id='word_1_280' title='bbox 1413 1940 1495 1978; x_wconf 86' lang='lat' dir='ltr'>Aut</span> <span class='ocrx_word' id='word_1_281' title='bbox 1520 1951 1672 1991; x_wconf 86' lang='lat' dir='ltr'>propter</span> <span class='ocrx_word' id='word_1_282' title='bbox 1697 1946 1960 1993; x_wconf 79' lang='lat' dir='ltr'>comparatio--</span> 
     </span>
     <span class='ocr_line' id='line_1_34' title="bbox 339 1993 1947 2048; baseline -0.001 -9"><span class='ocrx_word' id='word_1_283' title='bbox 339 2014 431 2039; x_wconf 82' lang='lat' dir='ltr'>nem</span> <span class='ocrx_word' id='word_1_284' title='bbox 461 2001 554 2038; x_wconf 89' lang='lat' dir='ltr'>boni</span> <span class='ocrx_word' id='word_1_285' title='bbox 580 2002 617 2036; x_wconf 77' lang='grc' dir='ltr'>ὅ(</span> <span class='ocrx_word' id='word_1_286' title='bbox 639 1997 748 2035; x_wconf 83' lang='lat' dir='ltr'>mali:</span> <span class='ocrx_word' id='word_1_287' title='bbox 776 1998 859 2035; x_wconf 82' lang='lat' dir='ltr'>Aut</span> <span class='ocrx_word' id='word_1_288' title='bbox 878 2009 1030 2048; x_wconf 86' lang='lat' dir='ltr'>propter</span> <span class='ocrx_word' id='word_1_289' title='bbox 1054 1993 1325 2036; x_wconf 83' lang='lat' dir='ltr'>successionem</span> <span class='ocrx_word' id='word_1_290' title='bbox 1356 1994 1447 2033; x_wconf 89' lang='lat' dir='ltr'>boni</span> <span class='ocrx_word' id='word_1_291' title='bbox 1462 1996 1506 2033; x_wconf 80' lang='lat' dir='ltr'>ad</span> <span class='ocrx_word' id='word_1_292' title='bbox 1524 1997 1682 2044; x_wconf 82' lang='lat' dir='ltr'>bonum,</span> <span class='ocrx_word' id='word_1_293' title='bbox 1709 2008 1773 2035; x_wconf 86' lang='lat' dir='ltr'>aut</span> <span class='ocrx_word' id='word_1_294' title='bbox 1796 2001 1885 2037; x_wconf 85' lang='lat' dir='ltr'>mali</span> <span class='ocrx_word' id='word_1_295' title='bbox 1903 2002 1947 2038; x_wconf 82' lang='lat' dir='ltr'>ad</span> 
     </span>
     <span class='ocr_line' id='line_1_35' title="bbox 338 2051 1946 2106; baseline 0 -13"><span class='ocrx_word' id='word_1_296' title='bbox 338 2058 497 2094; x_wconf 87' lang='lat' dir='ltr'>malum.</span> <span class='ocrx_word' id='word_1_297' title='bbox 553 2056 712 2103; x_wconf 82' lang='lat' dir='ltr'>Propter</span> <span class='ocrx_word' id='word_1_298' title='bbox 726 2054 1074 2105; x_wconf 80' lang='lat' dir='ltr'>comparationem:</span> <span class='ocrx_word' id='word_1_299' title='bbox 1105 2053 1143 2089; x_wconf 90' lang='lat' dir='ltr'>Si</span> <span class='ocrx_word' id='word_1_300' title='bbox 1164 2053 1310 2090; x_wconf 90' lang='lat' dir='ltr'>bonum</span> <span class='ocrx_word' id='word_1_301' title='bbox 1331 2052 1443 2089; x_wconf 89' lang='lat' dir='ltr'>fuerit</span> <span class='ocrx_word' id='word_1_302' title='bbox 1457 2054 1587 2101; x_wconf 84' lang='lat' dir='ltr'>generi</span> <span class='ocrx_word' id='word_1_303' title='bbox 1603 2051 1784 2100; x_wconf 85' lang='lat' dir='ltr'>humano,</span> <span class='ocrx_word' id='word_1_304' title='bbox 1812 2055 1946 2106; x_wconf 83' lang='lat' dir='ltr'>privari</span> 
     </span>
     <span class='ocr_line' id='line_1_36' title="bbox 339 2106 1946 2161; baseline -0.002 -12"><span class='ocrx_word' id='word_1_305' title='bbox 339 2112 402 2149; x_wconf 85' lang='lat' dir='ltr'>esu</span> <span class='ocrx_word' id='word_1_306' title='bbox 417 2109 622 2161; x_wconf 63' lang='lat' dir='ltr'>glandium,</span> <span class='ocrx_word' id='word_1_307' title='bbox 652 2121 734 2149; x_wconf 89' lang='lat' dir='ltr'>non</span> <span class='ocrx_word' id='word_1_308' title='bbox 756 2108 933 2159; x_wconf 86' lang='lat' dir='ltr'>sequitur,</span> <span class='ocrx_word' id='word_1_309' title='bbox 962 2108 1067 2156; x_wconf 89' lang='lat' dir='ltr'>quod</span> <span class='ocrx_word' id='word_1_310' title='bbox 1082 2108 1202 2145; x_wconf 82' lang='lat' dir='ltr'>malus</span> <span class='ocrx_word' id='word_1_311' title='bbox 1218 2106 1279 2144; x_wconf 88' lang='lat' dir='ltr'>ille</span> <span class='ocrx_word' id='word_1_312' title='bbox 1294 2117 1391 2148; x_wconf 84' lang='lat' dir='ltr'>erat3</span> <span class='ocrx_word' id='word_1_313' title='bbox 1421 2106 1482 2143; x_wconf 89' lang='lat' dir='ltr'>sed</span> <span class='ocrx_word' id='word_1_314' title='bbox 1498 2107 1665 2144; x_wconf 83' lang='lat' dir='ltr'>Dodona</span> <span class='ocrx_word' id='word_1_315' title='bbox 1685 2107 1797 2156; x_wconf 86' lang='lat' dir='ltr'>bona,</span> <span class='ocrx_word' id='word_1_316' title='bbox 1827 2111 1946 2148; x_wconf 85' lang='lat' dir='ltr'>Ceres</span> 
     </span>
     <span class='ocr_line' id='line_1_37' title="bbox 337 2160 1947 2214; baseline -0.001 -10"><span class='ocrx_word' id='word_1_317' title='bbox 337 2168 488 2204; x_wconf 87' lang='lat' dir='ltr'>melior.</span> <span class='ocrx_word' id='word_1_318' title='bbox 545 2167 682 2213; x_wconf 88' lang='lat' dir='ltr'>Neque</span> <span class='ocrx_word' id='word_1_319' title='bbox 698 2162 724 2200; x_wconf 82' lang='lat' dir='ltr'><strong>fi</strong></span> <span class='ocrx_word' id='word_1_320' title='bbox 738 2165 883 2200; x_wconf 86' lang='lat' dir='ltr'>malum</span> <span class='ocrx_word' id='word_1_321' title='bbox 897 2162 966 2200; x_wconf 85' lang='lat' dir='ltr'>fuit</span> <span class='ocrx_word' id='word_1_322' title='bbox 982 2164 1126 2214; x_wconf 88' lang='lat' dir='ltr'>populo</span> <span class='ocrx_word' id='word_1_323' title='bbox 1157 2162 1400 2211; x_wconf 84' lang='lat' dir='ltr'>Syracusano,</span> <span class='ocrx_word' id='word_1_324' title='bbox 1429 2160 1616 2210; x_wconf 84' lang='lat' dir='ltr'>Dionyfio</span> <span class='ocrx_word' id='word_1_325' title='bbox 1640 2162 1787 2200; x_wconf 87' lang='lat' dir='ltr'>seniore</span> <span class='ocrx_word' id='word_1_326' title='bbox 1803 2163 1947 2214; x_wconf 83' lang='lat' dir='ltr'>privari,</span> 
     </span>
     <span class='ocr_line' id='line_1_38' title="bbox 336 2216 1942 2271; baseline -0.001 -11"><span class='ocrx_word' id='word_1_327' title='bbox 336 2222 503 2271; x_wconf 89' lang='lat' dir='ltr'>sequitur</span> <span class='ocrx_word' id='word_1_328' title='bbox 532 2221 637 2270; x_wconf 86' lang='lat' dir='ltr'>quod</span> <span class='ocrx_word' id='word_1_329' title='bbox 666 2216 867 2268; x_wconf 85' lang='lat' dir='ltr'>Dionysius</span> <span class='ocrx_word' id='word_1_330' title='bbox 895 2219 959 2255; x_wconf 88' lang='lat' dir='ltr'>ille</span> <span class='ocrx_word' id='word_1_331' title='bbox 991 2219 1115 2256; x_wconf 91' lang='lat' dir='ltr'>bonus</span> <span class='ocrx_word' id='word_1_332' title='bbox 1137 2216 1261 2263; x_wconf 89' lang='lat' dir='ltr'>fuerit,</span> <span class='ocrx_word' id='word_1_333' title='bbox 1290 2217 1353 2255; x_wconf 92' lang='lat' dir='ltr'>sed</span> <span class='ocrx_word' id='word_1_334' title='bbox 1382 2218 1507 2255; x_wconf 88' lang='lat' dir='ltr'>minus</span> <span class='ocrx_word' id='word_1_335' title='bbox 1522 2218 1641 2254; x_wconf 89' lang='lat' dir='ltr'>malus</span> <span class='ocrx_word' id='word_1_336' title='bbox 1665 2219 1942 2271; x_wconf 86' lang='lat' dir='ltr'>quamJunior.</span> 
     </span>
     <span class='ocr_line' id='line_1_39' title="bbox 334 2271 1944 2328; baseline -0.001 -13"><span class='ocrx_word' id='word_1_337' title='bbox 334 2278 496 2328; x_wconf 84' lang='lat' dir='ltr'>Propter</span> <span class='ocrx_word' id='word_1_338' title='bbox 513 2271 800 2314; x_wconf 83' lang='lat' dir='ltr'>succeffionem:</span> <span class='ocrx_word' id='word_1_339' title='bbox 829 2275 985 2311; x_wconf 88' lang='lat' dir='ltr'>Etenim</span> <span class='ocrx_word' id='word_1_340' title='bbox 1005 2274 1166 2323; x_wconf 85' lang='lat' dir='ltr'>privatio</span> <span class='ocrx_word' id='word_1_341' title='bbox 1189 2273 1282 2310; x_wconf 89' lang='lat' dir='ltr'>boni</span> <span class='ocrx_word' id='word_1_342' title='bbox 1297 2271 1450 2316; x_wconf 83' lang='lat' dir='ltr'>alicujus</span> <span class='ocrx_word' id='word_1_343' title='bbox 1471 2284 1552 2309; x_wconf 90' lang='lat' dir='ltr'>non</span> <span class='ocrx_word' id='word_1_344' title='bbox 1572 2271 1715 2323; x_wconf 87' lang='lat' dir='ltr'>semper</span> <span class='ocrx_word' id='word_1_345' title='bbox 1735 2274 1798 2311; x_wconf 88' lang='lat' dir='ltr'>dat</span> <span class='ocrx_word' id='word_1_346' title='bbox 1813 2275 1944 2314; x_wconf 90' lang='lat' dir='ltr'>locum</span> 
     </span>
     <span class='ocr_line' id='line_1_40' title="bbox 334 2327 1940 2380; baseline -0.001 -10"><span class='ocrx_word' id='word_1_347' title='bbox 334 2334 450 2380; x_wconf 84' lang='lat' dir='ltr'>malo,</span> <span class='ocrx_word' id='word_1_348' title='bbox 481 2331 541 2370; x_wconf 88' lang='lat' dir='ltr'>sed</span> <span class='ocrx_word' id='word_1_349' title='bbox 571 2330 800 2379; x_wconf 84' lang='lat' dir='ltr'>quandoque</span> <span class='ocrx_word' id='word_1_350' title='bbox 833 2327 966 2376; x_wconf 74' lang='lat' dir='ltr'>maiori</span> <span class='ocrx_word' id='word_1_351' title='bbox 995 2330 1123 2369; x_wconf 89' lang='lat' dir='ltr'>bono;</span> <span class='ocrx_word' id='word_1_352' title='bbox 1152 2339 1194 2365; x_wconf 93' lang='lat' dir='ltr'>ut</span> <span class='ocrx_word' id='word_1_353' title='bbox 1225 2339 1312 2366; x_wconf 90' lang='lat' dir='ltr'>cum</span> <span class='ocrx_word' id='word_1_354' title='bbox 1328 2328 1398 2365; x_wconf 88' lang='lat' dir='ltr'>flos</span> <span class='ocrx_word' id='word_1_355' title='bbox 1423 2327 1575 2374; x_wconf 88' lang='lat' dir='ltr'>decidit,</span> <span class='ocrx_word' id='word_1_356' title='bbox 1604 2328 1743 2365; x_wconf 65' lang='lat' dir='ltr'>fructus</span> <span class='ocrx_word' id='word_1_357' title='bbox 1768 2328 1940 2369; x_wconf 89' lang='lat' dir='ltr'>succedit.</span> 
     </span>
     <span class='ocr_line' id='line_1_41' title="bbox 334 2382 1942 2438; baseline -0.001 -13"><span class='ocrx_word' id='word_1_358' title='bbox 334 2389 420 2425; x_wconf 88' lang='lat' dir='ltr'>Nec</span> <span class='ocrx_word' id='word_1_359' title='bbox 448 2388 610 2438; x_wconf 77' lang='lat' dir='ltr'>privatio</span> <span class='ocrx_word' id='word_1_360' title='bbox 634 2384 785 2431; x_wconf 84' lang='lat' dir='ltr'>alicujus</span> <span class='ocrx_word' id='word_1_361' title='bbox 814 2383 903 2421; x_wconf 89' lang='lat' dir='ltr'>mali</span> <span class='ocrx_word' id='word_1_362' title='bbox 931 2383 993 2421; x_wconf 86' lang='lat' dir='ltr'>dat</span> <span class='ocrx_word' id='word_1_363' title='bbox 1021 2384 1166 2436; x_wconf 87' lang='lat' dir='ltr'>semper</span> <span class='ocrx_word' id='word_1_364' title='bbox 1192 2384 1323 2421; x_wconf 87' lang='lat' dir='ltr'>locum</span> <span class='ocrx_word' id='word_1_365' title='bbox 1350 2384 1468 2429; x_wconf 87' lang='lat' dir='ltr'>bono,</span> <span class='ocrx_word' id='word_1_366' title='bbox 1499 2382 1560 2420; x_wconf 87' lang='lat' dir='ltr'>sed</span> <span class='ocrx_word' id='word_1_367' title='bbox 1584 2383 1776 2420; x_wconf 90' lang='lat' dir='ltr'>interdum</span> <span class='ocrx_word' id='word_1_368' title='bbox 1805 2386 1942 2430; x_wconf 79' lang='lat' dir='ltr'>majori</span> 
     </span>
     <span class='ocr_line' id='line_1_42' title="bbox 333 2436 1939 2489; baseline 0 -10"><span class='ocrx_word' id='word_1_369' title='bbox 333 2444 454 2479; x_wconf 85' lang='lat' dir='ltr'>malo:</span> <span class='ocrx_word' id='word_1_370' title='bbox 486 2444 586 2479; x_wconf 83' lang='lat' dir='ltr'>Nam</span> <span class='ocrx_word' id='word_1_371' title='bbox 610 2442 755 2479; x_wconf 66' lang='lat' dir='ltr'>sublato</span> <span class='ocrx_word' id='word_1_372' title='bbox 771 2437 926 2476; x_wconf 89' lang='lat' dir='ltr'>inimico</span> <span class='ocrx_word' id='word_1_373' title='bbox 943 2439 1102 2486; x_wconf 90' lang='lat' dir='ltr'>Clodio,</span> <span class='ocrx_word' id='word_1_374' title='bbox 1131 2436 1232 2476; x_wconf 85' lang='lat' dir='ltr'>Milo</span> <span class='ocrx_word' id='word_1_375' title='bbox 1249 2436 1356 2475; x_wconf 85' lang='lat' dir='ltr'>fimul</span> <span class='ocrx_word' id='word_1_376' title='bbox 1372 2437 1410 2474; x_wconf 77' lang='grc' dir='ltr'>ὅτ,</span> <span class='ocrx_word' id='word_1_377' title='bbox 1426 2438 1588 2487; x_wconf 76' lang='lat' dir='ltr'>segetem</span> <span class='ocrx_word' id='word_1_378' title='bbox 1603 2439 1746 2487; x_wconf 81' lang='lat' dir='ltr'>gloriae</span> <span class='ocrx_word' id='word_1_379' title='bbox 1765 2440 1939 2489; x_wconf 84' lang='lat' dir='ltr'>perdidit.</span> 
     </span>
    </p>

    <p class='ocr_par' dir='ltr' id='par_1_10' title="bbox 331 2491 1940 2600">
     <span class='ocr_line' id='line_1_43' title="bbox 388 2491 1940 2548; baseline 0 -14"><span class='ocrx_word' id='word_1_380' title='bbox 388 2494 584 2548; x_wconf 68' lang='lat' dir='ltr'>Sophisina</span> <span class='ocrx_word' id='word_1_381' title='bbox 611 2508 650 2546; x_wconf 92' lang='lat'>4.</span> <span class='ocrx_word' id='word_1_382' title='bbox 679 2497 826 2546; x_wconf 74' lang='lat' dir='ltr'><strong>QUOD</strong></span> <span class='ocrx_word' id='word_1_383' title='bbox 855 2495 962 2532; x_wconf 90' lang='lat' dir='ltr'>bono</span> <span class='ocrx_word' id='word_1_384' title='bbox 975 2505 1038 2532; x_wconf 84' lang='lat' dir='ltr'>aut</span> <span class='ocrx_word' id='word_1_385' title='bbox 1055 2495 1157 2532; x_wconf 87' lang='lat' dir='ltr'>malo</span> <span class='ocrx_word' id='word_1_386' title='bbox 1173 2492 1339 2531; x_wconf 87' lang='lat' dir='ltr'>vicinum</span> <span class='ocrx_word' id='word_1_387' title='bbox 1355 2492 1415 2539; x_wconf 89' lang='lat' dir='ltr'>est,</span> <span class='ocrx_word' id='word_1_388' title='bbox 1444 2492 1482 2530; x_wconf 90' lang='lat' dir='ltr'>id</span> <span class='ocrx_word' id='word_1_389' title='bbox 1505 2491 1623 2544; x_wconf 88' lang='lat' dir='ltr'>ipsum</span> <span class='ocrx_word' id='word_1_390' title='bbox 1644 2493 1775 2531; x_wconf 89' lang='lat' dir='ltr'>itidem</span> <span class='ocrx_word' id='word_1_391' title='bbox 1792 2494 1940 2534; x_wconf 91' lang='lat' dir='ltr'>bonum</span> 
     </span>
     <span class='ocr_line' id='line_1_44' title="bbox 331 2544 1936 2600; baseline 0.001 -13"><span class='ocrx_word' id='word_1_392' title='bbox 331 2561 396 2587; x_wconf 85' lang='lat' dir='ltr'>aut</span> <span class='ocrx_word' id='word_1_393' title='bbox 412 2544 571 2589; x_wconf 79' lang='lat' dir='ltr'>malum:</span> <span class='ocrx_word' id='word_1_394' title='bbox 602 2551 705 2600; x_wconf 88' lang='lat' dir='ltr'>quod</span> <span class='ocrx_word' id='word_1_395' title='bbox 721 2562 811 2588; x_wconf 90' lang='lat' dir='ltr'>vero</span> <span class='ocrx_word' id='word_1_396' title='bbox 830 2560 1023 2587; x_wconf 89' lang='lat' dir='ltr'>remotum</span> <span class='ocrx_word' id='word_1_397' title='bbox 1039 2550 1086 2587; x_wconf 91' lang='lat' dir='ltr'>est</span> <span class='ocrx_word' id='word_1_398' title='bbox 1101 2561 1120 2586; x_wconf 93' lang='lat' dir='ltr'>a</span> <span class='ocrx_word' id='word_1_399' title='bbox 1135 2549 1254 2595; x_wconf 92' lang='lat' dir='ltr'>bono,</span> <span class='ocrx_word' id='word_1_400' title='bbox 1282 2549 1425 2586; x_wconf 89' lang='lat' dir='ltr'>malurn</span> <span class='ocrx_word' id='word_1_401' title='bbox 1436 2562 1446 2589; x_wconf 73' lang='grc' dir='ltr'>ς</span> <span class='ocrx_word' id='word_1_402' title='bbox 1474 2548 1577 2598; x_wconf 91' lang='lat' dir='ltr'>quod</span> <span class='ocrx_word' id='word_1_403' title='bbox 1593 2560 1612 2584; x_wconf 84' lang='lat' dir='ltr'>a</span> <span class='ocrx_word' id='word_1_404' title='bbox 1633 2550 1748 2595; x_wconf 85' lang='lat' dir='ltr'>malo,</span> <span class='ocrx_word' id='word_1_405' title='bbox 1778 2550 1936 2588; x_wconf 86' lang='lat' dir='ltr'>bonum.</span> 
     </span>
    </p>

    <p class='ocr_par' dir='ltr' id='par_1_11' title="bbox 330 2602 1936 2766">
     <span class='ocr_line' id='line_1_45' title="bbox 390 2602 1936 2652; baseline 0.001 -10"><span class='ocrx_word' id='word_1_406' title='bbox 390 2607 566 2643; x_wconf 66' lang='lat' dir='ltr'>HAt-Er</span> <span class='ocrx_word' id='word_1_407' title='bbox 594 2607 667 2644; x_wconf 86' lang='lat' dir='ltr'>hoc</span> <span class='ocrx_word' id='word_1_408' title='bbox 692 2606 771 2644; x_wconf 86' lang='lat' dir='ltr'>fere</span> <span class='ocrx_word' id='word_1_409' title='bbox 794 2617 920 2642; x_wconf 90' lang='lat' dir='ltr'>rerum</span> <span class='ocrx_word' id='word_1_410' title='bbox 951 2615 1094 2651; x_wconf 83' lang='lat' dir='ltr'>natura,</span> <span class='ocrx_word' id='word_1_411' title='bbox 1123 2615 1164 2642; x_wconf 91' lang='lat' dir='ltr'>ut</span> <span class='ocrx_word' id='word_1_412' title='bbox 1184 2616 1278 2652; x_wconf 87' lang='lat' dir='ltr'>quae</span> <span class='ocrx_word' id='word_1_413' title='bbox 1306 2614 1436 2640; x_wconf 83' lang='lat' dir='ltr'>natura</span> <span class='ocrx_word' id='word_1_414' title='bbox 1458 2602 1518 2640; x_wconf 90' lang='lat' dir='ltr'>sua</span> <span class='ocrx_word' id='word_1_415' title='bbox 1545 2605 1792 2651; x_wconf 84' lang='lat' dir='ltr'>conveniunt,</span> <span class='ocrx_word' id='word_1_416' title='bbox 1821 2607 1936 2643; x_wconf 90' lang='lat' dir='ltr'>etiam</span> 
     </span>
     <span class='ocr_line' id='line_1_46' title="bbox 330 2657 1935 2710; baseline 0.001 -13"><span class='ocrx_word' id='word_1_417' title='bbox 330 2659 423 2697; x_wconf 84' lang='lat' dir='ltr'>locis</span> <span class='ocrx_word' id='word_1_418' title='bbox 446 2660 687 2702; x_wconf 80' lang='lat' dir='ltr'>conveniant3</span> <span class='ocrx_word' id='word_1_419' title='bbox 717 2672 811 2710; x_wconf 87' lang='lat' dir='ltr'>quae</span> <span class='ocrx_word' id='word_1_420' title='bbox 840 2672 932 2697; x_wconf 87' lang='lat' dir='ltr'>vero</span> <span class='ocrx_word' id='word_1_421' title='bbox 958 2661 1166 2698; x_wconf 84' lang='lat' dir='ltr'>contrariae</span> <span class='ocrx_word' id='word_1_422' title='bbox 1198 2669 1350 2696; x_wconf 81' lang='lat' dir='ltr'>naturae</span> <span class='ocrx_word' id='word_1_423' title='bbox 1379 2657 1476 2703; x_wconf 87' lang='lat' dir='ltr'>sunt,</span> <span class='ocrx_word' id='word_1_424' title='bbox 1505 2659 1618 2694; x_wconf 87' lang='lat' dir='ltr'>etiam</span> <span class='ocrx_word' id='word_1_425' title='bbox 1649 2659 1851 2698; x_wconf 85' lang='lat' dir='ltr'>intervallis</span> <span class='ocrx_word' id='word_1_426' title='bbox 1882 2660 1935 2699; x_wconf 90' lang='lat' dir='ltr'>di-</span> 
     </span>
     <span class='ocr_line' id='line_1_47' title="bbox 332 2712 1827 2766; baseline -0.001 -14"><span class='ocrx_word' id='word_1_427' title='bbox 332 2715 443 2752; x_wconf 73' lang='lat' dir='ltr'>stent:</span> <span class='ocrx_word' id='word_1_428' title='bbox 471 2727 558 2752; x_wconf 89' lang='lat' dir='ltr'>eum</span> <span class='ocrx_word' id='word_1_429' title='bbox 578 2714 729 2766; x_wconf 78' lang='lat' dir='ltr'>lingula,</span> <span class='ocrx_word' id='word_1_430' title='bbox 758 2712 875 2753; x_wconf 88' lang='lat' dir='ltr'>amica</span> <span class='ocrx_word' id='word_1_431' title='bbox 898 2713 963 2752; x_wconf 82' lang='lat' dir='ltr'>fibi</span> <span class='ocrx_word' id='word_1_432' title='bbox 982 2712 1164 2761; x_wconf 83' lang='lat' dir='ltr'>associare,</span> <span class='ocrx_word' id='word_1_433' title='bbox 1194 2715 1348 2750; x_wconf 89' lang='lat' dir='ltr'>inimica</span> <span class='ocrx_word' id='word_1_434' title='bbox 1374 2713 1610 2750; x_wconf 82' lang='lat' dir='ltr'>summovere</span> <span class='ocrx_word' id='word_1_435' title='bbox 1631 2714 1827 2762; x_wconf 83' lang='lat' dir='ltr'>gaudeant.</span> 
     </span>
    </p>

    <p class='ocr_par' dir='ltr' id='par_1_12' title="bbox 323 2766 1937 3041">
     <span class='ocr_line' id='line_1_48' title="bbox 387 2766 1936 2822; baseline 0.001 -16"><span class='ocrx_word' id='word_1_436' title='bbox 387 2767 596 2807; x_wconf 80' lang='lat' dir='ltr'>Elenchns.</span> <span class='ocrx_word' id='word_1_437' title='bbox 629 2773 718 2808; x_wconf 81' lang='lat' dir='ltr'>Sr-:D</span> <span class='ocrx_word' id='word_1_438' title='bbox 746 2771 842 2808; x_wconf 86' lang='lat' dir='ltr'>fallit</span> <span class='ocrx_word' id='word_1_439' title='bbox 866 2769 1053 2822; x_wconf 84' lang='lat' dir='ltr'>sophisma</span> <span class='ocrx_word' id='word_1_440' title='bbox 1080 2770 1199 2807; x_wconf 87' lang='lat' dir='ltr'>tribus</span> <span class='ocrx_word' id='word_1_441' title='bbox 1226 2769 1370 2805; x_wconf 87' lang='lat' dir='ltr'>modis:</span> <span class='ocrx_word' id='word_1_442' title='bbox 1402 2766 1527 2820; x_wconf 86' lang='lat' dir='ltr'>primo</span> <span class='ocrx_word' id='word_1_443' title='bbox 1554 2779 1708 2817; x_wconf 89' lang='lat' dir='ltr'>propter</span> <span class='ocrx_word' id='word_1_444' title='bbox 1731 2769 1936 2809; x_wconf 89' lang='lat' dir='ltr'>destitutio·</span> 
     </span>
     <span class='ocr_line' id='line_1_49' title="bbox 330 2823 1937 2877; baseline 0 -15"><span class='ocrx_word' id='word_1_445' title='bbox 330 2835 433 2870; x_wconf 88' lang='lat' dir='ltr'>nem,</span> <span class='ocrx_word' id='word_1_446' title='bbox 465 2825 628 2862; x_wconf 86' lang='lat' dir='ltr'>secundo</span> <span class='ocrx_word' id='word_1_447' title='bbox 652 2836 804 2876; x_wconf 86' lang='lat' dir='ltr'>propter</span> <span class='ocrx_word' id='word_1_448' title='bbox 827 2824 1145 2872; x_wconf 84' lang='lat' dir='ltr'>obscurationem,</span> <span class='ocrx_word' id='word_1_449' title='bbox 1173 2825 1288 2861; x_wconf 89' lang='lat' dir='ltr'>tertio</span> <span class='ocrx_word' id='word_1_450' title='bbox 1307 2834 1461 2873; x_wconf 87' lang='lat' dir='ltr'>propter</span> <span class='ocrx_word' id='word_1_451' title='bbox 1477 2823 1765 2872; x_wconf 61' lang='lat' dir='ltr'>proredionem.</span> <span class='ocrx_word' id='word_1_452' title='bbox 1823 2826 1937 2877; x_wconf 90' lang='lat' dir='ltr'>Prop-</span> 
     </span>
     <span class='ocr_line' id='line_1_50' title="bbox 328 2874 1932 2929; baseline 0 -12"><span class='ocrx_word' id='word_1_453' title='bbox 328 2889 385 2917; x_wconf 91' lang='lat' dir='ltr'>ter</span> <span class='ocrx_word' id='word_1_454' title='bbox 413 2879 709 2921; x_wconf 79' lang='lat' dir='ltr'>destitutionem3</span> <span class='ocrx_word' id='word_1_455' title='bbox 737 2880 790 2926; x_wconf 88' lang='lat' dir='ltr'>fit,</span> <span class='ocrx_word' id='word_1_456' title='bbox 822 2890 862 2917; x_wconf 92' lang='lat' dir='ltr'>ut</span> <span class='ocrx_word' id='word_1_457' title='bbox 885 2892 981 2929; x_wconf 89' lang='lat' dir='ltr'>quae</span> <span class='ocrx_word' id='word_1_458' title='bbox 1007 2881 1047 2917; x_wconf 89' lang='lat' dir='ltr'>in</span> <span class='ocrx_word' id='word_1_459' title='bbox 1083 2879 1151 2917; x_wconf 90' lang='lat' dir='ltr'>suo</span> <span class='ocrx_word' id='word_1_460' title='bbox 1176 2891 1313 2929; x_wconf 86' lang='lat' dir='ltr'>genere</span> <span class='ocrx_word' id='word_1_461' title='bbox 1339 2874 1563 2928; x_wconf 77' lang='lat' dir='ltr'>amplissiffla</span> <span class='ocrx_word' id='word_1_462' title='bbox 1587 2876 1682 2924; x_wconf 87' lang='lat' dir='ltr'>sunt,</span> <span class='ocrx_word' id='word_1_463' title='bbox 1714 2880 1750 2915; x_wconf 78' lang='grc' dir='ltr'>ὅ(</span> <span class='ocrx_word' id='word_1_464' title='bbox 1770 2882 1932 2917; x_wconf 83' lang='lat' dir='ltr'>maxime</span> 
     </span>
     <span class='ocr_line' id='line_1_51' title="bbox 327 2931 1933 2987; baseline 0.001 -17"><span class='ocrx_word' id='word_1_465' title='bbox 327 2935 526 2980; x_wconf 77' lang='lat' dir='ltr'>excellunt,</span> <span class='ocrx_word' id='word_1_466' title='bbox 557 2934 697 2982; x_wconf 82' lang='lat' dir='ltr'>omnia,</span> <span class='ocrx_word' id='word_1_467' title='bbox 725 2945 910 2983; x_wconf 87' lang='lat' dir='ltr'>quantum</span> <span class='ocrx_word' id='word_1_468' title='bbox 932 2935 1013 2973; x_wconf 90' lang='lat' dir='ltr'>fieri</span> <span class='ocrx_word' id='word_1_469' title='bbox 1033 2935 1163 2987; x_wconf 88' lang='lat' dir='ltr'>potest,</span> <span class='ocrx_word' id='word_1_470' title='bbox 1191 2934 1290 2971; x_wconf 84' lang='lat' dir='ltr'>adse</span> <span class='ocrx_word' id='word_1_471' title='bbox 1318 2934 1479 2982; x_wconf 82' lang='lat' dir='ltr'>trahant,</span> <span class='ocrx_word' id='word_1_472' title='bbox 1510 2931 1600 2970; x_wconf 86' lang='lat' dir='ltr'>&amp;in</span> <span class='ocrx_word' id='word_1_473' title='bbox 1620 2932 1744 2970; x_wconf 88' lang='lat' dir='ltr'>vicino</span> <span class='ocrx_word' id='word_1_474' title='bbox 1766 2946 1933 2986; x_wconf 79' lang='lat' dir='ltr'>quaeque·</span> 
     </span>
     <span class='ocr_line' id='line_1_52' title="bbox 323 2986 1931 3041; baseline 0.001 -16"><span class='ocrx_word' id='word_1_475' title='bbox 323 2987 443 3041; x_wconf 75' lang='lat' dir='ltr'>posita</span> <span class='ocrx_word' id='word_1_476' title='bbox 466 2989 673 3033; x_wconf 84' lang='lat' dir='ltr'>destituant,</span> <span class='ocrx_word' id='word_1_477' title='bbox 702 3000 742 3025; x_wconf 80' lang='lat' dir='ltr'>ac</span> <span class='ocrx_word' id='word_1_478' title='bbox 764 2987 862 3040; x_wconf 83' lang='lat' dir='ltr'>quasi</span> <span class='ocrx_word' id='word_1_479' title='bbox 880 2989 1001 3028; x_wconf 86' lang='lat' dir='ltr'>inedia</span> <span class='ocrx_word' id='word_1_480' title='bbox 1032 2990 1244 3028; x_wconf 86' lang='lat' dir='ltr'>conficiant.</span> <span class='ocrx_word' id='word_1_481' title='bbox 1301 2990 1428 3037; x_wconf 82' lang='lat' dir='ltr'>Itaque</span> <span class='ocrx_word' id='word_1_482' title='bbox 1449 2991 1488 3025; x_wconf 91' lang='lat' dir='ltr'>in</span> <span class='ocrx_word' id='word_1_483' title='bbox 1511 2986 1724 3038; x_wconf 90' lang='lat' dir='ltr'>propinquo</span> <span class='ocrx_word' id='word_1_484' title='bbox 1752 2989 1931 3026; x_wconf 83' lang='lat' dir='ltr'>arborum</span> 
     </span>
    </p>
   </div>
   <div class='ocr_carea' id='block_1_5' title="bbox 324 3042 1929 3138">
    <p class='ocr_par' dir='ltr' id='par_1_13' title="bbox 324 3042 1929 3138">
     <span class='ocr_line' id='line_1_53' title="bbox 324 3042 1929 3095; baseline -0.002 -12"><span class='ocrx_word' id='word_1_485' title='bbox 324 3044 524 3094; x_wconf 82' lang='lat' dir='ltr'>grandium</span> <span class='ocrx_word' id='word_1_486' title='bbox 549 3044 708 3094; x_wconf 79' lang='lat' dir='ltr'>virgulta</span> <span class='ocrx_word' id='word_1_487' title='bbox 736 3055 930 3094; x_wconf 87' lang='lat' dir='ltr'>nunquam</span> <span class='ocrx_word' id='word_1_488' title='bbox 960 3046 1054 3083; x_wconf 85' lang='lat' dir='ltr'>laeta</span> <span class='ocrx_word' id='word_1_489' title='bbox 1083 3043 1252 3095; x_wconf 82' lang='lat' dir='ltr'>reperies.</span> <span class='ocrx_word' id='word_1_490' title='bbox 1310 3044 1424 3081; x_wconf 59' lang='lat' dir='ltr'>Recle</span> <span class='ocrx_word' id='word_1_491' title='bbox 1458 3045 1561 3081; x_wconf 85' lang='lat' dir='ltr'>enim</span> <span class='ocrx_word' id='word_1_492' title='bbox 1591 3044 1666 3091; x_wconf 88' lang='lat' dir='ltr'>ille,</span> <span class='ocrx_word' id='word_1_493' title='bbox 1694 3042 1817 3082; x_wconf 79' lang='lat' dir='ltr'>divitis</span> <span class='ocrx_word' id='word_1_494' title='bbox 1839 3043 1929 3085; x_wconf 83' lang='lat' dir='ltr'>servi</span> 
     </span>
     <span class='ocr_line' id='line_1_54' title="bbox 1766 3111 1927 3138; baseline -0.025 0"><span class='ocrx_word' id='word_1_495' title='bbox 1766 3111 1927 3138; x_wconf 66' lang='lat' dir='ltr'>maxime</span> 
     </span>
    </p>
   </div>
  </div>
 </body>
</html>
