2040 3439
444 171 538 218 DE
574 166 1022 217 AUGMENTis
1057 164 1600 214 SCIENTIARUM.
1692 163 1787 211 Lib.
1805 166 1934 214 vm.

319 268 380 310 ista
404 269 656 319 intemperies,
687 270 723 305 ὃ(
751 268 868 305 calcar
898 265 1066 312 addatur,
1095 266 1160 303 ubi
1194 266 1325 304 fraeno
1352 278 1445 316 opus
1474 264 1534 305 est·
1592 266 1652 306 Ut
1683 278 1773 304 vcro
1797 280 1839 306 cx
1861 268 1935 309 hat:

322 325 539 364 animorum
559 324 823 367 contentione,
851 323 986 367 euriae,
1015 321 1152 366 judicia
1179 322 1380 372 Utrobique
1399 321 1542 358 reddita
1572 320 1680 369 (quae
1696 323 1751 358 nil
1766 324 1813 359 ad
1829 323 1933 369 juris-

323 380 528 418 didioncm
544 379 747 430 pertinent)
778 376 938 414 libenter
958 374 1184 422 rescindant,
1212 377 1451 414 intolerabile
1477 377 1633 423 malum,
1663 379 1699 413 ὅ(
1724 389 1745 413 a
1769 379 1932 427 regibus,

321 443 386 474 aut
415 434 555 480 senatu,
584 443 646 470 aut
670 430 812 481 politia,
843 433 953 483 plane
976 431 1258 469 vindicandum.
1319 428 1469 469 Pessimi
1491 429 1592 469 enim
1618 433 1781 483 exempli
1795 433 1931 482 resest5

323 500 364 528 ut
379 488 510 534 cutiae,
540 500 634 536 quae
649 499 779 539 pacem
793 486 947 524 subditis
962 487 1156 535 praestant,
1182 486 1280 524 inter
1295 485 1331 524 se
1351 487 1475 524 duella
1489 497 1696 523 exerceant.

378 540 525 595 Aphor.
547 552 614 591 97.
644 545 755 581 NON
779 542 898 580 facilis
925 540 1000 578 esto
1029 552 1091 580 aut
1120 541 1297 591 proclivis
1315 543 1360 578 ad
1386 540 1518 587 judicia
1542 540 1782 580 rescindenda
1808 543 1931 586 aditus

321 611 386 652 per
414 597 695 648 appellationes,
723 609 787 635 aut
811 595 1065 647 impetitiones
1081 598 1127 634 de
1152 610 1291 644 errore,
1320 608 1382 634 aut
1412 596 1562 644 revisuS,
1591 598 1628 633 ὃς
1656 594 1800 636 similia.
1849 600 1934 639 ⁴Re·

318 664 472 703 ceptum
502 653 597 702 apud
627 653 836 690 nonnullos
856 651 916 699 cst,
947 663 987 690 ut
1004 653 1049 689 lis
1073 652 1240 690 trahatur
1254 653 1299 690 ad
1319 652 1449 689 forum
1473 652 1651 701 superius,
1679 662 1859 701 tanquam
1873 666 1935 694 res

321 711 489 758 integra3
518 707 658 754 judicio
677 707 764 746 inde
783 708 874 745 dato
895 706 1065 756 seposito,
1094 709 1130 744 ὅ(
1146 709 1256 757 plane
1270 707 1457 757 suspenso.
1514 707 1635 758 Apud
1649 708 1744 744 alios
1758 720 1860 756 vero,
1888 718 1933 748 ut

322 763 504 810 judicium
521 764 640 816 ipsum
656 773 804 800 maneat
820 762 858 800 in
873 761 942 799 suo
962 764 1103 812 vigore,
1134 763 1195 800 sed
1210 762 1380 800 executio
1395 763 1472 805 eius
1485 772 1634 800 tantum
1650 762 1770 799 eefl‘et.
1825 765 1933 804 Neu—

319 825 425 857 trum
453 820 584 869 placet,
614 817 680 856 nisi
706 820 841 865 curiae,
871 819 911 854 in
940 817 1073 868 quibus
1100 817 1281 864 judicium
1311 818 1500 855 redditum
1517 815 1571 864 sit,
1602 817 1742 855 fuerint
1758 817 1933 867 humiles,

321 877 359 912 &
381 873 566 912 inferioris
590 873 751 911 ordinis:
783 874 855 911 Sed
878 875 1015 923 potius,
1044 884 1086 911 ut
1110 876 1146 910 δ(
1169 872 1350 919 judicium
1379 873 1456 920 stet,
1487 875 1523 910 ὅ(
1543 873 1722 922 procedat
1746 873 1824 919 ejus
1850 886 1934 913 exe·-

320 931 450 970 cuti03
481 930 602 967 modo
622 931 749 967 cautio
767 929 875 967 detur
897 941 918 966 a
948 929 1176 967 defendente
1200 929 1247 966 de
1270 927 1417 966 damnis
1435 930 1472 965 &
1487 925 1662 979 expensiS,
1691 925 1717 964 si
1743 928 1937 975 judicium

321 984 431 1022 fucrit
449 983 643 1022 rescissum.
1647 993 1652 1001 ’

372 1039 553 1091 ATQUE
578 1041 637 1076 hic
666 1040 796 1077 titulus
825 1041 871 1076 de
896 1038 1124 1077 certitudine
1153 1040 1295 1090 legum,
1325 1040 1370 1076 ad
1400 1039 1615 1088 exemplum
1642 1036 1770 1088 digesti
1796 1037 1931 1089 reliqui

323 1095 439 1143 (quod
466 1094 706 1143 meditamur)
738 1091 904 1132 sufficiet.
955 1094 1042 1147 Jam
1072 1108 1164 1132 vcro
1191 1094 1402 1132 doelrinam
1427 1095 1578 1131 civilem
1610 1093 1815 1143 (quatenns
1842 1106 1929 1133 cam

318 1151 430 1187 nobis
455 1151 604 1187 traciare
631 1148 750 1187 visum
780 1148 846 1199 est)
890 1148 1151 1188 conclusimus.
1208 1149 1340 1199 Atque
1363 1163 1437 1188 una
1465 1161 1552 1186 cum
1583 1161 1625 1186 ea
1647 1148 1928 1200 philosophiam

317 1205 547 1242 humanam:
573 1203 662 1242 sieut
692 1206 807 1242 etiam
835 1217 924 1244 cum
953 1205 1190 1257 philosophia
1215 1205 1379 1243 humana
1401 1204 1679 1255 philosophiam
1708 1205 1748 1240 in
1776 1216 1927 1254 genere.

317 1261 492 1297 Tandem
521 1259 631 1308 igitur
653 1260 848 1309 paululum
864 1259 1094 1310 respirantes,
1123 1270 1234 1309 atque
1254 1261 1299 1297 ad
1316 1273 1369 1307 ca,
1393 1272 1487 1309 quae
1516 1259 1758 1312 praetervesti
1787 1259 1927 1308 sumus,

319 1317 451 1352 oculos
478 1314 784 1361 retroflcdentes,
808 1315 909 1353 hunc
924 1316 1124 1354 tractatum
1139 1314 1309 1353 nostrum
1325 1328 1408 1354 non
1422 1313 1630 1352 absimilem
1644 1314 1715 1352 eise
1736 1313 1931 1354 censemus.

317 1369 417 1407 sonis
434 1369 504 1407 illis
525 1373 561 1407 ὃ(
575 1371 788 1422 praeludiis,
814 1383 908 1419 quae
923 1381 1159 1423 praetentant
1179 1369 1320 1418 musici,
1349 1371 1442 1408 dum
1458 1370 1546 1408 fides
1560 1369 1606 1407 ad
1621 1369 1928 1408 modulationem

316 1427 551 1462 concinnant
569 1440 575 1461 :
606 1437 700 1474 quae
724 1425 799 1477 ipsa
827 1425 980 1475 quidem
1006 1427 1155 1464 auribus
1175 1427 1366 1476 ingratum
1386 1425 1565 1478 quiddam
1587 1427 1622 1463 &
1641 1425 1812 1476 asperum
1827 1424 1930 1463 exhi-

317 1481 428 1519 bent3
460 1491 495 1517 at
510 1480 548 1517 in
564 1480 667 1518 causa
685 1480 780 1526 sunt,
811 1492 851 1519 ut
867 1493 961 1530 quae
978 1481 1182 1531 sequuntur
1201 1484 1333 1520 onmia
1353 1479 1422 1519 sint
1443 1480 1609 1520 suaviora
1626 1494 1634 1516 :
1660 1478 1708 1517 sie
1736 1481 1926 1517 nimirum

313 1548 385 1572 nos
405 1535 441 1572 in
464 1537 634 1573 animum
653 1534 876 1584 induximus,
905 1546 946 1574 ut
967 1538 1007 1574 in
1021 1537 1162 1575 cithara
1185 1536 1376 1575 musarum
1396 1536 1672 1580 concinnanda,
1703 1537 1741 1572 δε
1768 1535 1814 1572 ad
1843 1535 1925 1573 har-

313 1593 487 1628 moniam
502 1604 625 1629 vcram
642 1592 854 1640 redigenda,
883 1604 1037 1644 operam
1058 1604 1290 1640 navaremuS,
1316 1605 1394 1642 quo
1422 1593 1468 1629 ab
1491 1592 1569 1628 aliis
1591 1590 1713 1643 postca
1731 1590 1928 1643 pulsentur

313 1645 487 1693 chordae,
515 1645 671 1684 meliore
702 1648 825 1696 digito
844 1657 907 1684 aut
934 1648 1087 1699 plec‘iro.
1146 1649 1253 1694 Sane,
1282 1659 1369 1685 cum
1399 1646 1507 1685 nobis
1532 1657 1619 1684 ante
1634 1647 1767 1684 oculos
1785 1657 1926 1696 propo-

314 1713 448 1739 namus
468 1713 688 1751 temporum
704 1702 843 1739 horum
864 1701 1009 1749 statum,
1044 1704 1084 1740 in
1101 1702 1234 1753 quibus
1248 1701 1373 1741 literae
1388 1704 1463 1750 jam
1478 1704 1595 1740 tertio
1615 1703 1659 1739 ad
1680 1702 1859 1739 mortales
1870 1702 1924 1740 vi-

313 1756 451 1794 dentur
479 1757 644 1794 rediiffe:
672 1756 711 1793 &
731 1769 805 1796 una
819 1756 1018 1807 diligenter
1041 1759 1255 1796 intueamur
1269 1771 1384 1807 quam
1399 1759 1508 1796 variis
1532 1758 1606 1803 jam
1633 1769 1704 1794 nos
1725 1754 1922 1795 inviserint

311 1811 505 1849 instruCtae
524 1810 709 1861 praesidiis
731 1815 767 1849 &
781 1812 924 1850 auxiliis
941 1827 949 1850 :
977 1812 1098 1864 qualia
1117 1813 1202 1851 sunt
1217 1813 1460 1863 ingeniorum
1477 1813 1594 1850 nostri
1609 1813 1794 1864 temporis
1816 1823 1923 1851 com-

310 1865 475 1917 plurium
489 1879 648 1904 acumen
669 1869 705 1904 ὅ(
732 1866 960 1905 sublimitas:
995 1869 1130 1906 eximia
1148 1869 1212 1906 illa
1231 1879 1486 1907 monumenta
1500 1867 1722 1918 scriptorum
1737 1877 1923 1915 veterum,
1966 1885 1971 1888 ·

307 1933 402 1968 quae
418 1920 533 1959 veluti
549 1932 607 1959 tor
629 1922 725 1959 faces
745 1921 856 1960 nobis
876 1924 1090 1975 praelucent
1109 1938 1117 1961 :
1143 1936 1197 1961 ars
1216 1922 1493 1976 typographica,
1524 1922 1638 1961 libros
1665 1922 1923 1972 cujuscunque

305 1976 481 2014 fortunae
502 1976 717 2014 hominibus
733 1978 832 2028 larga
853 1991 969 2016 manu
990 1978 1249 2031 suppeditans3
1276 1978 1407 2017 oceani
1424 1977 1521 2016 sinus
1539 1979 1660 2025 laxati,
1691 1981 1729 2016 ὅ(
1753 1976 1856 2016 orbis
1876 1990 1921 2016 ex

304 2034 415 2069 omni
436 2043 539 2081 parte
559 2043 787 2082 peragratuS,
817 2034 918 2071 unde
942 2033 1193 2083 experimenta
1221 2035 1384 2084 plurima
1406 2034 1530 2086 priscis
1554 2036 1686 2084 ignota
1700 2045 1920 2084 comparue-

306 2097 408 2133 runt,
439 2089 474 2124 δε
495 2086 627 2137 ingens
646 2085 794 2125 accessit
811 2088 972 2126 naturali
988 2088 1159 2127 historiae
1174 2091 1348 2127 cumulus
1362 2107 1378 2133 ,-
1408 2091 1546 2136 otium,
1570 2102 1650 2138 quo
1678 2091 1830 2139 ingenia
1851 2100 1919 2139 op-

307 2143 400 2178 tima
420 2144 459 2179 in
488 2145 611 2192 regnis
627 2145 662 2180 ὅ(
679 2142 879 2193 provinciis
893 2146 1064 2194 Europae
1089 2144 1227 2194 ubique
1245 2145 1450 2193 abundant,
1478 2157 1567 2182 cum
1594 2144 1757 2195 negotiis
1786 2146 1917 2184 minus

309 2196 363 2234 his
393 2196 431 2233 in
460 2199 555 2234 locis
579 2197 820 2250 implicentur
842 2199 1032 2246 homines,
1057 2213 1171 2251 quam
1195 2211 1257 2238 aut
1287 2201 1431 2247 Graeci,
1461 2210 1612 2250 propter
1634 2201 1830 2253 populares
1854 2200 1918 2240 sta-

307 2263 378 2299 tus,
408 2263 470 2290 aut
492 2265 646 2306 propter
673 2253 865 2292 ditionum
893 2254 1183 2305 amplitudinem
1208 2258 1377 2294 Romani
1401 2255 1591 2293 solebant:
1620 2268 1701 2308 pax,
1730 2267 1804 2305 qua
1831 2255 1921 2293 frui-

307 2317 369 2344 tui·
398 2308 471 2345 hoc
499 2319 669 2358 tempore
692 2308 893 2357 Britannia,
911 2309 1095 2362 Hispania,
1127 2310 1240 2358 Italia,
1270 2313 1383 2349 etiam
1411 2324 1514 2349 nunc
1540 2312 1674 2358 Gallia,
1704 2312 1848 2359 &aliae
1862 2323 1919 2349 rc-

308 2365 439 2410 ‹gioncs
463 2376 542 2400 non
566 2377 702 2416 paucae
719 2383 732 2408 ,-
759 2364 1002 2415 consumptio
1025 2368 1062 2402 ὃς
1091 2365 1297 2404 exinanitio
1313 2365 1489 2404 omnium
1506 2379 1600 2415 quac
1615 2367 1791 2404 videntur
1805 2361 1914 2414 e'xco-

306 2420 415 2465 gitari
438 2430 500 2456 aut
524 2419 595 2456 dici
610 2420 711 2469 posse
726 2419 819 2457 circa
842 2419 1112 2459 controversias
1138 2423 1343 2471 religionis,
1369 2434 1465 2470 quae
1487 2433 1546 2459 tot
1574 2420 1724 2471 ingenia
1748 2422 1823 2467 jam
1847 2422 1914 2459 diu

306 2471 535 2511 diverterunt
557 2488 577 2511 a
601 2486 828 2513 caeterarum
849 2475 984 2513 artium
1006 2477 1156 2517 studiis;
1187 2476 1334 2515 summa
1354 2479 1389 2513 ὅ(
1414 2478 1596 2514 excellens
1614 2475 1806 2521 majestatis
1827 2487 1915 2515 tuae

305 2528 478 2574 eruditio,
503 2531 561 2566 cui
594 2529 790 2580 (tanquam
820 2530 1001 2568 Plioenici
1031 2532 1214 2579 volucres)
1246 2542 1448 2581 aggregant
1477 2531 1512 2569 se
1536 2532 1705 2581 undique
1733 2531 1912 2582 ingenia:

305 2582 505 2632 proprietas
528 2585 689 2636 denique
707 2585 769 2623 illa
785 2585 1044 2635 inseparabilis,
1061 2599 1154 2635 quae
1171 2597 1316 2636 tempus
1331 2585 1449 2639 ipsum
1467 2586 1642 2635 sequitur,
1659 2598 1700 2625 ut
1715 2590 1913 2625 veritatem

306 2637 427 2673 indies
445 2642 641 2686 parturiat:
664 2641 753 2678 hacc
785 2639 972 2689 (inquam)
1002 2653 1088 2678 cum
1106 2643 1328 2691 cogitamus,
1353 2654 1434 2679 non
1458 2642 1648 2694 poil'umus
1672 2644 1810 2680 nonin
1826 2654 1912 2680 cam

305 2691 406 2740 spem
436 2692 604 2731 animuin
634 2697 786 2745 erigere,
827 2707 867 2735 ut
896 2696 1158 2744 existimemus,
1183 2696 1332 2735 tertiam
1363 2697 1460 2735 hanc
1488 2697 1681 2735 literarum
1709 2698 1911 2750 periodum

305 2747 394 2782 duas
411 2747 488 2783 illas
504 2749 654 2798 priores,
681 2752 777 2800 apud
795 2752 958 2789 Graecos
973 2754 1010 2789 ὅ(
1025 2753 1235 2799 Romanos,
1259 2754 1380 2802 longo
1397 2755 1597 2791 intervallo
1619 2753 1874 2804 superaturam
1892 2772 1908 2796 ,-

304 2802 427 2837 modo
458 2801 583 2839 saltem
615 2805 798 2853 homines,
830 2809 865 2844 ὅ(
895 2808 990 2844 vires
1019 2806 1097 2844 suas
1132 2817 1242 2857 atque
1270 2808 1434 2845 defeelus
1454 2810 1566 2845 ctiam
1596 2807 1731 2846 virium
1761 2808 1910 2847 suarum

304 2856 423 2907 probe
440 2858 474 2891 δ(
492 2858 691 2905 prudenter
709 2863 810 2898 noss'e
828 2863 945 2899 velint
964 2880 976 2904 ‚-
1006 2873 1119 2910 atque
1138 2864 1201 2899 alii
1217 2863 1262 2900 ab
1278 2862 1355 2900 aliis
1371 2862 1601 2901 inventionis
1616 2864 1796 2913 lampada,
1827 2876 1910 2901 non

304 2911 611 2949 contradictionis
641 2925 757 2952 torres
785 2916 979 2966 accipiant,
1009 2928 1121 2967 atque
1151 2916 1434 2966 inquisitionem
1464 2918 1623 2955 veritatis
1651 2931 1721 2969 pro
1755 2921 1911 2972 incepto

301 2967 437 3025 nobili,
468 2978 548 3003 non
575 2979 644 3017 pto
673 2969 948 3008 delestamcnto
973 2983 1035 3010 aut
1061 2983 1292 3010 ornamento
1321 2984 1475 3023 putent:
1506 2984 1615 3023 atque
1637 2986 1725 3022 opes
1744 2987 1786 3012 ae
1806 2986 1911 3023 mag-

301 3020 529 3060 nificentiam
546 3020 764 3074 impendant
786 3027 825 3064 in
847 3039 901 3064 res
922 3026 1053 3068 solidas
1073 3030 1108 3066 δε
1125 3027 1286 3075 eximias,
1316 3030 1453 3067 nonin
1468 3029 1698 3078 pervulgatas
1714 3032 1746 3066 5(
1765 3030 1904 3067 obvias.

1841 3084 1906 3121 Ad

1886 3221 1908 3263 3
