2040 3439
165 229 258 262 102

367 202 467 257 DE
520 199 1019 255 AUGMENTIS
1055 196 1672 246 SCIENTIARUM.
1723 196 1910 249 LiinL

299 320 373 357 que
395 308 514 357 magis
529 303 728 355 exquisitos
751 305 787 341 δε
808 303 1034 340 occultiores
1054 300 1276 350 producant.
1335 298 1394 335 Illi
1409 309 1499 335 vero
1515 297 1695 350 seponere
1709 302 1837 350 primo
1851 302 1914 340 de-

299 364 470 410 buerant,
500 362 739 414 operationes
764 358 852 395 solis
871 369 937 407 per
962 357 1126 393 calorem
1151 353 1416 393 manifestuum
1446 356 1482 390 ὅ(
1510 351 1679 391 similiter
1700 356 1809 393 lunae
1833 358 1914 394 vim

299 418 489 470 quandam
511 416 775 465 magneticam,
806 413 913 463 super
934 413 1169 448 incrementa
1189 409 1352 446 aestuum
1369 407 1648 446 semimenstrua
1667 423 1674 445 :
1708 411 1809 456 (nam
1824 411 1914 451 flux-

301 486 342 510 us
366 476 402 510 ὃς
428 471 586 509 refluxus
601 467 709 506 maris
725 468 969 517 quotidianus
990 467 1059 503 alia
1074 477 1129 502 res
1145 464 1194 502 est
1210 466 1234 513 z)
1264 465 1321 501 his
1340 475 1433 502 vero
1449 461 1621 515 sepositiS,
1651 466 1811 514 reliquas
1840 469 1915 519 pla-

299 538 474 565 netarum
502 527 597 564 vires
626 524 733 573 super
753 523 937 560 naturalia
966 521 1163 570 (quatenus
1192 520 1420 571 experientia
1446 521 1759 569 comprobantur)
1785 533 1917 561 tenues

298 582 509 619 admodum
530 582 566 617 ὃς
588 579 765 625 infirmas,
797 580 834 615 ὃ(
853 574 951 628 quasi
970 577 1158 613 latitantes
1174 573 1372 627 reperient,
1401 573 1517 612 ctiam
1546 572 1586 611 in
1612 577 1919 617 revolutionibus

298 637 516 683 majoribus
573 636 700 686 Quare
724 634 918 671 contrario
943 631 1093 684 prorsus
1121 631 1242 668 modo
1266 630 1494 667 concludere
1519 629 1752 667 debuerant:
1792 632 1915 671 Nimi-

301 704 385 730 rum
402 705 412 732 3
441 702 528 728 cum
550 690 806 726 revolutiones
821 689 906 725 illae
924 688 1085 729 majores
1099 696 1178 723 ram
1194 697 1326 738 parum
1343 681 1486 734 possint
1503 698 1512 725 ς
1541 686 1680 722 exastas
1696 687 1775 723 illas
1791 691 1827 725 ὃ(
1847 691 1917 727 mi-

300 759 410 785 nutas
429 744 678 798 positurarum
695 743 927 781 differentias
944 741 1039 779 nihil
1055 743 1220 779 omnino
1243 739 1380 777 virium
1396 741 1584 777 obtinere.
1641 741 1774 778 Tertio
1795 743 1920 782 fatalia

301 804 379 848 illa,
410 801 513 850 quod
531 801 623 838 liora
639 798 843 837 nativitatis
859 808 920 835 aut
935 798 1198 849 conceptionis
1213 796 1409 833 fortunam
1424 795 1547 832 foetus
1563 806 1676 844 regat,
1689 796 1781 835 hora
1798 801 1920 850 incep-

299 858 418 895 tionis
441 857 637 894 fortunam
663 856 817 904 incepti,
847 854 941 891 hora
961 852 1181 904 quaestionis
1204 851 1399 888 fortunam
1423 852 1476 887 rei
1492 849 1694 899 inquisitae,
1724 863 1834 904 atque
1863 857 1918 903 (ut

300 912 420 950 verbo
448 911 630 960 dicamus)
658 911 849 948 do&riiias
883 909 929 946 de
964 908 1232 954 nativitatibus,
1274 905 1532 952 demonibus,
1570 908 1607 943 ὅς
1631 906 1918 959 quaestionibus,

301 971 338 1005 a&
373 966 579 1004 istiusmodi
608 965 781 1012 levitates,
811 966 974 1002 maxima
1004 976 1047 1000 ex
1070 973 1184 1013 parte,
1225 960 1320 999 nihil
1348 963 1441 998 certi
1471 972 1533 998 aut
1559 959 1669 999 solidi
1701 962 1848 1011 habere,
1878 967 1917 1003 δε

300 1024 510 1060 rationibus
534 1019 689 1071 physicis
704 1022 813 1070 plane
840 1018 1009 1069 redargui
1037 1021 1074 1056 ὅ(
1094 1020 1229 1065 evinci,
1259 1017 1478 1063 judicamus.
1536 1017 1633 1054 lllud
1654 1019 1770 1068 igitur
1799 1023 1919 1070 magis

302 1080 438 1116 attinet
466 1078 602 1123 dicere,
631 1075 720 1125 quid
736 1076 891 1113 tandem
920 1073 959 1111 in
983 1072 1213 1124 astrologicis
1237 1075 1466 1110 retineamus
1489 1082 1552 1109 aut
1577 1073 1808 1122 probemus?
1849 1075 1921 1114 At-

301 1132 429 1182 quein
448 1131 490 1169 iis
505 1144 600 1181 quae
615 1133 829 1181 probamus,
856 1130 946 1181 quid
967 1127 1238 1167 desideremus?
1280 1129 1382 1165 Nam
1405 1127 1515 1172 hujus-
1530 1128 1738 1179 postremae
1760 1132 1815 1167 rei
1838 1143 1917 1181 gra-

301 1191 354 1226 tia
375 1187 531 1238 (nempe
565 1188 644 1228 ejus
674 1186 778 1235 quod
807 1183 1046 1232 desideratur)
1077 1184 1294 1221 sermonem
1318 1183 1418 1220 hunc
1440 1181 1677 1231 instituimus,
1707 1196 1796 1222 cum
1829 1187 1920 1226 alias

300 1243 466 1281 censuris
496 1243 552 1288 (ut
582 1242 685 1294 saepe
714 1240 887 1288 diximus)
919 1252 1000 1277 non
1024 1251 1209 1278 vacemus.
1265 1238 1398 1286 Atque
1421 1239 1519 1275 inter
1539 1249 1685 1288 recepta
1710 1250 1823 1288 certe,
1852 1241 1922 1280 do-

301 1300 462 1335 urinam
491 1298 538 1334 de
564 1296 877 1342 revolutionibus,
917 1296 998 1344 plus
1027 1293 1189 1332 sanitatis
1211 1306 1325 1345 quam
1355 1293 1509 1341 reliqua,
1549 1292 1684 1331 habere
1713 1295 1862 1334 censem
1891 1310 1919 1336 s.

300 1355 446 1390 Verum
475 1351 513 1389 id
537 1353 727 1402 optimum
752 1351 850 1389 faciu
873 1350 983 1397 soret,
1012 1348 1037 1387 si
1054 1352 1197 1400 regulas
1218 1348 1396 1398 quasdam
1417 1348 1724 1400 praescribamus,
1753 1352 1798 1388 ad
1832 1309 1889 1401 qg
1907 1375 1923 1381 -

300 1421 386 1447 rum
403 1409 587 1446 trutinam
603 1410 833 1445 &normam
853 1406 1073 1456 astrologica
1088 1404 1371 1446 examinentur3
1402 1414 1443 1441 ut
1463 1405 1569 1441 utilia
1592 1406 1837 1454 retineantur,
1865 1413 1924 1446 re-

301 1465 477 1510 jiciantur
494 1464 630 1500 inania.
676 1464 803 1500 Prima
818 1474 860 1499 ea
874 1460 929 1509 sir,
945 1461 993 1498 de
1007 1474 1081 1510 qua
1095 1462 1170 1507 jam
1187 1471 1273 1497 ante
1289 1461 1524 1505 monuimus
1543 1458 1829 1499 Revolutiones
1842 1474 1919 1502 ma-

287 1517 404 1573 jores
431 1518 690 1565 retineantur,
719 1515 885 1555 valeant
915 1517 1081 1554 minores
1107 1514 1390 1568 horoscoporum
1421 1511 1469 1557 <VJ
1487 1512 1693 1553 domorum.
1750 1518 1838 1555 Illae
1862 1521 1919 1557 in-

300 1575 370 1612 star
384 1584 672 1611 tormentorum
692 1572 907 1623 grandium,
938 1573 1030 1609 istus
1059 1571 1144 1610 suos
1167 1585 1186 1609 a
1202 1573 1420 1621 longinquo
1440 1571 1558 1615 jacere
1574 1582 1726 1620 queant,
1757 1571 1824 1610 hae
1839 1583 1918 1612 tan-

301 1641 415 1678 quam
442 1641 546 1666 arcus
571 1631 740 1666 minores
757 1628 868 1681 spatia
888 1628 1044 1665 evadere
1073 1630 1108 1664 ὅ(
1129 1629 1225 1665 vires
1252 1627 1396 1664 deferre
1425 1638 1505 1663 non
1527 1626 1687 1676 poss'unt.
1747 1629 1918 1668 Secunda

301 1685 377 1726 ests
409 1684 596 1736 Operatio
617 1681 829 1734 coelestium
860 1683 901 1720 z'n
927 1691 1081 1735 corpora
1112 1683 1313 1735 omnigena
1336 1693 1410 1719 non
1439 1679 1564 1728 valet,
1584 1679 1664 1733 fid
1688 1688 1845 1721 tantum
1872 1684 1916 1723 in

301 1740 507 1787 teneriora,
537 1741 660 1788 qualia
690 1741 774 1777 sunt
803 1740 995 1787 humores,
1025 1740 1084 1775 a‘e'r
1117 1740 1153 1775 ὃ(
1182 1738 1355 1788 spiritus:
1386 1736 1517 1785 Atque
1545 1737 1607 1774 hic
1636 1747 1764 1775 tamen
1789 1739 1920 1790 excipi-

301 1807 388 1832 mus
416 1797 656 1844 operationes
673 1796 818 1841 caloris,
849 1794 936 1830 solis
965 1796 1002 1830 δε
1030 1793 1260 1839 coelestium,
1289 1794 1406 1841 qui&
1423 1793 1467 1829 ad
1497 1793 1649 1829 metalla
1674 1794 1711 1830 δε
1736 1794 1783 1830 ad
1809 1795 1922 1845 pluri·

302 1862 365 1888 ma
389 1850 624 1888 subterranea
653 1850 908 1899 proculdubio
932 1859 1113 1898 penetrat.
1171 1850 1302 1886 Tertia
1331 1848 1403 1884 cst:
1438 1846 1578 1885 Omnis
1606 1849 1777 1899 operatio
1806 1849 1920 1889 coele-

289 1903 425 1956 stium,
445 1906 583 1956 potius
607 1903 662 1942 ad
684 1902 824 1955 maffas
847 1915 973 1941 rerum
988 1901 1228 1951 extenditur,
1258 1914 1373 1956 quam
1401 1900 1457 1940 ad
1482 1900 1721 1940 individua:
1750 1904 1922 1955 Oblique

302 1972 431 1998 tamen
455 1961 624 2009 pervenit
648 1962 761 1998 etiam
792 1960 837 1997 ad
861 1959 1055 1996 individua
1086 1960 1298 1997 nonnulla:
1329 1960 1395 1996 Illa
1424 1957 1574 2004 scilicet,
1602 1971 1696 2009 quae
1717 1971 1759 1996 ex
1789 1961 1922 2000 indivi-

301 2017 385 2053 duis
406 2015 574 2061 ejusdem
595 2015 727 2065 speciei
743 2015 828 2052 sunt
854 2016 1017 2052 maxime
1041 2011 1235 2064 passibilia,
1267 2016 1304 2051 &
1331 2024 1510 2062 tanquam
1536 2026 1619 2050 cera
1648 2015 1832 2057 mollior3
1860 2029 1922 2057 ve-

302 2070 372 2109 luti
393 2083 480 2108 cum
497 2070 725 2108 constitutio
738 2073 832 2108 aeris
847 2068 1020 2120 pestilens
1035 2082 1196 2121 corpora
1217 2071 1344 2105 minus
1376 2067 1572 2107 resistentia
1601 2080 1771 2119 occupat,
1801 2072 1937 2123 magis‘

303 2124 502 2165 resistentia
521 2125 707 2176 praeterit.
763 2128 906 2178 Quarta
927 2124 976 2162 est
990 2125 1227 2177 praecedenti
1250 2136 1331 2161 non
1351 2121 1536 2161 diffimilis
1555 2139 1562 2160 :
1595 2123 1736 2162 Omnis
1749 2127 1921 2178 operatio

304 2177 528 2232 coelestium,
556 2192 631 2219 non
663 2181 706 2219 in
763 2179 879 2218 uncta
899 2186 1120 2232 temporum,
1152 2186 1220 2217 aut
1252 2177 1448 2231 angustias
1468 2179 1654 2227 minutas,
1673 2178 1752 2232 fid
1775 2181 1817 2218 in
1830 2181 1921 2236 spa-

303 2238 364 2275 tia
387 2233 537 2290 mojora
555 2234 691 2287 defluit
708 2189 760 2278 g
770 2234 992 2273 dominatur
1008 2250 1019 2272 .·
1049 2237 1178 2284 Itaque
1199 2236 1472 2287 praedictiones
1493 2235 1540 2272 de
1569 2239 1834 2287 temperaturis
1859 2250 1922 2276 an-

305 2292 356 2339 ni,
372 2304 479 2330 verae
495 2292 565 2329 effe
579 2288 722 2344 possint
738 2293 785 2330 de
800 2291 932 2328 diebus
947 2289 1111 2341 fingulis,
1127 2304 1198 2343 pro
1213 2289 1315 2328 vanis
1325 2292 1466 2328 merito
1476 2290 1673 2327 habentur.
1730 2292 1921 2332 Postrema

306 2348 354 2385 est
380 2348 487 2399 (quae
507 2349 621 2384 etiam
649 2347 958 2397 prudentioribus
985 2347 1179 2396 astrologis
1208 2345 1353 2398 semper
1383 2346 1535 2395 placuit)
1566 2346 1671 2397 quod
1698 2345 1806 2384 nulla
1831 2346 1923 2399 infit

306 2400 422 2452 astris
433 2399 589 2454 fatalis
611 2400 809 2452 neceffitas
831 2420 844 2445 ,-
874 2402 936 2439 sed
956 2403 1061 2450 quod
1084 2400 1271 2438 inclinent
1298 2413 1340 2438 ea
1358 2403 1484 2453 potius
1501 2413 1615 2449 quam
1636 2412 1785 2450 cogant.
1841 2404 1923 2443 Ad-

305 2459 428 2495 dimus
448 2460 483 2495 &
500 2458 606 2504 illud,
640 2459 693 2504 (in
710 2470 789 2507 quo
809 2459 848 2494 in
864 2467 983 2510 partes
999 2457 1231 2506 astrologiae,
1260 2454 1285 2492 si
1299 2454 1411 2495 fuerit
1426 2457 1634 2503 emendata,
1665 2468 1747 2494 non
1763 2457 1923 2497 obscure

303 2514 433 2549 venire
460 2513 706 2562 videbimur3)
737 2512 921 2551 nimirum
941 2513 1046 2562 quod
1070 2512 1181 2549 nobis
1214 2523 1285 2561 pro
1305 2522 1412 2549 certo
1432 2510 1586 2557 constet,
1615 2512 1787 2550 eoelestia
1815 2515 1855 2551 in
1884 2515 1922 2552 se

305 2567 440 2604 habere
469 2569 562 2605 alios
582 2568 766 2617 quosdam
792 2567 963 2615 influxus,
993 2578 1137 2617 praeter
1158 2568 1325 2604 calorem
1348 2569 1386 2604 δε
1406 2568 1556 2603 lumen:
1592 2567 1670 2618 Qii
1691 2577 1819 2607 tamen
1840 2568 1919 2620 ipsi,

304 2621 511 2659 secundum
528 2625 669 2673 regulas
684 2623 776 2671 illas,
807 2635 896 2673 quas
917 2624 993 2669 jam
1008 2622 1203 2674 posuimus
1219 2624 1254 2659 ὅτ.
1275 2634 1358 2659 non
1372 2623 1492 2666 aliter,
1509 2622 1647 2659 valent.
1703 2624 1849 2661 Verum
1864 2625 1921 2663 illi

305 2679 347 2714 in
375 2678 510 2713 intima
526 2677 670 2726 physica
685 2681 815 2725 latent,
846 2681 882 2716 δε
903 2676 1439 2728 longioremdissertationem
1461 2676 1660 2728 postulant.
1721 2678 1855 2716 Visum
1871 2680 1922 2718 est

306 2733 422 2781 igitur
451 2732 562 2768 nobis
593 2734 674 2781 (his,
713 2747 808 2784 quae
833 2735 1008 2780 diximus,
1046 2734 1117 2769 rite
1150 2730 1348 2784 perpensis)
1384 2731 1481 2769 inter
1507 2730 1707 2770 desiderata
1736 2745 1921 2786 reponere

306 2786 545 2835 astrologiam
569 2787 625 2824 liis
645 2791 837 2840 principiis
856 2788 992 2827 nostris
1017 2787 1310 2825 consentaneam
1329 2802 1336 2824 :
1366 2788 1497 2836 Atque
1519 2785 1608 2825 sicut
1633 2788 1920 2838 astronomiam,

305 2853 399 2893 quae
428 2840 582 2890 physicis
610 2846 816 2882 rationibus
842 2843 995 2892 nitatur,
1024 2843 1294 2881 astronomiam
1317 2844 1440 2880 vivam
1471 2841 1775 2885 nominavimus3
1804 2843 1854 2882 ita
1881 2849 1920 2883 ὅ(

305 2897 558 2946 astrologiam,
588 2909 681 2946 quac
708 2912 775 2951 pei·
795 2899 942 2937 easdem
970 2900 1125 2949 regitur,
1153 2896 1392 2947 astrologiam
1420 2896 1546 2935 sinam
1570 2899 1755 2947 appellare
1784 2901 1916 2950 placet.

305 2952 419 2988 Circa
434 2963 549 3000 quam
570 2953 667 2989 reste
682 2954 971 3001 conficiendam,
1001 2956 1088 2992 licet
1104 2965 1146 2990 ea
1166 2965 1259 3001 quae
1275 2952 1437 2990 diximus
1459 2965 1537 2989 non
1564 2965 1697 3002 parum
1720 2953 1917 3003 profutura

302 3005 393 3047 sint3
423 3018 537 3058 pauca
551 3017 680 3045 tamen
695 3010 873 3047 addemus
888 3022 997 3047 more
1012 3009 1152 3055 nostr0,
1179 3019 1273 3056 quae
1289 3008 1438 3056 liquido
1464 3019 1696 3057 proponent,
1726 3012 1762 3046 ὅ(
1783 3022 1826 3046 ex
1841 3011 1919 3059 qui-

304 3062 373 3100 bus
402 3060 443 3099 sit
464 3064 761 3111 coagmentanda
782 3066 817 3102 ὅ(
845 3065 889 3102 ad
905 3077 998 3116 quae
1022 3063 1242 3103 adhibenda.
1302 3064 1434 3101 Primo
1461 3065 1497 3100 in
1529 3061 1768 3112 astrologiam
1794 3064 1920 3103 sanam

1792 3132 1919 3169 reeipi⁴
