2040 3439
72 174 239 242 Libjn.
482 173 791 232 NovuM
832 165 1302 243 oRGANUM

70 275 182 327 aetas,
207 277 418 323 eorumque
446 273 546 325 leges
564 277 606 313 in
633 279 790 316 materia
819 277 1085 316 determinatas
1104 277 1290 321 invenIat5
1319 279 1371 316 ita
1391 288 1433 317 ut
1454 291 1533 318 non
1561 278 1685 320 solum

68 343 114 373 ex
134 340 266 372 natura
281 329 419 368 mentis
437 329 500 368 fed
521 343 565 370 ex
588 341 719 369 natura
738 334 866 371 rerum
892 344 1044 385 quoque
1059 333 1148 371 haec
1164 332 1316 372 scientia
1337 346 1486 372 emanet
1505 349 1512 371 :
1541 336 1684 374 mirum

64 398 152 428 *non
170 387 234 434 est,
259 384 288 424 fi
308 385 449 434 ubique
462 384 692 424 naturalibus
711 385 1098 436 contemplationibus
1119 390 1156 425 ὅ(
1175 390 1452 438 experimentis,
1483 389 1528 427 ad
1564 402 1686 428 exem·

66 446 132 496 pla
149 444 239 481 artis
262 440 419 487 nostrae,
447 439 642 492 conspersa
660 441 775 479 fuerit
795 443 832 479 &
851 440 1036 480 illustrata.
1096 444 1191 481 Sunt
1214 454 1340 481 autem
1371 444 1430 495 (ut
1457 457 1503 483 ex
1527 443 1571 484 iis
1589 452 1686 495 quae

71 499 168 538 dicta
187 497 273 535 sunt
301 493 419 545 patet)
459 495 732 545 praerogativae
760 495 1016 534 instantiarum
1047 509 1208 535 numero
1236 498 1370 548 viginti
1395 498 1560 549 septem:
1601 500 1684 539 No-

71 552 257 593 minibus:
294 548 485 588 instantiae
508 549 714 588 solitariae:
752 549 943 589 instantiae
978 551 1200 602 migrantes:
1238 551 1439 591 instantiae
1459 552 1684 594 ostenfivae:

70 607 262 647 instantiae
286 603 556 642 clandestinae:
594 605 785 644 instantiae
807 605 1063 644 constitutivae
1085 621 1092 643 :
1136 607 1325 645 instantiae
1345 609 1591 647 conformes:
1627 609 1687 648 in«

66 663 222 702 stantiae
250 659 496 698 monadicae:
539 659 731 697 instantiae
759 660 971 699 deviantes:
1009 662 1201 700 instantiae
1221 662 1456 702 limitaneae:
1492 665 1686 703 instantiae

72 717 284 770 potestatis:
325 712 515 752 instantiae
555 716 758 754 comitatus
796 719 833 753 δε
870 715 1043 753 hostiles:
1089 717 1280 755 instantiae
1314 718 1589 765 subjunctivae:
1630 719 1684 758 in·

71 770 223 812 stantiae
246 768 443 808 foederis:
485 768 676 808 instantiae
717 773 860 808 crucis:
909 770 1098 808 instantiae
1136 771 1315 811 divortii:
1358 774 1549 811 instantiae
1582 772 1684 820 janu-⁷

72 838 144 866 ae:
176 825 373 867 ‘instantiae
401 827 584 864 citantes:
621 825 814 863 instantiae
850 827 958 863 viae:
1007 825 1196 864 instantiae
1230 826 1504 879 supplementi3
1547 820 1682 868 instan-

72 883 148 921 tiae
178 879 430 934 persecantes:
469 877 664 917 instantiae
697 881 846 930 virgae:
889 877 1084 918 instantiae
1119 882 1320 919 curriculi:
1368 882 1476 921 doses
1504 889 1683 923 naturaei

74 934 268 976 instantiae
290 935 436 973 lutrae:
479 933 673 972 instantiae
699 933 925 973 innuentes:
953 933 1150 974 instantiae
1176 934 1458 986 polychrestae:
1486 935 1684 977 instantiae

75 993 253 1042 magicae.
308 988 412 1030 Usus
440 1001 567 1028 autem
592 989 726 1027 hatum
749 987 1023 1038 instantiarum,
1052 985 1094 1028 ih
1115 1003 1195 1040 quo
1223 989 1414 1030 instantias
1439 993 1607 1042 vulgares
1627 1006 1684 1032 ex·

75 1047 230 1094 cellum,
257 1040 421 1083 vertatur
436 1046 476 1082 in
491 1056 643 1095 genere,
667 1054 732 1082 aut
755 1045 853 1083 circa
876 1056 1025 1095 partem
1039 1045 1335 1094 informativam,
1362 1057 1427 1085 aut
1444 1049 1540 1085 circa
1555 1060 1685 1100 operar

64 1100 202 1149 thath,
231 1110 300 1138 aut
322 1101 418 1138 circa
453 1110 665 1148 utramque.
721 1099 853 1149 Atque
878 1101 1005 1148 quoad
1032 1099 1324 1149 informativam,
1352 1102 1486 1154 juvant,
1513 1101 1597 1140 illae
1621 1113 1685 1141 aut

76 1156 237 1204 sensum,
264 1165 328 1193 aut
357 1155 614 1192 intellectum:
656 1155 827 1203 Sensum,
854 1165 897 1193 ut
919 1154 1084 1205 quinque
1107 1154 1301 1194 instantiae
1326 1157 1532 1209 lampadis:
1574 1158 1686 1196 Intel-

76 1212 240 1251 lestum:
269 1220 332 1248 aut
355 1210 595 1248 accelerando
616 1208 835 1248 exclufivam
858 1209 1016 1258 formae,
1047 1221 1088 1248 ut
1116 1210 1326 1253 solitariae3
1367 1222 1432 1249 aut
1450 1208 1685 1262 angustando

76 1269 116 1305 &c
137 1266 292 1319 propius
313 1265 516 1303 indicando
534 1261 794 1304 affirmativam
822 1265 981 1312 formae,
1018 1261 1059 1303 ut
1083 1264 1296 1315 migrantes,
1326 1264 1538 1314 ostcnfivae,
1567 1269 1684 1305 eomi-

75 1331 187 1368 tatuS,
216 1331 304 1358 cum
328 1318 584 1366 subjunctivis:
626 1329 689 1358 aut
712 1319 894 1370 erigendo
918 1319 1164 1368 intellectum,
1207 1322 1244 1358 &
1273 1322 1450 1359 ducendo
1476 1323 1521 1358 ad
1548 1334 1686 1371 genera

78 1379 117 1414 &
144 1385 292 1414 naturas
319 1387 570 1413 communes:
606 1375 721 1424 idque
743 1382 807 1412 aut
836 1370 1066 1422 immediate,
1096 1386 1137 1413 ut
1164 1373 1423 1424 clandestinae,
1451 1378 1685 1425 monadicae,

77 1431 266 1470 foederis:
294 1439 357 1468 aut
380 1429 497 1479 gradu
521 1428 708 1480 proximo,
735 1440 777 1468 ut
799 1429 1082 1467 constitutivae:
1118 1441 1180 1468 aut
1203 1431 1318 1480 gradu
1347 1431 1493 1478 infimo,
1529 1442 1570 1468 ut
1595 1444 1686 1470 con-

78 1487 246 1525 formes:
282 1495 346 1523 aut
375 1485 614 1538 rectificando
636 1483 906 1523 inoeHeEtutna
935 1484 1133 1533 consuetis,
1162 1495 1203 1522 ut
1231 1485 1442 1523 deviantes:
1472 1496 1534 1523 aut
1549 1486 1686 1524 ducen-

78 1542 134 1579 do
158 1541 203 1578 ad
226 1539 393 1580 formam
419 1542 610 1590 magnam,
642 1537 714 1579 five
736 1539 912 1578 fabricam
932 1537 1102 1587 universi,
1136 1551 1178 1578 ut
1196 1541 1435 1578 limitaneae:
1467 1551 1530 1578 aut
1559 1553 1685 1580 caven-

77 1596 135 1635 do
153 1595 200 1633 de
220 1595 354 1632 formis
375 1596 411 1631 &
433 1590 546 1634 causis
573 1592 678 1642 falfis,
709 1605 750 1633 ut
785 1596 902 1633 crucis
930 1597 968 1631 ὅ(
986 1593 1151 1633 divortii.
1207 1595 1324 1647 Quod
1346 1608 1436 1633 vcro
1457 1596 1503 1633 ad
1528 1598 1686 1645 operati-

80 1660 167 1689 vum
189 1648 347 1691 attinet3
383 1650 470 1687 illae
496 1649 692 1700 prasticam
720 1659 784 1687 aut
813 1647 1020 1699 dessgnant,
1055 1660 1117 1687 aut
1140 1650 1369 1697 mensurant,
1398 1661 1460 1688 aut
1482 1650 1685 1688 sublevant.

80 1704 286 1756 Defignant
307 1713 372 1742 aut
395 1702 633 1742 ostendendo
654 1717 674 1742 a
696 1703 829 1756 quibus
854 1703 1124 1755 incipiendum,
1153 1716 1201 1741 ne
1229 1705 1353 1741 aetum
1379 1715 1542 1755 agamus,
1571 1715 1612 1742 ut
1630 1707 1687 1743 in-

82 1757 235 1799 stantIae
261 1756 478 1810 potestatis:
523 1770 585 1798 aut
608 1760 654 1797 ad
683 1759 774 1808 quid
797 1758 1045 1809 aspirandum,
1074 1757 1100 1796 si
1122 1760 1232 1797 detur
1258 1759 1424 1807 facultas,
1460 1770 1502 1797 ut
1530 1759 1688 1797 innuen-

80 1825 152 1855 tes·
206 1813 430 1853 Mensurant
469 1825 629 1864 quatuor
663 1813 746 1852 illae
781 1813 1090 1852 mathematicae:
1129 1814 1322 1852 sublevant
1361 1811 1615 1864 polyehrestae
1648 1817 1686 1854 δε

81 1871 259 1921 magicae.
915 1914 918 1917 ‚

135 1927 303 1965 Runsus
324 1937 366 1962 ex
382 1921 456 1961 istis
471 1920 656 1962 instantiis
670 1924 806 1974 viginti
820 1923 974 1974 septem,
987 1924 1260 1962 nonnullarum
1277 1921 1292 1973 (
1296 1933 1337 1962 ut
1350 1922 1513 1974 superius
1524 1923 1687 1960 diximus

82 1980 133 2018 de
158 1978 360 2032 aliquibus)
389 1977 556 2017 facienda
580 1977 632 2017 est
660 1979 837 2032 colleffio‘
868 1976 944 2024 jam
969 1979 1015 2016 ab
1041 1980 1166 2025 initio,
1196 1991 1267 2016 nec
1286 1978 1507 2028 expectanda
1529 1977 1687 2030 particu-

83 2034 167 2074 laris
181 2033 370 2087 inquisitio
391 2044 618 2072 naturarum.
677 2035 798 2080 Cujus
815 2029 963 2083 generis
983 2033 1068 2071 sunt
1087 2030 1279 2071 instantiae
1297 2033 1526 2079 conformes,
1555 2044 1686 2069 mona-

81 2090 203 2138 dicae,
239 2090 439 2136 deviantes,
481 2087 704 2137 limitaneam,
746 2086 948 2138 potestatis,
989 2089 1130 2136 januae,
1172 2086 1383 2135 innuentes,
1419 2085 1685 2137 polyclirestae,

83 2147 261 2196 magicae.
316 2145 393 2182 Hae
408 2145 513 2182 enim
535 2154 598 2182 aut
626 2143 847 2182 auxiliantur
868 2146 904 2180 &
932 2143 1133 2181 medentur
1161 2142 1366 2181 intellediui
1390 2145 1427 2181 δί
1446 2141 1588 2182 Γετῃίὶιίε
1622 2152 1685 2178 aut

82 2197 271 2238 instruunt
289 2198 429 2252 praxin,
449 2200 490 2236 in
504 2211 653 2249 genere.
710 2200 890 2250 Reliquae
905 2208 988 2235 tum
1003 2199 1159 2235 demum
1174 2198 1454 2246 conquirendae
1469 2197 1568 2243 sunt,
1597 2208 1685 2233 cum

83 2254 327 2293 conficiemus
351 2255 494 2292 tabulas
515 2252 791 2304 comparentiae
807 2254 852 2290 ad
881 2266 975 2304 opus
993 2250 1198 2302 interpretis
1215 2254 1311 2290 circa
1334 2254 1498 2301 aliquam
1513 2261 1686 2288 naturam

83 2311 355 2360 particularem.
415 2310 509 2346 Sunt
526 2310 630 2346 enim
651 2306 846 2346 instantiae
870 2309 1134 2358 praerogativis
1156 2304 1230 2345 istis
1252 2306 1443 2357 insignitae
1458 2309 1495 2344 ὅ(
1512 2307 1687 2352 donatae,

83 2367 231 2402 animae
254 2361 364 2401 instar
389 2365 486 2401 inter
517 2365 683 2413 vulgares
712 2360 898 2400 instantias
927 2364 1229 2412 comparentiae:
1271 2364 1319 2400 Et
1339 2372 1380 2400 ut
1400 2362 1446 2399 ab
1470 2360 1579 2398 initio
1598 2360 1687 2398 dixi-

83 2430 179 2466 mus,
208 2430 344 2472 paucae
368 2420 517 2456 illarum
544 2418 629 2455 sunt
657 2416 735 2455 vice
759 2419 977 2455 multarum.
1033 2419 1222 2469 Qiocirca
1256 2429 1343 2454 cum
1369 2417 1510 2454 tabulas
1538 2414 1687 2453 confici-

83 2485 180 2522 mus,
209 2474 293 2511 illae
319 2475 428 2511 omni
458 2471 583 2510 studio
610 2472 694 2510 sunt
718 2469 1003 2522 investigandae,
1033 2474 1069 2509 δε
1098 2471 1136 2509 in
1160 2473 1300 2509 tabulas
1325 2471 1550 2509 referendae.
1606 2470 1687 2506 Erit

83 2531 198 2567 etiam
214 2540 342 2566 earum
363 2527 509 2565 mentio
532 2527 725 2565 neceffaria
746 2526 785 2564 in
809 2529 852 2564 iis
866 2539 961 2576 quae
977 2527 1190 2575 sequuntur.
1247 2527 1535 2576 Praeponendus
1563 2526 1690 2572 itaque

84 2593 163 2622 erat
186 2586 314 2621 earum
343 2583 526 2621 traciams.
583 2584 623 2621 N
626 2595 699 2620 unc
722 2594 814 2620 vero
835 2582 880 2619 ad
901 2580 1125 2619 adminicula
1148 2584 1184 2619 ὃς
1202 2581 1483 2619 τοξὶίῒῑετιῑὶοῃεε
1507 2577 1688 2616 induetio-

85 2638 155 2686 nis,
183 2640 219 2676 &
240 2636 411 2687 deinceps
427 2638 470 2674 ad
494 2647 682 2684 concreta,
712 2639 749 2674 δ(
764 2638 920 2674 latentes
936 2636 1129 2686 procefl'us,
1160 2639 1196 2674 &
1220 2638 1374 2673 latentes
1397 2632 1694 2680 schematismos‚¹

85 2695 122 2731 &
139 2695 293 2742 reliqua,
309 2705 402 2741 quae
417 2692 647 2742 aphorismo,
662 2690 836 2730 vicesimo
851 2691 975 2742 primo
991 2692 1124 2728 ordine
1139 2691 1414 2743 proposuimus,
1430 2688 1664 2742 pergendum
1678 2702 1689 2728 3

85 2759 126 2786 ut
149 2749 302 2786 tandem
335 2748 526 2795 (tanquam
552 2757 743 2784 curatores
770 2748 879 2797 probi
905 2749 941 2783 ὃ(
959 2746 1097 2793 fideles)
1125 2747 1312 2784 tradamus
1333 2745 1552 2784 hominibus
1572 2742 1689 2779 fortu-

86 2814 149 2840 nas
167 2803 258 2849 suaS,
288 2802 523 2853 emancipato
539 2802 744 2848 intellcetu,
774 2804 811 2838 &
839 2801 938 2839 fan-0
962 2812 1141 2848 tanquam
1162 2802 1330 2846 majores
1360 2801 1460 2838 unde
1474 2797 1614 2837 necefl'e
1636 2795 1689 2833 est

87 2856 186 2907 sequi
213 2857 521 2895 emendationem
544 2854 654 2893 status
684 2855 862 2902 hominis,
891 2859 928 2893 δε
958 2855 1241 2904 ampliationem
1262 2853 1452 2906 potestatis
1477 2855 1554 2901 ejus
1581 2852 1687 2903 super

88 2916 274 2951 naturam.
328 2914 462 2949 Homo
491 2911 593 2949 enim
622 2923 687 2960 per
717 2910 857 2960 lapsum
886 2913 923 2948 ὅ(
951 2911 997 2948 de
1023 2908 1115 2948 statu
1141 2910 1380 2948 innocentiae
1402 2910 1553 2955 decidit,
1584 2908 1621 2942 ὃ(
1641 2906 1687 2941 dc

85 2978 204 3017 regno
219 2967 258 3004 in
274 2977 467 3006 creaturas.
524 2966 698 3018 Utraque
714 2977 837 3006 autem
860 2977 916 3002 res
931 2965 1041 3003 ctiam
1065 2965 1102 3002 in
1119 2966 1187 3004 hae
1214 2966 1286 3002 vita
1311 2966 1497 3003 nonnulla
1524 2976 1566 3001 ex
1583 2972 1686 3019 parte

140 3023 254 3061 Vot..
282 3024 308 3059 l.
865 3022 901 3057 D
923 3020 945 3056 d
972 3020 995 3056 d
1534 3027 1692 3061 ‘'09³³ss

1758 187 1855 256 393
