2040 3439
96 174 348 241 Cap.X111.
386 172 484 219 DE
535 171 1034 219 AUGMENTIS
1082 171 1688 223 SCIENTIARUM.

95 272 250 310 decreta
270 271 318 309 ab
343 282 386 308 ea
401 269 656 321 impediantur
677 272 713 308 ὃς
728 269 951 308 claudicent.
1008 272 1230 324 Quinetiam
1244 272 1438 324 postquam
1462 275 1644 314 consensu
1674 281 1712 317 ὃ(

96 338 272 377 tempore
290 325 513 364 confirmata
536 323 596 371 est,
626 326 719 362 &in
735 326 834 362 astus
864 327 1041 376 erumpit,
1072 338 1114 365 ut
1141 328 1215 372 jam
1245 327 1344 377 quasi
1375 329 1521 366 menses
1546 335 1709 381 comple<

97 383 204 428 verit,
234 384 270 418 ὅ(
290 381 389 418 edita
403 380 512 429 plane
526 377 567 416 stt
582 390 693 428 atque
707 385 806 425 nata,
836 382 964 431 primo
986 392 1114 419 tamen
1134 383 1180 420 ad
1195 394 1343 436 tempus
1359 386 1592 423 nonnullum
1611 390 1709 439 apud

95 437 359 486 Proserpinam
374 435 562 480 educatur,
592 435 631 471 id
652 434 711 481 est,
740 435 896 472 latebras
911 438 1067 484 quaerit,
1097 448 1208 487 atque
1223 438 1447 478 clandestina
1463 441 1522 487 est,
1546 443 1583 480 ὅ(
1610 442 1710 492 quasi

98 491 355 531 subterranea;
385 489 508 526 donec
524 491 681 526 remotis
695 489 846 538 pudoris
862 492 897 528 ὃς
916 501 1038 529 metus
1060 492 1208 540 fraenis,
1239 496 1276 532 ὅ(
1298 496 1433 532 coalita
1449 496 1614 545 audacia,
1643 509 1708 536 aut

92 545 247 584 virtutis
269 544 422 591 alicujus
440 554 674 594 praetextum
695 544 820 591 sumit,
851 555 913 582 aut
938 545 1132 584 infamiam
1162 548 1276 600 ipsam
1293 552 1520 588 contemnit.
1576 553 1710 602 Atque

92 601 194 639 illud
206 596 439 638 veriffimum
460 598 522 644 cst,
551 609 711 636 omnem
727 599 901 637 affectum
916 601 1243 640 vehementiorem
1258 614 1438 655 tanquam
1453 606 1620 656 ambigui
1637 608 1708 646 sex-

95 666 143 694 us
171 655 251 692 ess’e.
307 655 429 692 Habet
459 656 564 691 enim
598 656 787 704 impetum
815 656 977 703 virilem,
1014 658 1282 709 impotentiam
1314 670 1442 697 autem
1467 661 1704 701 muliebrem.

97 712 222 748 Etiam
249 710 343 747 illud
364 710 560 759 praeclare,
589 705 789 746 Bacchum
815 716 1006 748 mortuum
1035 712 1298 764 revivifivre:
1326 715 1515 753 Videntur
1531 719 1635 755 enim
1656 720 1706 756 af-

96 766 213 803 fectus
233 765 460 816 quandoque
481 764 605 814 sopiti,
634 774 744 813 atque
771 763 948 806 extine'ti3
978 765 1039 803 sed
1067 768 1170 804 nulla
1193 767 1284 805 fides
1307 769 1476 807 habenda
1496 771 1544 808 est
1567 774 1630 820 eis,
1659 786 1710 814 ne.

95 821 249 870 sepultis
268 820 426 869 quidem
443 833 451 856 2
480 817 662 868 liquidem
678 819 844 868 praebita
859 822 1014 857 materia
1029 823 1066 857 ὃς
1082 820 1275 860 occasione
1291 824 1500 874 resurgunt.

97 893 118 903 ·-
151 876 220 912 DE
243 876 467 913 inventione
487 873 569 912 vitis
588 875 763 924 parabola
778 874 940 926 prudens
956 875 1024 912 cst:
1056 876 1182 913 omnis
1203 879 1306 915 enim
1322 878 1473 917 affectus
1489 882 1707 930 ingeniosus

96 929 148 968 cst
169 930 378 968 admodum
402 932 439 967 &
467 929 583 979 sagax,
613 930 658 966 ad
687 929 984 978 investigandum
1008 942 1062 977 ca,
1093 943 1186 980 quae
1212 932 1334 984 ipsum
1352 935 1452 972 alant
1473 937 1510 973 &
1538 936 1704 975 foveant.

96 983 218 1037 Atqui
235 995 322 1022 ante
343 986 486 1031 omnia,
516 997 611 1033 quae
636 984 854 1021 hominibus
875 985 1089 1032 innotuere,
1118 988 1251 1024 vinum
1268 989 1312 1026 ad
1330 989 1628 1041 perturbationes
1647 1005 1708 1030 cu-

97 1039 301 1089 juscunque
328 1041 474 1089 generis
488 1039 697 1077 excitandas
718 1039 1056 1077 &inflammandas
1071 1039 1376 1091 potentiffimum
1397 1045 1457 1091 cst,
1486 1048 1524 1083 δε
1544 1048 1707 1085 maxime

100 1092 248 1137 efficax3
278 1105 390 1144 atque
417 1095 466 1132 est
485 1094 750 1147 cupiditatibus
764 1095 804 1131 in
830 1107 966 1143 genere
982 1095 1090 1133 instar
1105 1097 1251 1135 fomitis
1266 1102 1493 1138 communis.
1550 1101 1706 1152 Elegan-

98 1146 236 1188 tiffime
263 1160 389 1187 autem
413 1151 568 1200 ponitur
597 1149 748 1186 affcstus
776 1147 846 1186 five
878 1149 1069 1200 cupiditas,
1106 1152 1386 1201 provinciarum
1409 1154 1637 1204 iub-jugator,
1668 1161 1705 1196 δέ

97 1205 347 1254 expeditionis
362 1205 530 1243 infinitae
546 1204 757 1256 susceptor:
785 1217 980 1255 nunquam
1004 1209 1108 1243 enim
1133 1207 1244 1257 partis
1271 1210 1481 1258 acquiescit,
1510 1199 1571 1248 sed
1600 1225 1708 1264 appe—

98 1261 174 1299 titu
197 1260 362 1307 infinito,
398 1273 522 1308 neque
547 1260 718 1307 satiabili,
757 1260 803 1296 ad
833 1261 1012 1297 ulteriora
1039 1262 1162 1299 tendit
1192 1265 1229 1300 ὃς
1257 1266 1366 1302 novis
1402 1264 1543 1315 semper
1571 1268 1702 1305 inhiat.

97 1316 223 1353 Etiam
243 1317 356 1365 tigres
383 1315 480 1365 apud
503 1315 654 1353 affeftus
681 1314 874 1361 stabulant,
904 1318 941 1353 &
969 1316 1013 1353 ad
1029 1328 1179 1354 currum
1196 1330 1330 1356 eorum
1347 1319 1501 1357 subinde
1517 1322 1704 1366 jugantur.

97 1370 297 1419 Postquam
312 1372 416 1408 enim
432 1367 582 1407 affestus
598 1370 733 1420 curulis
749 1370 817 1406 effe
832 1369 1010 1422 coeperit,
1039 1383 1120 1408 non
1136 1372 1319 1421 pedestris,
1337 1374 1396 1412 sed
1417 1377 1535 1413 vietor
1551 1365 1706 1416 sationis

98 1427 137 1463 ὅ(
151 1423 250 1474 quasi
270 1425 522 1477 triumphator
538 1425 652 1461 faetus
666 1423 722 1469 sit,
753 1426 792 1461 in
809 1436 956 1472 omnes,
985 1427 1049 1474 qui
1073 1427 1312 1466 adversantur
1334 1441 1396 1466 aut
1423 1430 1459 1467 se
1488 1443 1704 1483 opponunt,

81 1480 262 1521 >crudelis
278 1478 328 1517 est
350 1483 388 1518 ὅ(
409 1480 619 1516 indomitus
645 1492 686 1516 ac
706 1477 873 1516 immitis.
930 1481 1106 1518 Facetum
1133 1492 1260 1519 autem
1281 1484 1340 1531 est,
1369 1485 1473 1533 quod
1498 1487 1596 1523 eirca
1625 1500 1707 1524 cur-

102 1547 188 1573 rum
203 1535 335 1573 Bacchi
359 1534 564 1572 subsultant
581 1533 636 1570 illi
650 1534 854 1571 daemones
873 1533 1066 1572 deformes
1081 1538 1118 1573 &
1134 1536 1294 1575 ridiculi.
1351 1540 1492 1576 Omnis
1505 1540 1606 1578 enim
1622 1542 1708 1581 affe-

99 1591 180 1629 etus
198 1589 458 1627 vehementior
487 1591 682 1639 progignit
702 1599 831 1626 motus
856 1590 897 1626 in
923 1591 1044 1627 oculis
1062 1592 1099 1628 ὅ(
1122 1603 1189 1628 ore
1211 1591 1293 1643 ipso
1317 1595 1354 1631 ὅ(
1382 1595 1481 1643 gestu
1506 1596 1708 1634 indecoros

97 1647 136 1683 ὅ(
150 1643 378 1691 inconditos,
395 1643 638 1682 subsultorios
653 1646 690 1682 ὃς
704 1643 895 1681 deformes
911 1658 923 1685 ς
951 1645 1047 1682 adeo
1067 1656 1108 1683 ut
1122 1645 1187 1694 qui
1200 1645 1265 1684 sibi
1281 1646 1343 1697 ipfi
1359 1648 1503 1687 fortass'e
1518 1652 1558 1688 in
1578 1652 1708 1700 aliquo

98 1698 236 1739 affectu
267 1700 397 1747 (veluti
427 1701 492 1747 ira,
520 1700 745 1749 arrogantia,
773 1701 919 1747 amore)
948 1700 1599 1753 videaturmagnificus&tumidus,
1628 1709 1710 1744 aliis

97 1766 225 1793 tamen
246 1765 415 1807 appareat
433 1756 552 1807 turpis
571 1757 609 1792 δε
630 1755 821 1792 ridiculus.
880 1754 1179 1805 Conspiciuntur
1202 1768 1328 1795 autem
1347 1760 1387 1796 in
1411 1760 1621 1810 cupiditatis
1647 1774 1707 1799 co-

96 1811 235 1848 mitatu
263 1809 416 1848 musae:
454 1812 592 1858 Neque
624 1811 729 1848 enim
758 1811 943 1862 reperitur
968 1811 1066 1849 ullus
1092 1811 1170 1848 fere
1201 1812 1364 1861 affectus,
1401 1825 1480 1853 tam
1509 1828 1641 1867 pravus
1670 1819 1708 1854 ὃ(

98 1866 195 1912 vilis,
223 1867 285 1903 cui
308 1877 390 1902 non
415 1866 627 1903 blandiatur
653 1866 776 1914 aliqua
798 1864 982 1903 doctrina.
1038 1867 1118 1903 Hac
1132 1868 1236 1904 enim
1258 1870 1298 1905 in
1313 1881 1363 1917 re,
1394 1870 1637 1920 ingeniorum
1654 1873 1708 1908 in-

100 1921 294 1970 dulgentia
310 1922 347 1958 ὃς
361 1921 577 1970 procacitas,
607 1919 797 1957 musarum
819 1920 1048 1967 majestatem
1062 1923 1103 1958 in
1124 1923 1354 1961 immensum
1371 1926 1532 1966 minuit3
1562 1937 1602 1963 ut
1618 1939 1706 1964 cum

99 1976 212 2014 duces
227 1976 323 2014 vitae
353 1979 390 2014 &
413 1974 576 2025 signiferi
597 1975 666 2013 effe
684 1975 857 2023 debeant,
885 1973 956 2013 lint
978 1988 1061 2015 non
1089 1987 1175 2013 raro
1202 1977 1446 2028 cupiditatum
1473 1980 1708 2031 pedissequae

99 2033 138 2069 ὃ(
153 2030 421 2068 oblestatriees.
1046 2047 1051 2054 ·

153 2084 397 2123 IMPRIMls
425 2098 518 2124 vero
544 2086 683 2124 nobilis
707 2086 755 2124 cst
771 2087 833 2124 illa
847 2086 1037 2136 allegoria,
1066 2088 1253 2126 Bacchum
1277 2100 1427 2126 amores
1456 2089 1539 2127 suos
1563 2092 1602 2127 in
1623 2102 1707 2128 eam

99 2139 276 2187 effudiss'e,
305 2153 399 2190 quae
422 2142 468 2178 ab
491 2142 568 2178 alio
587 2143 712 2179 relicta
734 2151 813 2179 erat
843 2145 879 2180 ὃς
909 2141 1075 2180 fastidita.
1135 2140 1399 2182 Certiffimum
1414 2147 1517 2182 enim
1533 2144 1592 2190 est,
1621 2144 1708 2182 affe-

98 2196 178 2233 &us
199 2195 236 2232 id
254 2206 378 2244 petere
397 2206 508 2244 atque
527 2197 682 2243 ambire,
713 2196 816 2245 quod
832 2196 1056 2249 experientia
1076 2199 1152 2244 jam
1181 2198 1326 2247 pridem
1356 2200 1575 2251 repudiavit.
1633 2199 1704 2237 At-

101 2263 176 2299 que
191 2249 322 2287 norint
337 2262 482 2296 omnes,
511 2252 576 2298 qui
597 2250 786 2288 affectibus
802 2250 873 2288 suis
898 2251 1093 2289 servientes
1114 2255 1150 2290 ὅ(
1173 2252 1423 2301 indulgentes,
1451 2256 1614 2306 pretium
1639 2266 1705 2304 po-

98 2304 222 2343 tiundi
246 2307 285 2342 in
312 2304 540 2342 immensum
563 2316 714 2355 augent,
745 2304 831 2356 (sive
855 2306 1019 2343 honores
1038 2317 1224 2357 appetant,
1252 2305 1323 2345 five
1344 2320 1502 2355 amores,
1532 2307 1602 2347 sive
1625 2310 1707 2358 glo-

98 2362 206 2407 riam,
235 2357 306 2398 five
326 2359 528 2406 seientiam,
557 2358 628 2398 five
655 2362 726 2398 alia
749 2362 1006 2409 quaecunque)
1033 2361 1068 2399 se
1092 2374 1148 2398 res
1174 2362 1316 2399 tenitas
1337 2373 1463 2411 petere
1489 2366 1526 2401 ὅ(
1553 2377 1573 2401 a
1602 2376 1708 2401 com-

100 2416 280 2465 pluribus,
309 2427 373 2467 per
388 2414 612 2453 omniafere
636 2414 788 2461 saecula,
816 2416 894 2467 post
914 2417 1228 2465 experimentum,
1259 2417 1420 2454 dimiss'as
1435 2420 1471 2455 ὅ(
1488 2418 1704 2468 repudiatas.

102 2473 239 2519 Neque
255 2470 431 2518 mysterio
444 2479 555 2515 caret,
587 2471 691 2519 quod
716 2471 852 2508 hedera
876 2470 1022 2508 Baccho
1043 2470 1140 2508 saera
1163 2471 1302 2513 fuerit3
1337 2472 1410 2510 hoc
1435 2472 1537 2510 enim
1564 2474 1707 2523 duplici

101 2526 225 2564 modo
251 2527 443 2563 convenit.
499 2527 683 2571 Primum,
722 2526 826 2574 quod
857 2525 993 2562 hedera
1031 2526 1167 2576 hyeme
1196 2526 1374 2567 virescat3
1412 2528 1561 2574 deinde,
1598 2529 1704 2577 quod

102 2581 199 2629 circa
228 2589 288 2618 tot
305 2592 362 2618 res
382 2580 555 2627 (arbores,
583 2582 754 2630 parietes,
783 2579 959 2628 aedificia)
977 2580 1104 2633 serpat,
1134 2592 1175 2617 ae
1190 2581 1510 2620 circumfundatur
1533 2585 1573 2620 &
1598 2583 1634 2620 se
1656 2594 1708 2621 at-

77 2655 81 2660 ’
103 2637 226 2674 tonat.
282 2636 398 2687 Qiod
412 2636 457 2672 ad
473 2637 638 2686 primum
661 2637 766 2672 enim
785 2637 932 2682 attinet,
961 2638 1087 2674 omnis
1111 2637 1293 2687 cupiditas
1321 2649 1386 2688 per
1411 2639 1652 2675 renitentiam
1670 2640 1708 2675 δε

106 2692 278 2737 vetitum,
307 2693 343 2727 ὅ(
365 2701 545 2739 tanquam
571 2688 835 2742 antiperistafin
867 2691 995 2737 (veluti
1023 2704 1088 2741 per
1111 2691 1251 2739 frigora
1273 2692 1425 2729 brumae
1442 2692 1588 2741 hedera)
1614 2695 1706 2731 vire-

104 2744 182 2792 scit,
211 2757 254 2783 ae
269 2747 440 2795 vigorem
456 2744 633 2794 acquirit:
665 2744 841 2791 stcundo,
870 2744 1022 2782 affeetus
1048 2747 1180 2794 aliquis
1205 2747 1245 2783 in
1274 2745 1436 2784 humana
1462 2749 1586 2784 anima
1605 2760 1706 2800 prae-

105 2801 319 2847 dominans,
349 2812 484 2837 omnes
499 2801 577 2846 ejus
591 2799 754 2837 affiones
769 2803 805 2837 &
821 2800 981 2846 decreta,
996 2810 1175 2849 tanquam
1192 2800 1339 2846 hedera,
1352 2802 1587 2852 circumsepit
1604 2817 1614 2843 5
1644 2815 1706 2840 ne-

106 2868 180 2904 que
207 2854 284 2892 fere
314 2856 516 2904 quicquam
545 2867 681 2904 purum
708 2856 886 2901 invenias,
916 2867 995 2903 quo
1011 2857 1073 2891 illa
1089 2856 1282 2892 claviculas
1298 2856 1375 2893 suas
1398 2869 1478 2894 non
1502 2856 1703 2909 imprimat.

109 2911 247 2958 Neque
265 2911 406 2947 mirum
427 2909 486 2957 est,
515 2908 541 2946 fi
564 2907 798 2962 superstitiosi
823 2912 915 2946 ritus
937 2910 1083 2947 Baccho
1098 2910 1358 2958 attribuantur,
1388 2924 1475 2949 cum
1491 2914 1617 2949 omnis
1631 2913 1708 2949 fere

108 2964 315 3002 malesanus
342 2964 493 3002 affestus
518 2967 558 3001 in
582 2966 703 3014 pravis
727 2964 972 3013 religionibus
996 2965 1225 3003 luxurietur:
1254 2967 1349 3004 adeo
1370 2978 1410 3004 ut
1435 2966 1708 3004 haereticorum

108 3020 288 3058 colluvies
314 3019 553 3058 Bacchanalia
578 3019 821 3058 ethnicorum
849 3019 1054 3070 superarit5
1092 3031 1257 3069 quorum
1281 3022 1395 3059 ctiam
1423 3020 1707 3072 superstitiones,

162 3075 271 3114 VoL.
302 3074 328 3111 1.
903 3074 949 3111 Μ
981 3084 1001 3111 2
1628 3087 1710 3113 non

1783 188 1845 242 91
