2040 3439
119 170 290 233 Capi.
387 169 482 215 DE
518 166 966 216 AUGMENTIS
999 169 1534 225 SCIENTIARUM.

131 274 314 310 muntur5
345 268 526 316 quoniam
548 268 637 306 haec
662 280 704 305 ex
725 269 837 306 acino
864 270 898 306 ὅ(
922 278 1006 309 cute
1023 280 1112 306 uvae
1129 266 1268 320 aliquid
1297 268 1460 319 sapiant:
1491 268 1670 310 Similiter
1686 272 1734 309 sa‘

126 325 252 361 lubres
272 324 480 361 admodum
504 335 543 360 ac
565 322 688 360 suaves
716 323 799 361 sunt
819 324 1023 369 doetrinae,
1053 335 1145 371 quae
1162 335 1213 360 ·ex
1238 322 1425 375 scripturis
1444 324 1579 362 leniter
1594 328 1734 378 expres-

124 377 168 415 fis
199 386 389 424 emanant,
421 390 490 415 nec
512 378 557 414 ad
585 376 850 416 controversias
873 389 936 417 aut
960 380 1064 416 locos
1093 390 1316 416 communes
1338 380 1545 418 trahuntur.
1586 381 1733 429 λΗυριιίὶ
1792 385 1803 398 ·

127 433 237 469 modi
257 434 456 471 uastarunt
477 435 734 470 emanationes
751 433 1013 483 scripturarum
1029 434 1325 471 nominabimus.

174 488 281 541 JAM
310 488 436 536 itaque
463 487 553 524 mihi
575 488 705 525 videor
725 489 922 526 confecisse
942 489 1100 537 globum
1121 490 1298 537 exiguum
1324 489 1425 527 orbis
1455 490 1728 539 intellectualis,

123 554 237 591 quam
258 543 366 594 potui
377 539 604 584 fideliffimc3
633 555 706 580 una
721 555 808 580 cum
824 542 1077 593 designatione
1094 545 1129 580 δε
1147 541 1396 594 descriptiOiie
1412 557 1539 582 earum
1554 548 1729 595 partium,

124 609 226 646 quas,
256 598 433 635 industria
460 600 496 634 <St
531 598 722 636 laboribus
747 599 970 645 rhominum,
1000 608 1062 636 aut
1095 608 1178 635 non
1198 598 1409 636 constanter
1434 611 1641 649 occupataS,
1669 613 1732 640 aut

123 664 206 690 non
226 651 309 690 satis
331 653 502 698 excultas,
523 651 689 689 invenio.
745 655 836 703 Qio
856 653 893 690 in
912 665 1038 705 opere,
1068 650 1178 690 sicubi
1194 665 1214 689 a
1233 652 1415 691 sententia
1431 665 1600 692 veterum
1615 657 1729 694 reces-

123 707 247 754 serim,
275 706 505 756 intelligatur
525 708 598 744 hoc
619 707 757 744 faslum
778 708 847 746 css'c
868 710 999 745 animo
1022 707 1245 759 proficiendi
1269 710 1309 745 in
1338 708 1482 755 melius,
1510 722 1592 747 non
1620 711 1728 749 inno—

118 763 233 800 ”vandi
268 772 332 799 aut
359 763 544 811 migrandi
576 764 617 799 in
645 763 759 800 aliud.
818 765 956 812 Neque
984 765 1088 800 enim
1121 761 1360 812 mihimetipsi
1393 775 1454 802 aut
1488 777 1726 814 argumentO,

123 817 225 865 quod
242 816 278 854 in
297 818 469 854 manibus
484 817 616 864 habeo,
646 816 812 855 constare
834 819 956 870 potui,
985 815 1053 854 nisi
1068 819 1175 866 plane
1192 817 1382 854 decretum
1407 818 1501 856 mihi
1525 820 1643 857 fuiss'et
1664 824 1726 859 ali-

123 883 234 909 orum
251 873 424 918 inventis,
455 882 638 920 quantum
655 873 695 909 in
712 884 773 910 me
788 873 914 919 fuerit,
945 872 1105 913 addere:
1134 883 1222 908 cum
1252 882 1380 910 tamen
1404 885 1484 910 non
1507 876 1632 912 minus
1662 889 1727 926 op-

121 927 290 974 taverim,
321 928 434 964 etiam
456 928 607 964 inventa
628 939 711 964 mea
729 928 775 964 ab
791 926 868 964 aliis
884 929 924 963 in
939 925 1128 978 posterum
1157 925 1328 977 superari.
1385 929 1510 980 Qiam
1536 940 1659 967 autem
1685 934 1725 968 in

122 980 192 1019 hac
210 994 250 1019 re
268 993 407 1030 aequus
427 981 575 1028 fuerim,
605 983 664 1019 vel
687 994 730 1020 cx
759 983 1029 1032 hocaappa'rem
1057 979 1161 1030 quod
1191 981 1392 1030 opiniones
1418 994 1520 1020 meas
1548 986 1725 1036 proposu-

122 1037 217 1074 erim
253 1032 391 1085 ubique
418 1037 534 1074 nudas
558 1039 594 1074 ὅ(
627 1038 802 1084 inermes,
833 1049 957 1086 neque
982 1038 1125 1074 alienae
1151 1034 1327 1083 libertati,
1356 1049 1422 1088 per
1444 1037 1725 1078 confutationes

92 1113 94 1115 ι
120 1101 316 1140 pugnaces,
346 1091 594 1143 praejudicare
626 1091 903 1130 contenderim·⁴
958 1093 1060 1130 Nam
1090 1091 1130 1128 in
1159 1092 1204 1128 iis
1225 1103 1320 1140 quae
1348 1093 1446 1131 reete
1469 1105 1490 1130 a
1519 1105 1581 1131 me
1608 1093 1724 1146 posita

120 1145 219 1193 sunt,
250 1146 366 1184 subest
387 1146 462 1195 spes
478 1147 514 1183 id
531 1147 714 1194 futurum,
743 1158 785 1185 ut
812 1145 838 1184 fi
860 1146 902 1185 in
924 1149 1045 1196 prima
1069 1147 1231 1184 lectione
1261 1158 1428 1195 emergat
1453 1147 1642 1200 scrupulus
1661 1162 1723 1189 aut

120 1201 299 1249 objectio,
330 1211 365 1238 at
390 1202 430 1238 in
454 1202 615 1238 lectione
640 1204 769 1239 iterata
792 1202 1010 1251 responsum
1036 1200 1070 1239 se
1102 1202 1204 1238 ultro
1228 1199 1270 1245 sit,
1292 1201 1569 1241 exhibiturum:
1609 1205 1652 1241 In
1683 1207 1724 1243 iis

119 1267 222 1304 vero,
263 1257 304 1293 in
348 1257 482 1304 quibus
517 1251 611 1293 mihi
640 1269 757 1294 errare
788 1258 963 1306 contigit,
1007 1267 1128 1293 certus
1156 1256 1236 1298 sum
1265 1258 1410 1293 nullam
1438 1269 1458 1294 a
1490 1269 1553 1295 me
1583 1258 1723 1297 illatam

118 1310 190 1348 effe
226 1312 306 1349 vim
345 1305 503 1358 veritati,
539 1322 604 1362 per
633 1322 854 1361 argumenta
891 1310 1154 1352 contentiosa3
1197 1323 1361 1358 quorum
1397 1324 1439 1349 ea
1474 1312 1550 1350 fere
1581 1314 1629 1350 est
1659 1328 1719 1352 na-

117 1375 214 1413 tuta,
242 1376 283 1403 ut
302 1366 490 1404 erroribus
509 1366 775 1404 authoritatem
793 1366 1011 1412 concilient,
1040 1366 1138 1403 reete
1160 1364 1321 1403 inventis
1343 1366 1538 1417 derogent.
1595 1370 1715 1418 Siqui-

115 1420 206 1457 dem
249 1432 292 1458 cx
333 1419 567 1458 dubitatione
603 1433 706 1459 error
738 1422 929 1459 honorem
971 1422 1161 1469 acquirit;
1201 1421 1330 1458 veritas
1358 1421 1493 1470 patitur
1520 1424 1713 1474 repulsam.

117 1473 273 1514 Interim
297 1476 338 1512 in
367 1486 537 1518 mentem
563 1476 658 1513 mihi
692 1478 794 1514 venit
824 1474 1042 1526 responsum
1077 1475 1185 1514 illud¹
1200 1475 1476 1523 Themistoclis,
1518 1477 1594 1526 qui,
1629 1491 1717 1517 cum

75 1562 77 1564 .
114 1542 161 1568 ex
191 1530 336 1580 oppido
377 1542 494 1579 parvo
532 1532 673 1581 legatus
706 1532 861 1580 quidam
893 1536 1030 1580 magna
1065 1531 1252 1568 nonnulla
1279 1531 1491 1579 perorasset,
1520 1532 1718 1572 hominem

76 1583 347 1635 φοείῒῑίηκίῑς
375 1587 507 1632 amice,
535 1585 645 1623 verba
667 1596 731 1624 tua
749 1587 939 1624 civitatem
963 1582 1181 1623 desiderant.
1239 1584 1355 1624 Certe
1381 1586 1495 1630 objici
1523 1587 1615 1626 mihi
1645 1601 1719 1626 rec-

102 1635 253 1677 tiffime
268 1640 368 1691 po'ffe
387 1638 566 1686 existimo²
596 1641 701 1689 quod
715 1641 826 1680 verba
841 1653 925 1678 mea
940 1640 1126 1677 saeculum
1146 1638 1351 1678 desiderent
1367 1655 1374 1677 :
1406 1642 1600 1680 Saeculum
1618 1643 1717 1682 forte

114 1696 307 1744 integrum
325 1695 374 1732 ad
393 1695 652 1745 probandum;
681 1697 878 1748 complura
900 1705 1026 1734 autem
1053 1695 1193 1732 saecula
1207 1695 1253 1738 ad
1268 1695 1551 1744 perficiendum.
1607 1699 1714 1737 Atta-

66 1772 69 1774 *
112 1761 217 1796 men,
245 1752 430 1799 quoniam
448 1749 560 1787 etiam
583 1763 638 1788 res
661 1763 830 1800 quaeque
853 1752 1018 1788 maxime
1043 1749 1160 1787 initiis
1185 1749 1257 1788 suis
1284 1751 1481 1798 debentur,
1511 1751 1602 1790 mihi
1623 1753 1715 1791 satis

111 1804 242 1852 fuerit,
275 1804 398 1842 sevisse
422 1803 567 1854 posteris
582 1807 619 1843 ὅτ.
632 1807 722 1844 Deo
741 1806 974 1844 immortali:
1005 1805 1126 1850 Cujus
1141 1807 1299 1843 Numen
1316 1804 1464 1855 supplex
1477 1818 1620 1858 precor,
1649 1819 1714 1859 per

113 1858 251 1897 Filium
266 1858 374 1898 suum
390 1862 427 1897 &
444 1861 679 1898 Servatorem
695 1861 877 1908 nostrum,
905 1870 949 1898 ut
972 1859 1037 1896 has
1060 1861 1097 1897 ὅ(
1118 1859 1218 1897 hisce
1240 1858 1386 1907 similes,
1416 1862 1625 1899 intellectus
1648 1864 1715 1902 hu-

113 1915 219 1952 mani
239 1913 416 1962 viffimaS,
446 1916 632 1964 religione
645 1926 827 1966 tanquam
847 1913 919 1953 sale
938 1913 1129 1965 respersas,
1158 1916 1195 1953 ὃς
1220 1916 1362 1964 gloriae
1386 1914 1469 1953 suae
1489 1917 1715 1967 immolatas,

112 1966 296 2019 propitius
311 1970 475 2020 accipere
489 1968 675 2020 dignetur.

461 2137 610 2182 Novus
627 2140 730 2183 orbis
742 2142 1014 2197 fiientiarum,
1029 2138 1119 2192 five
1139 2138 1361 2191 dcfiderata.

114 2245 146 2286 L
156 2246 218 2286 IB.
235 2247 280 2285 11.
420 2248 545 2286 RRO
554 2248 625 2285 RE
636 2248 659 2285 S
685 2257 851 2293 naturae,
878 2245 950 2285 five
965 2244 1113 2284 historia
1126 2245 1582 2295 praeter-generationum.

467 2303 521 2340 V1
531 2313 560 2339 N
573 2314 595 2339 c
607 2310 635 2340 U
645 2314 670 2339 L
679 2313 705 2339 A
730 2312 894 2347 naturae,
924 2299 994 2339 sive
1009 2299 1153 2338 historia
1167 2300 1395 2338 mechanica.

165 2358 203 2396 H
212 2367 227 2394 1
235 2368 253 2394 s
264 2368 288 2393 T
296 2368 322 2393 0
333 2369 362 2394 R
373 2368 388 2394 1
397 2369 424 2394 A
447 2357 653 2405 industiva,
681 2354 751 2395 five
784 2355 931 2394 historia
959 2356 1134 2394 naturalis
1161 2353 1200 2392 in
1229 2355 1365 2393 ordine
1397 2356 1444 2393 ad
1470 2356 1710 2401 condendam

219 2411 510 2463 philosophiam.

166 2467 206 2504 Ο
217 2478 240 2505 c
248 2477 276 2504 υ
287 2478 313 2504 L
323 2477 351 2504 U
364 2478 381 2504 s
402 2464 637 2518 Polyphemi,
665 2462 736 2505 five
752 2464 901 2504 historia
915 2466 1121 2503 literarum.

161 2520 198 2560 H
208 2533 223 2559 1
231 2532 314 2559 s’ro
322 2532 351 2558 R
363 2532 378 2559 1
390 2533 417 2559 A
439 2522 485 2559 ad
513 2521 736 2571 prophetias.

165 2576 195 2614 P
202 2588 230 2614 H
241 2588 256 2614 1
264 2588 290 2613 L
298 2587 324 2614 o
332 2588 350 2614 s
357 2588 384 2614 o
392 2588 412 2614 Ρ
420 2589 447 2614 H
457 2587 472 2614 1
482 2588 508 2614 A
533 2576 738 2614 secundum
760 2575 952 2627 parabolas
969 2573 1151 2624 antiquas.
1164 2614 1168 2620 ,

108 2625 211 2670 Ι.ἸΒ.
228 2632 288 2669 111.
318 2632 383 2668 ΡΗ
392 2643 407 2669 1
415 2643 530 2670 Loso
538 2643 559 2668 P
567 2642 594 2669 H
604 2642 617 2668 1
627 2643 654 2668 A
690 2632 823 2682 prima,
854 2628 928 2669 five
966 2631 1013 2670 dc
1050 2629 1295 2681 axiomatibus
1331 2628 1569 2669 scientiarum
1603 2642 1708 2678 comt

220 2686 411 2724 munibus.
1231 2704 1234 2707 >

156 2741 508 2782 2As'rR0NoM1A
528 2740 619 2778 viva.

156 2795 296 2834 ,Asm
307 2807 458 2834 OLOGI
469 2808 495 2833 A
525 2795 619 2833 sana.

163 2851 200 2888 C
208 2863 234 2888 o
243 2862 272 2888 N
282 2862 307 2888 r
317 2862 332 2888 1
340 2862 370 2888 N
379 2862 409 2889 U
416 2863 443 2888 A
452 2863 476 2888 T
492 2862 506 2888 1
516 2862 543 2888 o
570 2850 850 2900 problematum
866 2847 1108 2894 naturalium,

157 2906 190 2948 P
198 2917 224 2943 L
232 2917 258 2943 A
266 2918 289 2943 c
298 2917 313 2943 1
323 2918 347 2943 T
355 2918 382 2943 A
407 2904 651 2956 antiquorum
676 2905 1003 2957 philosophorum.

163 2961 282 2998 PARS
303 2959 572 3012 metaphyficae
587 2960 634 2998 de
655 2959 789 2998 formis
804 2971 942 2998 rerum.

162 3014 208 3059 M
218 3026 338 3053 AGIA
353 3015 541 3069 naturaliS,
570 3013 647 3058 five
655 3015 831 3058 decluffio
846 3015 1057 3053 formarum
1073 3011 1119 3054 ad
1138 3025 1262 3065 opera.

45 3100 48 3102 ,
90 3083 122 3104 ,-
157 3071 319 3121 ἐτγοιη
345 3071 371 3108 Ι.
853 3070 913 3107 Ll
944 3080 969 3122 2,
1466 3071 1700 3109 INVENTA-

1823 180 1886 224 26

1895 196 1921 238 Ἣ
