2040 3439
182 230 274 276 162
383 226 481 273 DE
535 218 1031 270 AUGMENTIS
1085 216 1693 264 SCIENTIARUM.
1732 217 1927 267 Lib.VI.

314 323 355 359 in
374 317 679 357 observationem
699 314 814 354 venit.
871 313 1057 351 Attamen
1079 313 1173 350 illud
1194 312 1270 350 fere
1291 311 1468 350 universo
1483 312 1613 361 generi
1635 311 1806 349 humano
1827 325 1932 351 com-

317 387 435 413 mune
451 373 511 419 est,
541 382 582 410 ut
597 382 732 410 vocem
754 373 793 407 in
809 369 883 406 fine
898 368 1045 421 periodi
1066 367 1302 415 submittant,
1332 368 1373 403 in
1389 367 1688 416 interrogatione
1704 368 1865 415 elevent,
1895 371 1933 408 &

318 428 387 468 alia
402 427 617 474 hujusmodi
631 438 712 463 non
727 436 853 474 pauca.
900 424 1032 472 Atque
1047 423 1093 461 de
1108 424 1372 473 grammaticae
1388 432 1502 472 parte,
1523 434 1616 471 quae
1630 423 1677 459 ad
1692 423 1935 462 locutionem

321 483 472 535 spectat,
502 482 690 519 hactenus.
1883 524 1885 526 r

375 540 517 590 QUOD
537 536 582 573 ad
607 534 850 584 scriptionem
871 535 1018 580 attinet,
1048 545 1090 571 ea
1109 543 1172 570 aut
1191 532 1396 583 alphabeto
1415 532 1561 581 vulgari
1580 530 1784 581 perficitur,
1816 533 1937 581 (quod

323 592 462 641 ubique
485 592 688 643 recipitur‚)
727 599 790 626 aut
813 590 969 627 occulto
993 591 1029 627 ὅ(
1055 587 1212 639 privato,
1251 588 1298 625 de
1323 600 1403 637 quo
1427 588 1526 624 inter
1551 584 1716 636 fingulos
1740 589 1936 636 convenit,

323 647 427 696 quod
461 645 604 696 ciphtas
636 655 786 684 vocant.
843 645 899 683 At
933 643 1203 695 orthographia
1230 644 1392 692 vulgaris
1426 644 1540 680 etiam
1574 640 1937 682 controversiam&

324 700 580 750 quaestionem
603 701 714 738 nobis
734 701 900 751 peperit:
938 700 1085 740 Utrum
1111 698 1251 736 scilicet
1278 698 1408 735 eadem
1433 697 1544 735 verba
1569 695 1725 734 scribere
1748 707 1936 749 oporteat,

324 769 403 805 quo
417 757 702 809 pronunciatur,
731 755 864 802 modO,
885 768 932 792 an
948 756 1074 805 potius
1089 766 1131 791 ex
1151 765 1260 791 more
1275 752 1479 790 consueto?
1507 752 1564 789 At
1580 751 1642 788 illa
1655 751 1816 803 scriptio,
1842 763 1938 803 quae

326 811 530 849 reformata
555 811 674 849 videri
702 806 828 860 possit,
859 809 917 858 (ut
934 808 1069 847 scilicet
1096 808 1250 861 scriptio
1272 806 1580 858 pronunciationi
1600 806 1768 844 consona
1790 804 1858 855 fit‚)
1889 807 1939 846 est

326 877 369 903 ex
383 878 522 916 genere
537 867 732 904 inutilium
749 863 1008 903 subtilitatum.
1066 866 1170 902 Nam
1185 866 1222 901 δε
1239 863 1314 913 ipsa
1328 861 1597 913 pronunciatio
1612 863 1784 910 quotidie
1799 861 1936 913 gliscit,

324 933 396 958 nee
419 921 588 959 constans
613 920 681 962 est3
711 922 749 957 ὃς
763 921 1015 958 derivationes
1037 920 1253 966 verborum,
1282 917 1500 970 praesertim
1521 930 1564 954 ex
1579 918 1718 967 linguis
1741 918 1938 966 extraneis,

325 975 477 1027 prorsus
492 976 757 1014 obscurantur:
786 975 951 1024 denique
967 987 1056 1013 eum
1071 987 1113 1012 ex
1135 986 1244 1012 more
1260 983 1413 1025 recepto
1433 973 1576 1024 scripta,
1607 983 1756 1009 morem
1770 984 1940 1024 pronun-

327 1032 452 1068 ciandi
472 1033 583 1070 nullo
602 1031 725 1071 modo
747 1029 966 1080 impediant,
994 1029 1057 1068 sed
1077 1031 1241 1067 liberum
1265 1028 1490 1078 relinquant,
1519 1027 1703 1077 quorsum
1723 1026 1940 1075 attinerista

326 1086 507 1125 novatio?

381 1140 455 1179 An
490 1139 633 1192 ciphras
660 1138 775 1190 igitur
807 1138 1049 1178 veniendum.
1105 1140 1246 1178 Earum
1274 1151 1413 1190 genera
1444 1138 1542 1176 haud
1571 1148 1687 1188 pauca
1719 1136 1829 1174 sunt:
1873 1137 1957 1177 (zi-⁴

326 1193 440 1245 phrae
464 1194 668 1245 simplices;
703 1194 853 1246 ciphrae
875 1207 959 1232 non
984 1193 1272 1245 significantibus
1298 1194 1566 1231 characicribus
1590 1193 1855 1234 intermixtae;
1890 1194 1942 1230 ci-

326 1249 441 1302 phrae
460 1251 626 1300 duplices
646 1251 771 1286 literas
787 1261 868 1287 uno
883 1250 1091 1287 char-aerem
1107 1250 1346 1300 complexam
1376 1250 1525 1301 ciphrae
1542 1258 1668 1288 rotae;
1698 1247 1847 1297 ciphrae
1867 1249 1959 1285 clas

326 1304 402 1346 vis;
439 1305 586 1357 ciphrae
604 1304 822 1351 verborum,
858 1305 963 1343 aliae.
1021 1306 1192 1343 Virtutes
1214 1315 1341 1341 autem
1366 1305 1407 1340 in
1434 1302 1570 1353 ciphris
1594 1302 1843 1350 requirendae
1866 1312 1943 1341 tres

327 1358 435 1398 sunt:
465 1361 526 1401 Ut
547 1358 616 1397 sint
639 1359 842 1409 expeditae,
872 1372 954 1397 non
970 1361 1084 1397 nimis
1103 1359 1281 1410 operosae
1300 1359 1344 1396 ad
1367 1359 1629 1396 scribendum:
1664 1358 1720 1398 Ut
1741 1355 1813 1394 fint
1831 1357 1940 1406 fidae,

329 1417 368 1452 &
391 1417 501 1453 nullo
524 1414 645 1452 modo
667 1424 818 1464 pateant
840 1415 886 1452 ad
909 1415 1227 1465 deeiphrandum:
1257 1414 1377 1451 Addo
1400 1415 1576 1463 denique,
1608 1423 1648 1451 ut
1668 1410 1693 1449 fi
1713 1411 1793 1449 fieri
1812 1409 1941 1462 poffit,

329 1469 540 1520 suspicione
555 1479 698 1508 vacent.
755 1471 794 1507 Si
810 1471 914 1507 enim
938 1470 1111 1520 epistolae
1126 1472 1167 1507 in
1182 1482 1314 1508 manus
1333 1481 1467 1507 eorum
1483 1469 1698 1514 devenient,
1727 1466 1790 1518 qui
1806 1469 1847 1505 in
1861 1480 1941 1516 eos,

328 1525 394 1573 qui
422 1525 598 1572 scribunt,
636 1534 697 1562 aut
724 1525 769 1561 ad
796 1537 892 1574 quos
922 1525 1146 1574 scribuntur,
1186 1525 1405 1575 potestatem
1433 1525 1604 1571 habeant,
1642 1521 1786 1560 tametli
1812 1523 1941 1575 ciphra

328 1580 405 1629 ipsa
429 1581 500 1617 fida
520 1580 561 1618 fit
582 1583 620 1617 ὅ(
647 1579 865 1630 deciphratu
885 1577 1136 1631 impossibilis,
1166 1590 1294 1618 tamen
1317 1580 1508 1625 subiicitur
1524 1580 1614 1616 haec
1638 1590 1694 1615 res
1717 1577 1878 1615 examini
1901 1581 1941 1617 &

328 1636 556 1684 quacstioni3
586 1632 655 1673 nisi
677 1635 803 1685 ciphra
828 1633 870 1672 fit
894 1635 1090 1683 ejusmodi,
1121 1648 1215 1684 quae
1244 1646 1306 1674 aut
1333 1634 1541 1687 suspicione
1569 1644 1684 1681 vacet,
1713 1643 1776 1671 aut
1804 1635 1942 1672 exami-

326 1692 525 1728 nationem
541 1690 676 1728 eludat.
733 1690 850 1743 Quod
870 1703 961 1728 vero
980 1692 1026 1728 ad
1041 1689 1246 1728 elusionem
1262 1693 1441 1729 examinis
1458 1689 1601 1736 attinet,
1632 1690 1791 1740 suppetit
1811 1690 1943 1727 inven-
1960 1696 1965 1710 ³

328 1754 410 1784 tum
433 1747 478 1783 ad
498 1746 571 1783 hoc
586 1758 733 1783 novum
757 1756 869 1794 atque
884 1747 989 1794 utile,
1018 1747 1122 1796 quod
1146 1748 1290 1784 cumin
1313 1757 1494 1798 promptu
1516 1744 1729 1791 habeamus,
1758 1744 1942 1793 quorsum

330 1803 466 1838 attinet
490 1801 583 1838 illud
607 1800 706 1838 inter
728 1799 928 1838 desiderata
951 1801 1101 1847 referre,
1138 1801 1200 1838 sed
1220 1803 1346 1854 potius
1369 1803 1406 1838 id
1434 1800 1553 1852 ipsum
1579 1801 1818 1849 proponere?
1854 1801 1941 1838 Hoc

331 1855 547 1901 hujusmodi
576 1856 648 1896 est3
689 1865 730 1893 ut
758 1856 890 1893 habeat
919 1858 1001 1905 quis
1031 1857 1110 1894 duo
1137 1857 1342 1908 alphabeta,
1382 1868 1502 1894 unum
1531 1858 1725 1893 literarum
1753 1866 1941 1904 verarum,

329 1913 490 1949 alterum
514 1908 917 1960 non-significantium:
956 1913 1004 1948 Et
1027 1910 1134 1949 fimul
1157 1912 1246 1949 duas
1269 1912 1438 1962 epistolas
1463 1912 1642 1958 involvat,
1681 1922 1807 1956 unam,
1845 1922 1960 1960 quae*

330 1965 513 2003 secretum
529 1965 689 2003 deferat:
721 1966 888 2007 alteram,
917 1967 1067 2015 qualem
1084 1965 1281 2005 verisimile
1301 1968 1413 2005 fuerit
1430 1966 1656 2005 scribentem
1669 1966 1866 2004 missurum
1884 1967 1943 2004 fu—

331 2021 405 2068 isse,
442 2020 579 2069 absque
607 2019 774 2073 periculo
797 2031 936 2059 tamen.
998 2022 1115 2074 Quod
1140 2020 1167 2060 fi
1192 2022 1273 2071 quis
1300 2023 1346 2060 de
1371 2023 1498 2075 ciphra
1523 2022 1646 2061 severe
1671 2023 1966 2071 interrogetur„

331 2077 499 2128 porrigat
528 2077 592 2113 ille
618 2075 857 2126 alphabetum
885 2075 1272 2127 non-fignificantium
1300 2090 1372 2128 pro
1401 2080 1495 2115 veris
1519 2078 1663 2118 literis;
1699 2071 1940 2127 alphabetum

330 2141 457 2169 autem
477 2142 648 2169 verarum
667 2132 858 2169 literarum
877 2144 949 2184 pro
968 2130 1379 2182 noii‹figiiificantibus;
1408 2132 1483 2171 hoc
1506 2134 1627 2170 modo
1643 2132 1782 2170 incidet
1805 2133 1940 2170 exami-

330 2196 441 2223 nator
463 2187 502 2223 in
518 2184 708 2237 epistolam
732 2188 836 2223 illam
851 2189 1089 2233 exteriorem,
1119 2200 1233 2237 quam
1256 2201 1343 2227 cum
1359 2189 1593 2238 probabilem
1610 2190 1789 2235 inveniet,
1817 2188 1866 2225 de
1884 2189 1942 2226 in·

329 2240 461 2279 teriori
477 2240 629 2293 epistola
644 2241 741 2279 nihil
759 2241 1008 2293 suspicabitur.
1067 2244 1126 2284 Ut
1143 2255 1234 2281 vero
1248 2243 1407 2294 suspicio
1422 2245 1550 2282 omnis
1565 2241 1666 2290 abfit,
1695 2243 1793 2282 aliud
1809 2244 1940 2283 inven-

330 2305 413 2333 tum
440 2296 689 2343 subjiciemus,
719 2297 822 2346 quod
846 2308 959 2344 certe,
987 2310 1074 2335 cum
1100 2298 1369 2337 adolescentuli
1393 2299 1548 2337 essemus
1571 2297 1724 2347 Parisiis,
1759 2299 1960 2349 excogitas·

328 2352 475 2392 vimu53
505 2364 577 2388 nec
601 2350 713 2388 etiam
728 2352 850 2389 adhuc
863 2352 937 2391 visa
953 2353 1064 2390 nobis
1089 2365 1146 2391 res
1161 2354 1276 2404 digna
1290 2355 1350 2402 cst,
1385 2367 1479 2407 quae
1498 2365 1634 2404 pereat.
1691 2356 1813 2393 Habet
1833 2357 1939 2394 enim

330 2405 487 2454 gradum
504 2406 651 2456 ciphi-ae
666 2403 911 2449 altiffimum3
939 2409 1125 2446 nimirum
1141 2419 1181 2447 ut
1197 2412 1327 2448 omnia
1342 2422 1406 2460 per
1421 2412 1553 2448 omnia
1567 2408 1761 2460 significari
1775 2406 1939 2461 poffint:

331 2461 383 2496 ita
405 2470 533 2498 tamen
558 2472 599 2499 ut
624 2461 790 2514 scriptio,
828 2475 922 2512 quae
947 2465 1166 2512 involvitur,
1204 2466 1410 2517 quintuplo
1436 2464 1563 2502 minor
1588 2463 1642 2512 fit,
1681 2478 1792 2515 quam
1812 2479 1855 2504 ea
1876 2470 1938 2506 cui

333 2516 567 2553 involvatur:
606 2516 693 2554 Alia
719 2519 822 2555 nulla
851 2520 1017 2556 omnino
1042 2518 1243 2567 requiritur
1269 2521 1444 2559 conditio
1463 2531 1526 2558 aut
1553 2521 1741 2559 restrictio.
1799 2523 1840 2560 Id
1866 2523 1941 2561 hoc

332 2569 454 2605 modo
473 2569 546 2607 fiet.
602 2570 742 2619 Primo,
773 2573 961 2611 universae
985 2574 1114 2611 literae
1132 2575 1319 2624 alphabeti
1345 2576 1385 2613 in
1406 2576 1495 2613 duas
1519 2576 1792 2614 tantummodo
1816 2579 1941 2618 literas

333 2622 523 2661 solvantur
546 2637 609 2676 per
629 2626 960 2679 transpositionem
983 2640 1122 2666 earum.
1181 2631 1286 2668 Nam
1306 2628 1546 2682 transpositio
1565 2631 1725 2670 duarum
1745 2633 1939 2672 literarum

333 2689 398 2727 per
418 2680 522 2716 locos
536 2681 704 2730 quinque
723 2682 944 2721 differentiis
960 2682 1113 2734 triginta
1135 2685 1290 2734 duabus,
1319 2688 1445 2723 multo
1469 2687 1587 2736 magis
1603 2689 1739 2737 viginti
1762 2700 1937 2736 quatuor,

334 2732 416 2825 iqlm
440 2733 488 2826 {st
507 2746 685 2774 numerus
709 2738 896 2790 alphabeti
917 2739 1013 2791 apud
1034 2741 1119 2789 nos)
1144 2737 1313 2780 sufficiet.
1370 2742 1490 2789 Hujus
1513 2742 1700 2794 alphabeti
1723 2746 1939 2797 exemplum

353 2799 371 2825 a
388 2799 408 2824 e
424 2799 442 2824 e
474 2812 483 2826 .

1713 2964 1937 3016 Exemplum
