2040 3439
90 178 270 227 Lib.11.
495 177 823 224 NOVUM
895 176 1381 226 ORGANUM.
1789 201 1883 252 375

98 286 305 325 rumpatur,
335 273 394 326 (ut
420 274 461 313 fit
495 277 536 313 in
565 275 747 324 speluncis
769 277 805 312 δε
823 277 989 313 cavernis
1008 275 1122 325 paulo
1140 271 1469 326 profundioribus)
1487 275 1642 315 vertitur
1662 279 1703 317 in

96 331 320 381 crystallum,
348 340 412 367 aut
436 331 631 367 materiam
659 328 831 376 similem,
861 343 931 368 nec
949 343 1116 379 unquam
1136 331 1348 369 restituitur.

154 387 178 424 S
191 397 243 423 11*
269 394 395 422 motus
413 383 574 431 quintus,
599 395 725 422 motus
745 387 1044 423 continuationis
1061 400 1069 423 :
1099 387 1352 437 intelligimus
1371 397 1497 425 autem
1513 398 1593 425 non
1610 399 1699 425 con-

95 439 318 478 tinuationis
338 438 512 490 simplicis
539 442 575 477 δε
598 438 801 489 primariae,
830 452 918 478 cum
939 453 1099 493 corpore
1119 443 1247 491 aliquo
1274 443 1420 483 alter03
1452 442 1553 487 (nam
1573 442 1636 480 ille
1651 444 1701 481 est

95 505 224 534 motus
246 495 376 543 nexus)
392 495 452 532 sed
473 493 767 532 continuationis
793 495 858 542 sui,
886 495 925 533 in
951 508 1112 547 corpore
1143 508 1260 535 certo.
1318 493 1581 535 Cettiffimum
1596 499 1701 535 enim

96 551 157 597 est,
173 551 276 600 quod
290 562 450 600 corpora
469 551 601 587 omnia
616 549 845 587 solutionem
860 550 1120 589 continuitatis
1135 551 1357 590 exhorreant
1373 565 1383 593 3
1403 554 1472 589 alia
1488 554 1618 601 magis,
1634 552 1702 590 alia

97 607 235 652 minus,
258 605 319 642 sed
335 607 466 642 omnia
486 606 728 656 aliquatenus.
785 607 887 644 Nam
905 616 944 642 ut
961 607 999 642 in
1015 607 1235 658 corporibus
1249 607 1351 644 duris
1372 606 1505 657 (veluti
1523 607 1703 657 chalybis,

95 660 191 709 vitri)
219 661 415 698 reluuatio
434 670 567 697 contra
586 658 972 698 discontinuationem
1000 662 1049 699 est
1069 660 1228 699 maxime
1258 662 1404 699 robusta
1420 664 1455 698 δε
1470 662 1589 700 valida
1609 676 1620 703 3
1650 664 1702 700 ita

93 715 205 753 etiam
225 717 265 752 in
285 714 507 764 liquoribus,
536 715 599 752 ubi
623 715 754 752 ccss'arc
777 725 839 752 aut
865 717 1042 764 languere
1062 715 1192 753 saltem
1205 716 1352 754 videtur
1366 728 1493 754 motus
1503 716 1702 764 ejusmodi,

92 782 223 808 tamen
245 783 325 808 non
349 770 495 820 prorsus
519 772 701 821 reperitur
721 771 883 821 privatio
907 772 1010 816 ejus;
1038 771 1098 808 scd
1114 773 1223 821 plane
1238 772 1328 808 inest
1344 769 1426 820 ipsis
1441 773 1481 808 in
1497 773 1612 821 gradu
1623 784 1702 810 tan-

93 838 207 874 quam
229 825 375 871 infimo,
406 827 440 861 ὅ(
457 825 582 874 prodit
604 824 637 861 se
657 826 697 861 in
711 823 969 874 experimentis
982 827 1167 876 plurimis3
1197 824 1286 863 sicut
1315 828 1355 863 in
1371 827 1494 873 bullis,
1518 828 1558 863 in
1571 837 1702 865 rotun-

91 881 207 918 ditate
221 891 426 930 guttarum‚
448 881 488 917 in
500 880 571 917 filis
586 880 823 917 tenuioribus
838 879 1124 927 stillicidiorum,
1141 882 1178 917 &
1193 882 1234 917 in
1253 879 1475 929 sequacitate
1497 893 1701 930 corporum

90 935 383 985 glutinosorum,
414 938 451 973 ὃ(
471 934 667 980 ejusmodi.
727 934 798 971 Sed
819 936 981 972 maxime
1006 937 1182 972 omnium
1200 934 1235 972 se
1250 934 1408 973 ostendit
1428 937 1613 987 appetitus
1623 935 1700 984 iste,

90 988 118 1028 si
151 990 447 1028 discontinuatio
476 1000 642 1027 tentetur
658 988 770 1040 usquc
798 988 844 1026 ad
867 989 1064 1027 fraffiones
1088 992 1265 1027 minores.
1322 992 1426 1028 Nam
1440 989 1479 1027 in
1495 993 1698 1037 mortariis,

88 1046 169 1096 post
188 1043 450 1083 contusionem
468 1045 512 1082 ad
532 1055 676 1082 certum
695 1044 866 1093 gradum,
894 1057 974 1081 non
991 1044 1148 1095 amplius
1168 1056 1342 1094 operatur
1356 1044 1529 1095 pistillum
1546 1059 1554 1082 :
1588 1045 1703 1094 Aqua

89 1113 171 1138 non
196 1100 377 1138 subintrat
393 1100 501 1137 rimas
522 1101 690 1136 minores
709 1114 716 1135 ;
745 1098 848 1150 Quin
864 1102 900 1136 ὅ(
922 1099 996 1151 ipse
1012 1103 1082 1147 ae‘r,
1110 1112 1190 1137 non
1208 1099 1376 1137 obstante
1397 1100 1597 1138 subtilitate
1617 1113 1700 1137 cor-

87 1157 190 1206 poris
213 1153 331 1208 ipsius,
360 1168 475 1206 poros
497 1154 672 1192 vasorum
693 1156 807 1204 paulo
822 1153 1046 1193 solidiorum
1073 1167 1154 1192 non
1171 1153 1363 1206 pertransit
1379 1153 1515 1203 subito,
1543 1166 1614 1192 nec
1633 1153 1703 1194 nisi

85 1223 154 1263 per
174 1210 390 1248 diuturnam
410 1208 713 1248 insinuationem.

144 1267 227 1305 SIT
249 1276 376 1304 motus
393 1266 523 1311 sextus,
553 1274 680 1301 motus
700 1276 813 1313 quem
835 1264 1076 1303 nominamus
1102 1276 1254 1303 motum
1280 1266 1326 1303 ad
1342 1267 1502 1312 lucrum,
1533 1264 1603 1304 sive
1618 1276 1701 1304 mo-

89 1332 175 1359 tum
195 1322 436 1371 indigentiae.
492 1321 524 1357 Is
543 1319 603 1366 est,
633 1331 698 1369 per
721 1332 836 1367 quem
856 1332 1028 1371 corpora,
1057 1321 1212 1370 quando
1241 1320 1429 1358 versantur
1461 1322 1561 1360 inter
1587 1321 1700 1372 plane

88 1376 334 1425 heterogenea
352 1378 388 1413 ὃ(
403 1373 500 1427 quasi
511 1373 673 1421 inimica,
701 1372 728 1410 fi
745 1374 843 1411 forte
863 1374 1120 1413 nanciscantur
1141 1377 1290 1427 copiam
1305 1387 1367 1413 aut
1383 1375 1702 1413 commoditatem

88 1429 251 1469 evitandi
266 1432 329 1468 illa
355 1431 616 1480 heterogenea,
646 1432 683 1466 &
702 1429 737 1467 se
760 1428 966 1479 applicandi
992 1431 1038 1467 ad
1067 1429 1182 1479 magis
1203 1440 1380 1479 cognatas
1409 1430 1514 1479 (licet
1536 1428 1598 1467 illa
1626 1429 1702 1482 ipsa

87 1496 248 1535 cognata
274 1486 361 1522 talia
389 1485 543 1531 fuerint,
572 1496 668 1534 quae
689 1497 771 1522 non
786 1484 946 1522 habeant
965 1486 1107 1523 atstum
1122 1484 1345 1522 eonsensum
1361 1496 1449 1522 cum
1465 1482 1558 1536 ipsis)
1573 1495 1703 1523 tamen

88 1540 210 1578 statim
238 1553 279 1578 ea
306 1535 601 1592 ampleituntur,
624 1541 661 1577 ὅ(
688 1550 866 1590 tanquam
886 1542 1036 1589 potiora
1059 1541 1230 1581 malunt;
1260 1542 1298 1577 &
1324 1542 1418 1578 lucri
1447 1541 1537 1577 loco
1579 1539 1700 1589 (unde

86 1595 312 1633 vocabulum
341 1593 572 1644 sumpsimus)
602 1594 677 1631 hoc
691 1607 833 1644 ponere
848 1595 1037 1642 videntur,
1064 1606 1245 1643 tanquam
1264 1596 1398 1633 talium
1420 1607 1628 1646 corporum
1648 1593 1703 1631 in-

86 1651 184 1700 diga.
238 1651 410 1700 Exempli
429 1651 546 1700 gratia
563 1662 573 1690 ;
603 1661 747 1696 aurum,
763 1659 825 1686 aut
846 1650 948 1687 aliud
963 1650 1160 1688 metallum
1181 1649 1370 1696 foliatum,
1399 1662 1481 1687 non
1501 1649 1706 1686 delectatur

87 1707 171 1743 aere
189 1705 427 1744 circumfuso.
464 1706 609 1754 ‘ltaque
629 1702 655 1741 st
681 1716 816 1753 eorpus
843 1703 997 1754 aliquod
1024 1705 1206 1754 tangibile
1226 1707 1263 1742 ὃς
1286 1705 1440 1742 craffum
1459 1703 1705 1750 nanciscatur,

89 1760 147 1806 (ut
168 1761 342 1811 digitum,
371 1772 563 1812 papyrum,
593 1758 739 1808 quidvis
766 1759 881 1808 aliud)
904 1760 1078 1797 adhaeret
1105 1760 1237 1807 statim,
1265 1772 1338 1797 nec
1366 1760 1475 1797 facile
1502 1757 1704 1797 divellitur.

86 1815 212 1852 Etiam
235 1827 405 1867 papyrus,
433 1825 498 1852 aut
522 1826 678 1864 pannuS,
708 1816 746 1850 ὅ(
765 1813 995 1861 hujusmodi,
1024 1827 1107 1852 non
1128 1815 1225 1851 bene
1249 1814 1287 1852 se
1321 1815 1460 1852 habent
1496 1826 1585 1851 cum
1608 1816 1705 1859 aere,

88 1872 154 1918 qui
179 1870 352 1908 inseritur
366 1872 402 1908 ὅ(
422 1868 640 1907 commistus
655 1869 703 1906 est
718 1870 759 1906 in
774 1868 942 1918 ipsorum
958 1871 1070 1918 poris,
1125 1870 1252 1918 Itaque
1271 1881 1406 1917 aquam
1427 1879 1490 1906 aut
1509 1870 1705 1917 liquorum

86 1925 250 1963 libenter
287 1924 490 1970 imbibunt,
519 1927 556 1961 ὃ(
575 1925 700 1960 aerem
727 1923 989 1961 exterminant.
1046 1924 1171 1961 Etiam
1205 1923 1430 1970 saccharum,
1459 1933 1521 1961 aut
1550 1923 1707 1974 spongia

89 1979 210 2018 infusa
232 1984 272 2018 in
296 1992 431 2029 aquam
460 1989 522 2017 aut
542 1978 685 2025 vinum,
715 1979 803 2016 licet
831 1991 913 2029 pars
933 1978 1102 2029 ipsorum
1117 1978 1292 2025 emineat,
1323 1981 1359 2016 ὅ(
1381 1980 1496 2028 longe
1511 1978 1708 2015 attollatur

89 2034 196 2088 supra
229 2038 361 2073 vinum
387 2046 449 2072 aut
477 2045 626 2083 aquam,
656 2044 783 2071 tamen
812 2046 947 2083 aquam
968 2044 1030 2072 aut
1063 2035 1197 2073 vinum
1218 2034 1399 2083 paulatim
1425 2036 1461 2071 ὅ(
1484 2045 1550 2083 per
1570 2032 1710 2082 gradus

87 2090 278 2128 attrahunt
301 2089 340 2128 in
362 2089 516 2127 sursum.

145 2143 286 2183 UNDE
308 2147 475 2195 optimus
490 2157 614 2182 canon
630 2144 789 2182 sumitur
803 2153 993 2195 aperturae
1016 2146 1053 2182 δε
1075 2143 1311 2181 solutionum
1340 2154 1557 2192 corporum.
1616 2141 1703 2179 Mis·

86 2197 130 2235 sis
151 2201 255 2237 enim
275 2198 469 2238 corrosivis
485 2203 521 2237 ὅς
536 2201 641 2248 aquis
665 2199 841 2245 fortibus,
870 2211 965 2247 quae
980 2198 1076 2237 viam
1098 2198 1161 2236 sibi
1176 2200 1348 2251 aperiunt
1364 2216 1378 2240 ‚-
1406 2196 1432 2234 si
1455 2194 1568 2248 poffit
1600 2199 1703 2234 inve-

87 2256 162 2292 niri
187 2268 318 2306 eorpus
342 2256 675 2306 proportionatum
691 2253 729 2290 δε
758 2254 876 2303 magis
904 2253 1143 2291 consentiens
1173 2256 1208 2291 ὃς
1233 2255 1398 2290 amicum
1419 2251 1570 2304 corpori
1591 2254 1703 2289 alicui

87 2309 224 2358 solido,
242 2322 354 2361 quam
376 2311 483 2357 illud,
496 2322 583 2347 eum
605 2321 689 2358 quo,
707 2319 887 2356 tanquam
902 2321 967 2358 per
983 2305 1236 2346 neeellitatem
1252 2307 1521 2346 commiscetur
1538 2321 1546 2344 :
1580 2306 1701 2344 statim

88 2364 125 2402 se
150 2368 268 2417 aperit
292 2368 329 2403 ὃ(
357 2366 493 2402 relaxat
531 2376 678 2414 corpus,
707 2366 744 2400 ὃς
771 2363 864 2401 illud
893 2365 1052 2401 alterum
1095 2366 1197 2401 intro
1225 2364 1369 2414 recipit,
1398 2364 1526 2414 priore
1552 2361 1704 2400 excluso

88 2430 152 2457 aut
169 2420 375 2457 summoto.
434 2421 571 2468 Neque
596 2429 784 2469 operatur,
812 2428 874 2455 aut
890 2419 1018 2470 potest,
1048 2417 1109 2456 iste
1134 2429 1263 2456 motus
1290 2418 1336 2454 ad
1369 2419 1531 2458 lucrum,
1562 2416 1700 2454 solum-

85 2475 209 2513 modo
235 2476 280 2513 ad
298 2476 451 2513 tastum.
511 2477 613 2512 Nam
629 2474 798 2512 ele&riea
814 2476 986 2522 operatio
1000 2474 1059 2521 (de
1079 2486 1150 2524 qua
1166 2474 1357 2511 Gilbertus
1378 2474 1414 2509 ὅ(
1435 2473 1496 2509 alii
1511 2472 1591 2524 post
1612 2483 1702 2508 eum

87 2539 208 2568 tantas
222 2532 428 2568 excitarunt
448 2530 600 2577 fabulas)
623 2541 705 2566 non
727 2529 796 2565 alia
811 2529 859 2565 est
878 2540 993 2576 quam
1013 2530 1181 2578 corporis
1210 2540 1275 2578 per
1303 2527 1543 2564 fricationem
1577 2526 1701 2564 levem

89 2583 234 2622 excitati
262 2584 455 2636 appetitus,
483 2581 558 2633 qui'
578 2587 702 2622 aerem
726 2595 808 2622 non
828 2584 924 2621 bene
953 2584 1100 2631 tolerat,
1128 2583 1190 2621 sed
1211 2582 1312 2620 aliud
1342 2580 1521 2632 tangibile
1547 2582 1707 2628 mavult,

87 2637 113 2677 fi
131 2642 330 2691 reperiatur
354 2639 392 2677 in
417 2642 646 2689 propinquo.

145 2696 228 2732 SIT
259 2706 386 2733 motus
406 2695 593 2745 septimus,
621 2702 750 2731 motus
773 2697 906 2742 (quern
940 2694 1182 2744 appellamus)
1200 2689 1505 2742 congregationis
1525 2689 1702 2736 majoris;

87 2762 154 2802 per
183 2762 295 2798 quem
331 2762 490 2802 corpora
521 2750 694 2787 ferimtut
721 2749 768 2785 ad
798 2748 926 2785 massas
958 2750 1262 2786 connaturalium
1297 2747 1480 2787 1horum3
1511 2748 1636 2796 gravia
1655 2748 1700 2782 ad

90 2805 249 2854 globum
276 2815 395 2842 terrae
406 2822 420 2847 ,-
452 2806 547 2842 levia
565 2805 611 2842 ad
626 2804 812 2841 ambitum
834 2804 944 2841 coeli.
1000 2805 1112 2840 Hunc
1126 2802 1251 2840 schola
1272 2801 1430 2840 nominc
1455 2811 1583 2839 motus
1600 2812 1704 2838 natu-

89 2861 174 2896 ralis
192 2858 389 2910 insignivit,
419 2861 491 2897 levi
515 2857 863 2908 contemplatione3
894 2860 980 2907 quia
1001 2857 1136 2895 seilicet
1165 2859 1220 2895 nil
1259 2856 1452 2907 spediabih:
1485 2867 1563 2893 erat
1584 2857 1628 2893 ab
1645 2868 1701 2892 ex-

89 2925 159 2960 tra,
187 2917 290 2963 quod
315 2928 403 2952 eum
424 2925 576 2952 motum
596 2913 734 2954 cierets
766 2912 903 2962 (itaque
932 2914 1041 2951 rebus
1056 2910 1137 2962 ipsis
1160 2915 1333 2950 innatum
1349 2923 1460 2961 atque
1475 2909 1626 2948 insitum
1638 2922 1701 2959 pu-

92 2971 182 3006 tavit
200 2972 222 3018 z)
253 2981 314 3008 aut
348 2970 446 3007 forte
463 2971 549 3018 quia
570 2981 651 3007 non
678 2968 796 3006 cessat.
854 2970 939 3006 Nec
967 2967 1130 3006 mirum:
1160 2968 1303 3020 semper
1322 2969 1425 3004 enim
1454 2966 1594 3016 praesto
1618 2964 1701 3001 sunt

95 3025 244 3062 coelum
266 3028 303 3062 ὅ(
327 3036 450 3067 terr-13
481 3037 568 3063 cum
594 3037 612 3062 c
633 3034 766 3064 contra
791 3023 917 3061 caulae
940 3026 974 3062 δε
996 3021 1159 3074 origines
1184 3024 1438 3075 plurimorum
1473 3033 1514 3058 ex
1549 3019 1703 3066 reliquis

265 3090 284 3130 3
1532 3075 1700 3113 motibus
