2040 3439
194 244 289 290 230

491 225 585 271 DE
621 208 1644 269 AUGMENTls'smE-NTIARUM
1735 214 1986 267 navins

367 324 526 362 theoria.
587 324 724 372 Neque
744 331 874 357 tamen
896 319 1023 356 literae
1049 316 1144 353 hanc
1172 315 1288 367 ipsam
1302 316 1477 354 fortunae
1495 317 1777 362 architeciuram
1793 318 1901 354 aliter
1916 319 1977 356 ad·
2031 335 2034 342 =

368 380 555 416 mirantur
583 388 645 414 aut
669 375 872 421 aestimant,
900 384 1014 424 quam
1043 382 1084 409 ut
1104 383 1196 420 opus
1211 371 1403 420 quoddam
1424 371 1609 409 inferioris
1627 373 1782 421 generis.
1814 373 1990 411 Nemini.

368 435 486 479 enim,
514 432 667 469 fortuna
692 432 854 480 propria,
884 440 957 480 pro
976 427 1083 464 dono
1103 426 1172 464 css'c
1188 425 1253 473 sui,
1275 439 1294 463 a
1314 428 1400 463 Deo
1412 427 1596 473 eoneess'o,
1627 428 1706 464 ullo
1727 427 1848 464 modo
1862 427 1977 477 digna

371 487 570 526 retributio
589 485 658 522 ess'c
673 481 798 537 possit.
856 481 962 534 Quin
987 483 1024 518 &
1044 494 1127 519 non
1155 494 1238 519 raro
1254 481 1309 528 fit,
1336 492 1378 518 ut
1397 481 1466 519 viri
1486 481 1683 519 virtutibus
1706 481 1843 530 egregii
1857 482 1978 521 fortu-

371 555 442 580 nae
474 541 556 579 suae
584 540 717 590 sponte
734 537 967 583 renuncient‚
983 548 1025 574 ut
1049 537 1156 573 rebus
1172 535 1452 574 sublimioribus
1466 547 1609 574 vacent.
1639 539 1765 586 Digna
1780 548 1907 575 tamen
1927 537 1985 576 est·

370 598 535 643 fortuna,
565 605 748 644 quatenus
766 594 913 631 virtutis
933 605 973 629 ae
993 590 1263 630 benemerendi
1287 603 1473 641 organum
1497 593 1556 638 est,
1587 591 1647 629 sua
1673 604 1825 643 quoque
1848 591 1973 642 specu-

366 653 509 689 latione
538 652 575 687 &
602 650 785 687 dostrina.
1158 666 1162 669 ·

421 706 494 743 AD
523 705 619 743 hanc
644 706 856 743 dofflinam
879 704 1071 753 pertinent
1097 711 1303 754 praecepta,
1332 702 1519 739 nonnulla
1549 700 1758 747 summaria,
1787 703 1975 742 nonnulla

368 761 485 813 sparsa
514 763 550 798 ὅ(
579 759 686 798 varia.
742 761 941 808 Praecepta
970 757 1171 795 summaria
1204 756 1405 804 versantur,
1435 758 1531 794 circa
1563 769 1689 794 veram
1719 758 1909 805 notitiam,
1938 760 1977 797 δε

369 815 533 854 aliorum
549 818 585 853 &
605 815 670 853 sui.
728 816 899 852 Primum
923 812 1037 863 igitur
1060 824 1299 864 praeceptum
1316 811 1374 862 (in
1398 824 1476 861 quo
1496 813 1609 849 cardo
1635 811 1788 849 notitiae
1812 812 1975 851 aliorum

368 869 540 921 vertitur)
564 870 657 909 illud
672 870 928 915 constituatur,
959 879 1000 905 ut
1025 880 1268 918 procuremus
1291 868 1404 904 nobis
1430 867 1629 916 (quantum
1654 861 1751 904 fieri⁴
1769 863 1896 918 possit)
1922 868 1974 906 fe-

366 926 526 965 nestram
551 926 667 973 illam,
697 937 810 974 quam
835 923 928 961 olim
950 921 1135 973 requisivit
1152 923 1320 960 Momus.
1377 923 1454 969 Ille,
1483 935 1572 959 eum
1601 923 1642 959 in
1667 921 1823 959 humani
1851 921 1973 961 cordis

367 981 508 1019 fabrica
527 991 587 1019 tot
605 982 765 1031 angulos
789 982 825 1017 &
846 974 1252 1029 rccessiis'conspicatus
1272 977 1370 1024 ess'et,
1399 978 1438 1014 id
1464 977 1713 1027 reprehendit,
1742 977 1847 1026 quod
1869 977 1973 1016 defu-

368 1036 448 1074 isset
470 1037 636 1084 fenestra,
664 1048 730 1086 per
753 1046 866 1087 quam
902 1036 943 1071 in
971 1033 1150 1071 obscuros
1174 1032 1258 1070 illos
1286 1035 1322 1070 ὅ(
1345 1033 1537 1070 tortuosos
1569 1032 1758 1070 anfrastus
1795 1031 1973 1082 inspicere

367 1090 449 1143 quis
470 1087 596 1144 possit.
652 1093 759 1129 Hanc
786 1101 912 1127 autem
935 1088 1130 1126 fenestram
1155 1087 1424 1134 obtinebimus,
1456 1086 1481 1124 si
1507 1086 1614 1125 omni
1638 1087 1831 1124 sedulitate
1861 1084 1973 1126 nobis

367 1147 684 1184 informationem
708 1156 969 1196 comparemus
998 1145 1035 1180 ὅ(
1056 1155 1314 1193 procurenmS,
1341 1143 1386 1180 de
1410 1142 1589 1193 personis,
1620 1141 1842 1191 quibuscum
1860 1140 1973 1191 inter-

366 1202 506 1239 cedunt
526 1200 689 1251 negotia,
708 1198 1011 1250 particularibus3
1041 1211 1244 1247 earumque
1258 1196 1428 1247 ingeniis,
1445 1197 1716 1248 cupiditatibuS,
1732 1197 1975 1246 finibus,1rr<‘>·

364 1257 478 1303 ribus,
509 1255 648 1293 auxiliis
669 1258 705 1292 ὃς
728 1253 978 1299 adminiculis,
1014 1252 1146 1301 quibus
1174 1253 1369 1304 praecipue
1414 1252 1676 1290 lirffulciuntur
1701 1255 1738 1290 δε
1757 1251 1906 1295 valcnt3
1935 1255 1989 1292 &'

365 1311 500 1357 rursuS,
529 1310 732 1348 defeffibus
764 1312 801 1346 δὲ
834 1306 1162 1354 imbecillitatibus,
1192 1320 1339 1357 quaque
1368 1320 1411 1344 cx
1438 1319 1540 1359 parte
1568 1309 1731 1344 maxime
1759 1315 1908 1357 pateant
1935 1311 1975 1346 &

363 1365 523 1403 obnoxii
551 1364 621 1403 sint
636 1383 650 1408 ,-
681 1363 819 1412 amicis,
846 1363 1082 1409 faffionibus,
1110 1365 1289 1414 patronis,
1321 1362 1528 1404 clienteli53
1567 1362 1763 1412 rursusque
1796 1362 1971 1411 inimicis,

362 1419 507 1468 invidis,
537 1419 870 1471 competitoribus3
900 1418 1011 1456 etiam
1031 1419 1266 1467 temporibus
1287 1419 1324 1455 &
1344 1418 1526 1455 aditibus:

657 1496 766 1550 (Sola
784 1498 867 1536 viri
896 1494 1028 1535 molles
1055 1495 1190 1535 aditus
1215 1493 1263 1540 ἄρ’
1289 1503 1461 1548 tempora
1483 1496 1589 1534 noris
1609 1494 1638 1545 .·)

364 1581 539 1634 Denique
565 1580 737 1619 institutis
758 1582 795 1618 ὃς
811 1582 970 1627 normis,
999 1591 1088 1631 quas
1106 1577 1170 1617 sibi
1186 1579 1509 1630 praescripserunt,
1531 1584 1567 1617 δε
1583 1578 1771 1619 similibus.
1829 1584 1971 1636 Qinc-

363 1636 467 1685 tiam,
495 1650 577 1675 non
593 1637 717 1674 solum
734 1635 958 1673 informatio
973 1635 1150 1684 capienda
1175 1636 1223 1672 est
1242 1635 1288 1672 de
1314 1635 1493 1685 personis,
1530 1635 1590 1673 sed
1617 1636 1766 1686 insuper
1788 1637 1835 1674 de
1858 1639 1970 1676 actio-

363 1693 475 1730 nibus
489 1692 779 1742 particularibus,
810 1703 903 1740 quae
919 1691 965 1727 de
988 1700 1157 1740 tempore
1172 1691 1212 1726 in
1228 1701 1376 1740 tempus
1405 1692 1446 1727 in
1476 1701 1587 1729 motu
1615 1691 1700 1729 sunt
1723 1694 1760 1729 ὃ(
1788 1702 1971 1743 tanquam

364 1747 432 1785 sub
451 1747 611 1788 incude3
640 1746 842 1795 quomodo
862 1755 1038 1795 regantur
1071 1747 1107 1782 &
1133 1744 1342 1792 succedant,
1369 1758 1533 1797 quorum
1560 1745 1684 1784 studiis
1711 1747 1922 1795 foveantur,
1950 1760 1970 1786 a

364 1803 501 1851 quibus
529 1812 810 1852 oppugnentur,
838 1800 1014 1848 cujusque
1050 1798 1120 1836 sint
1148 1801 1327 1852 ponderis
1362 1802 1398 1837 ὃς
1427 1801 1628 1848 momenti,
1659 1804 1696 1839 &
1723 1803 1814 1851 quid
1844 1801 1970 1841 secum

362 1857 511 1894 trahant
531 1860 567 1896 ὃ(
582 1857 810 1903 hujusmodi.
868 1857 1025 1892 Etenim
1043 1855 1206 1891 affiones
1228 1854 1435 1904 praesentes
1460 1856 1575 1903 noss'e,
1592 1859 1629 1893 ὃ(
1651 1855 1691 1893 in
1711 1856 1745 1894 se
1761 1858 1970 1906 plurimum

359 1911 507 1963 prodest
522 1930 536 1955 ,-
568 1914 604 1949 δε
625 1912 719 1949 illud
747 1910 896 1961 insuper
911 1910 1034 1957 habet,
1063 1910 1166 1958 quod
1190 1909 1326 1961 absque
1350 1910 1423 1947 hoc
1439 1913 1552 1948 etiam
1573 1911 1816 1963 personarum
1835 1904 1971 1951 notit'ia

356 1967 464 2003 valde
480 1967 603 2004 futura
618 1965 660 2004 sit
680 1967 787 2003 fallax
803 1967 839 2002 ὃς
855 1977 1021 2002 erronea.
1079 1965 1279 2002 Mutantur
1307 1966 1412 2002 enim
1440 1965 1614 2003 homines
1641 1965 1748 2004 simul
1771 1979 1858 2004 cum
1886 1963 1989 2005 aeti-³

357 2022 523 2059 onibus:
554 2024 591 2059 ὅ(
611 2020 672 2059 alii
698 2021 783 2058 sunt
816 2021 910 2058 dum
941 2020 1149 2057 afflonibus
1178 2018 1256 2069 ipsis
1285 2021 1529 2069 implicantur
1561 2024 1596 2058 ὅ(
1626 2019 1864 2064 obsidentur3
1893 2021 1968 2071 alii,

357 2075 553 2126 postquam
568 2075 744 2114 redierint
760 2076 805 2114 ad
826 2077 1036 2125 ingenium.
1092 2078 1222 2123 Atque
1237 2074 1304 2112 hae
1333 2076 1380 2112 de
1402 2077 1511 2113 rebus
1540 2076 1819 2128 particularibus
1849 2078 1968 2116 infor—

358 2131 556 2179 mationes,
586 2144 680 2181 quae
702 2142 781 2168 tam
809 2131 854 2167 ad
880 2130 1056 2182 personas
1081 2142 1196 2179 quam
1217 2130 1262 2167 ad
1290 2129 1452 2168 actiones
1473 2131 1648 2182 speciant,
1678 2132 1762 2169 sunt
1785 2141 1968 2182 tanquam

359 2185 634 2239 propositiones
649 2187 813 2224 minores
839 2187 879 2222 in
901 2187 1010 2222 omni
1039 2185 1158 2222 affivo
1187 2184 1421 2235 syllogismo,
1478 2188 1596 2224 Nulla
1612 2185 1714 2224 enim
1745 2187 1968 2235 observatio-

360 2254 458 2279 num
480 2252 544 2280 aut
558 2241 789 2279 axiomatum
821 2241 935 2288 (unde
950 2239 1201 2278 conficiuntur
1218 2241 1378 2287 majores
1406 2240 1680 2291 propositiones
1700 2240 1893 2293 politicae)
1909 2248 1970 2281 ve*

361 2298 449 2334 ritas
473 2308 536 2335 aut
560 2298 789 2342 excellentia,
819 2297 863 2334 ad
893 2294 1145 2334 conclusionis
1165 2295 1448 2334 firmamentum
1470 2294 1636 2334 sufficere
1652 2293 1778 2346 possit,
1804 2295 1830 2334 fi
1844 2292 1883 2335 in
1899 2291 1967 2336 rni-

361 2364 455 2389 nore
474 2351 733 2404 propositione
753 2352 866 2389 fuerit
895 2361 1070 2389 erratum.
1129 2351 1247 2403 Quod
1272 2363 1361 2389 vero
1376 2351 1590 2396 hujusmodi
1606 2353 1742 2389 notitia
1757 2355 1966 2405 comparari

358 2403 484 2455 possit,
512 2407 697 2454 fidejussor
726 2407 837 2444 nobis
865 2407 914 2444 est
931 2408 1137 2454 Solomon,
1159 2408 1225 2455 qui
1241 2408 1315 2446 ait;
1345 2402 1546 2457 Confiljum
1564 2407 1605 2444 in
1624 2404 1734 2444 corde
1757 2407 1851 2455 viri,
1880 2414 1965 2446 tan-

362 2474 478 2513 quam
500 2474 602 2515 aqua
617 2459 828 2515 profunda,
847 2460 926 2514 de
954 2461 1022 2499 vir
1039 2459 1213 2513 prudens
1236 2459 1443 2499 exhauriet
1471 2460 1580 2500 illud.
1637 2461 1816 2514 Quamvis
1839 2473 1965 2501 autem

361 2516 437 2564 ipsa
452 2517 586 2555 notitia
605 2530 687 2556 non
706 2518 811 2555 cadat
827 2517 892 2555 sub
911 2528 1162 2568 praeceptum,
1192 2519 1375 2565 quoniam
1396 2516 1679 2555 individuorum
1702 2516 1770 2558 ests
1798 2528 1966 2557 attamen

362 2572 536 2609 mandata
563 2574 610 2610 de
630 2573 761 2611 eadem
781 2571 961 2610 elicienda
986 2571 1124 2609 utiliter
1153 2571 1230 2608 dari
1257 2571 1417 2621 possunt.
1930 2571 1936 2583 '⁵

422 2627 651 2665 NOTITIA
674 2628 877 2665 hominum
894 2626 952 2664 sex
967 2627 1093 2664 modis
1121 2625 1204 2663 clici
1222 2628 1258 2663 δε
1273 2626 1411 2664 hauriri
1434 2625 1550 2676 potest
1568 2642 1575 2663 :
1606 2640 1669 2679 per
1696 2629 1820 2666 vultus
1842 2631 1880 2667 ὅ(
1899 2641 1965 2679 ota

360 2677 525 2729 ipsorum
541 2695 551 2722 3
579 2695 644 2731 per
672 2685 806 2724 verba3
831 2695 895 2733 per
919 2682 1036 2723 facia3
1072 2694 1137 2731 per
1157 2683 1307 2730 ingenia
1333 2682 1419 2722 sua3
1449 2694 1514 2733 per
1538 2681 1628 2720 fines
1664 2683 1775 2725 suos;
1804 2683 1967 2733 deniq'ue

361 2745 425 2783 per
451 2736 650 2773 relationes
678 2740 851 2776 aliorum.
907 2738 1106 2789 Quantum
1128 2737 1173 2773 ad
1200 2737 1324 2775 vultus
1354 2738 1502 2782 attinet,
1532 2737 1690 2775 minime
1718 2751 1788 2775 nos
1812 2750 1965 2778 moveat

361 2799 465 2826 vetus
494 2790 679 2839 adagium,
707 2792 823 2830 fronti
852 2794 955 2830 nulla
978 2792 1086 2829 fides:
1120 2792 1226 2829 Licet
1242 2793 1346 2828 enim
1369 2792 1443 2829 hoc
1460 2791 1579 2842 ipsum
1602 2805 1681 2830 non
1703 2805 1895 2845 perperam
1911 2791 1965 2832 di-

361 2843 465 2881 Ctum
480 2842 533 2891 sit,
549 2846 595 2881 de
610 2849 732 2885 vultus
748 2851 783 2885 ὃ(
799 2848 915 2897 gestus
931 2845 1206 2899 compositione
1236 2857 1386 2884 externa
1411 2849 1445 2884 δε
1470 2849 1635 2897 generali
1651 2862 1660 2889 3
1689 2859 1856 2886 attamen
1885 2850 1965 2888 sub—

360 2896 446 2935 sunt
462 2898 667 2937 subtiliores
690 2904 844 2950 quidam
878 2913 1008 2940 motus
1038 2906 1074 2939 δε
1103 2903 1246 2939 labores
1268 2904 1483 2949 oculorum,
1511 2904 1596 2950 oris,
1621 2904 1744 2940 vultus
1769 2905 1803 2939 ἅ
1824 2904 1962 2954 gestus:

359 2954 413 2990 Ex
429 2954 564 3002 quibus
581 2954 756 2993 reseratur
781 2960 816 2993 ἃ
840 2968 938 3006 patet
968 2957 1026 3006 (ut
1050 2958 1239 3007 eleganter
1254 2958 1304 2994 ait
1328 2958 1378 3008 Q
1401 2958 1554 3006 Cicero)
1577 2957 1691 2995 veluti
1716 2959 1823 3000 janua
1855 2972 1962 3008 quae-

359 3008 448 3044 dam
463 3006 588 3045 animi.
646 3011 740 3061 Quis
754 3012 913 3048 Tiberio
934 3012 1089 3050 Caesare
1106 3013 1293 3050 occultior
1312 3014 1322 3047 ?
1351 3013 1407 3048 At
1429 3012 1591 3057 Tacitus,
1626 3022 1764 3049 notans
1780 3014 1960 3052 chax-ade-

359 3073 442 3100 rem
457 3065 493 3102 &
508 3063 668 3102 modum
684 3066 865 3116 loquendi
885 3067 1082 3112 diversum,
1112 3079 1189 3118 quo
1214 3067 1295 3105 usus
1320 3065 1368 3104 cst
1389 3066 1562 3105 Tiberius
1589 3070 1628 3104 in
1655 3067 1844 3105 laudando
1867 3070 1961 3120 apud

737 3132 754 3156 2
1796 3123 1962 3161 striarum
