2040 3439
69 161 269 225 βᾶριν.
309 159 406 204 DE
458 159 956 207 AUGMENrrs
1004 159 1612 209 SClENTiARUM.
1714 180 1806 213 10„

1786 206 1797 227 l

66 258 319 308 popularium,
348 256 406 293 vel
432 257 470 294 in
493 257 640 295 historia
666 260 837 305 naturali,
866 261 923 297 vel
947 262 984 296 in
1006 261 1245 311 dogmatibus
1262 261 1514 311 graflantium,
1545 264 1675 307 adjun-

63 324 152 362 gcrc
171 326 178 347 2
206 323 254 348 ne
271 310 355 347 illae
370 311 528 360 amplius
545 311 708 350 scientiis
724 313 897 351 molestae
915 313 994 351 lint.

105 367 259 418 ,ζωοῦ
276 366 320 402 ad
341 364 471 416 placita
487 369 738 416 antiquorum
759 369 1084 419 philosophorum,
1113 371 1233 420 qualia
1249 371 1400 409 fuerunt
1422 371 1669 421 Pythagorae,

63 417 238 468 Philolai,
265 420 521 471 XenophaniS,
553 424 809 472 Anaxagorae,
839 426 1084 472 Parmenidis,
1113 426 1301 476 Leucippi,
1330 426 1555 473 Democriti,
1578 430 1669 466 alio⁴

65 488 170 517 rums
201 476 308 525 (quae
323 476 499 514 homines
515 480 770 527 contemptim
791 491 1004 529 percurrere
1025 480 1146 518 solent
1163 484 1186 529 :)
1203 495 1283 519 non
1299 481 1362 518 abs
1377 494 1415 518 re
1426 482 1540 520 fuerit
1556 485 1671 532 paulo

65 529 265 568 modestius
287 531 326 567 in
345 542 386 567 ea
408 532 541 568 oculos
564 531 759 578 conjicere.
815 533 889 572 Etsi
917 534 1018 572 enim
1042 535 1273 583 Aristoteles,
1302 548 1410 573 more
1436 538 1669 583 Ottomanor

63 591 162 632 mm,
202 597 355 635 regnare
373 584 409 622 se
430 586 528 624 haud
553 597 638 624 tuto
661 588 760 637 posse
784 600 939 638 putaret,
977 588 1044 627 nisi
1068 591 1197 629 fratres
1221 592 1305 630 suos
1328 603 1462 629 omnes
1482 595 1670 631 contruci-

63 641 196 681 dasset3
225 650 353 677 tamen
373 641 430 686 iis,
459 643 524 690 qui
545 654 626 678 non
643 655 804 692 regnum
824 655 886 682 aut
903 644 1167 694 magisterium,
1196 646 1257 684 sed
1279 646 1440 684 veritatis
1460 646 1668 698 inquisitio·

61 707 151 733 nem
177 705 287 743 atque
311 693 595 734 illustrationem
619 696 684 735 fibi
707 709 941 750 proponunt,
979 712 1059 736 non
1079 702 1197 749 potest
1223 714 1305 739 non
1326 702 1443 739 videri
1466 715 1522 738 res
1550 705 1665 750 utilis,

61 749 218 788 diversas
233 749 480 797 diversorum,
509 751 604 789 eirea
626 765 750 800 rer-um
767 764 926 800 naturaS,
957 756 1172 803 opiniones,
1202 756 1267 793 sub
1284 769 1363 793 uno
1383 756 1527 805 aspectu
1548 758 1668 795 intue-

63 806 107 847 ri.
162 807 301 852 Neque
324 815 452 843 tamcn
476 806 591 844 subest
615 807 692 859 spes
716 809 819 856 quod
843 811 976 847 veritas
995 811 1119 858 aliqua
1138 812 1279 860 purior,
1307 823 1350 848 ex
1369 812 1442 847 illis
1461 822 1523 848 aut
1544 810 1667 849 fimili-

62 860 133 908 bus
154 859 323 906 theoriis,
361 858 535 910 speranda
560 863 641 900 ullo
664 864 787 900 modo
809 861 862 900 fit.
919 865 1255 917 Quemadmodum
1278 867 1383 903 enim
1407 866 1537 902 eadem
1561 867 1669 915 phae-

61 927 239 966 nomena,
276 914 392 951 iidem
418 918 551 954 calculi
572 920 609 954 &
633 917 838 963 Ptolemaei
865 920 1059 970 principiis
1087 919 1356 967 astronomicis,
1395 922 1432 958 ὃ(
1457 921 1667 970 Copernici

59 979 308 1024 competunt:
349 971 399 1007 ita
424 971 649 1021 experientia
676 972 736 1009 ista
762 975 933 1022 vulgaris,
972 986 1045 1023 qua
1071 977 1226 1022 utimur,
1267 985 1378 1024 atque
1405 974 1514 1013 obvia
1539 988 1667 1014 rerum

62 1023 182 1076 facies,
219 1025 386 1075 pluribus
406 1024 553 1063 diversis
572 1026 727 1064 theoriis
750 1028 785 1064 se
808 1028 988 1078 applicare
1009 1029 1148 1081 potest:
1186 1031 1249 1068 ubi
1270 1031 1314 1067 ad
1339 1030 1477 1067 rectam
1501 1032 1669 1068 veritatis

56 1080 345 1132 ‘indagationem
361 1080 476 1130 longe
497 1083 566 1119 alia
582 1081 774 1120 severitate
793 1096 884 1133 opus
900 1083 1021 1121 fuerit.
1078 1086 1280 1134 Eleganter
1296 1087 1400 1122 enim
1423 1084 1665 1123 Aristoteles:

63 1128 244 1187 Infantes
249 1135 377 1187 primo
388 1133 658 1186 balbutientes,
687 1137 850 1190 quqfvis
864 1137 1043 1176 mulieres
1056 1138 1249 1191 appellare
1264 1147 1421 1187 matres,
1436 1137 1521 1192 post
1535 1147 1666 1178 antem

55 1189 250 1243 psoprjam
260 1196 423 1228 matrem
432 1188 654 1242 discernere.
679 1195 739 1230 Sic
748 1204 848 1231 certe
861 1194 1009 1243 puerilis
1019 1197 1254 1245 experientia,
1268 1207 1426 1232 omnem
1439 1195 1668 1247 philosophi-

59 1257 124 1296 am
135 1245 335 1298 appellabit
348 1256 529 1284 matrem:
547 1247 670 1285 adulta
680 1260 770 1285 vero
780 1259 940 1286 matrem
951 1261 1076 1287 veram
1090 1250 1330 1288 internoscet.
1369 1252 1514 1287 Interea
1525 1251 1667 1296 juvabit

58 1298 310 1352 philosophias
325 1299 586 1351 discrepantes,
605 1304 721 1340 veluti
737 1303 894 1340 diversas
909 1314 1062 1342 naturae
1075 1305 1218 1354 glossas,
1240 1305 1411 1354 (quarum
1429 1317 1502 1342 una
1516 1305 1666 1344 fortasse

60 1367 142 1393 uno
153 1356 254 1402 loeo,
270 1355 340 1392 alia
351 1353 425 1392 alio
437 1356 485 1394 est
498 1357 759 1405 emendation)
778 1360 980 1408 perlegere.
1012 1361 1188 1409 Optarim
1202 1362 1327 1409 igitur,
1344 1372 1386 1396 ex
1398 1361 1481 1397 vitis
1493 1360 1664 1408 antiquo-

60 1422 145 1462 rum
160 1409 488 1460 philosophorum,
518 1424 560 1449 ex
575 1412 752 1450 fasciculo
767 1413 954 1451 Plutarchi
968 1415 1014 1451 de
1029 1416 1172 1463 placitis
1187 1427 1334 1461 eorum,
1363 1427 1404 1451 cx
1421 1416 1665 1452 citationibus

61 1466 244 1520 Platonis,
281 1477 324 1502 ex
344 1465 667 1504 confutationibus
690 1466 914 1515 Aristotelis,
949 1481 992 1505 ex
1008 1469 1124 1519 sparsa
1145 1471 1357 1516 mentione,
1391 1481 1487 1517 quae
1509 1469 1666 1507 habetur

61 1522 104 1558 in
122 1521 203 1569 aliis
224 1520 339 1566 libris,
368 1529 446 1556 tam
471 1519 722 1568 ecclesiasticis,
751 1535 863 1573 quam
883 1523 1054 1571 ethnicis,
1085 1523 1310 1574 (Lafitantio,
1340 1523 1512 1571 Philone,
1542 1524 1665 1562 Philo·

51 1575 182 1626 strato,
211 1577 250 1613 ὅ(
272 1575 439 1624 reliquis)
462 1588 557 1628 opus
580 1576 728 1624 confici,
764 1590 852 1614 eum
873 1577 1067 1628 diligentia
1091 1582 1128 1617 ὃ(
1146 1578 1301 1626 judicio,
1330 1580 1376 1616 de
1397 1581 1560 1627 antiquis
1582 1580 1663 1629 phi-

56 1628 247 1682 losophiis,
306 1631 400 1667 Tale
415 1632 519 1668 enim
536 1643 630 1681 opus
645 1631 821 1669 nondum
843 1643 965 1671 extare
980 1633 1102 1672 video.
1139 1634 1347 1672 -Attamen
1362 1634 1423 1671 hie
1439 1646 1595 1681 moneo,
1624 1645 1666 1672 ut

51 1684 214 1738 hoefiat
235 1683 421 1722 distinete:
451 1687 502 1724 ita
522 1696 563 1724 ut
578 1684 740 1737 lingulae
760 1687 1015 1738 philosophiae
1032 1688 1196 1726 seorsum
1220 1699 1501 1741 componantur
1517 1692 1553 1726 ὅ(
1576 1701 1666 1726 con-

51 1743 272 1786 tinuentur3
307 1752 389 1777 non
411 1754 478 1793 per
497 1742 629 1779 titulos
656 1744 693 1780 ὅ(
707 1742 900 1781 fasciculos
926 1744 1044 1793 (quod
1059 1744 1276 1782 Plutarchus
1298 1745 1401 1792 fecit)
1427 1743 1666 1796 excipiantur.

57 1798 221 1849 Quaevis
249 1796 353 1832 enim
382 1796 621 1847 philosophia
648 1798 793 1847 integra
821 1798 993 1851 seipsam
1020 1799 1214 1838 sustentat:
1251 1810 1363 1849 atque
1382 1800 1560 1849 dogmata
1585 1801 1664 1845 ejus

58 1849 126 1894 fibi
146 1860 282 1898 mutuo
306 1852 343 1887 ὃς
366 1850 496 1889 lumen
520 1854 557 1890 ὅ(
580 1852 695 1890 robur
719 1853 924 1900 adjiciunt:
955 1855 1060 1903 quod
1080 1853 1105 1891 fi
1124 1854 1382 1902 distrahantur,
1420 1855 1662 1904 peregrinum

58 1900 238 1955 quiddam
259 1907 296 1942 ὅ(
311 1905 450 1943 durum
466 1906 612 1944 sonant.
671 1908 788 1945 Certe
809 1909 962 1958 quando
976 1910 1074 1961 apud
1088 1912 1266 1947 Tacitum
1282 1912 1369 1959 lego
1386 1910 1479 1946 faCta
1494 1911 1664 1948 Neronis

53 1971 124 2011 ,aut
153 1960 319 2007 Claudii,
356 1961 636 1999 circumstantiis
661 1972 892 2012 temporum,
929 1964 1171 2016 personarum
1192 1967 1229 2002 ὃς
1254 1963 1492 2003 occasionum
1516 1964 1666 2005 vestita5

59 2017 116 2059 nil
138 2017 251 2059 video
273 2015 376 2067 quod
396 2028 415 2053 a
438 2017 704 2069 probabilitate
727 2018 872 2068 prorsus
892 2020 1109 2057 abhorreat:
1146 2031 1234 2068 cum
1254 2032 1344 2058 vero
1364 2020 1495 2057 eadem
1518 2020 1605 2069 lego
1625 2021 1668 2056 in

60 2070 245 2123 Suetonio
270 2072 511 2120 Tranquillo,
548 2084 612 2123 per
639 2074 759 2122 capita
784 2076 821 2111 ὅ(
845 2086 1070 2112 communes
1098 2076 1218 2121 locos,
1255 2073 1487 2125 minimeque
1507 2076 1547 2110 in
1577 2073 1669 2111 serie

59 2127 242 2179 temporis
272 2126 551 2178 repraesentata,
589 2138 765 2179 portenta
793 2130 975 2177 quaedam
1005 2130 1190 2176 videntur,
1229 2132 1265 2167 ὅ(
1288 2131 1397 2182 plane
1425 2128 1666 2166 incredibilia.

59 2183 197 2231 Neque
217 2178 390 2218 absimilis
407 2182 455 2219 est
472 2184 569 2219 ratio
588 2182 857 2233 philosophiae,
886 2185 1040 2233 quando
1054 2183 1279 2234 proponitur
1296 2187 1440 2233 integra
1459 2187 1495 2221 ὃ(
1510 2184 1666 2232 quando

59 2235 98 2280 in
122 2236 231 2275 frusta
249 2235 399 2273 concisa
422 2239 459 2274 ὅ(
479 2237 634 2274 diss'esta.
704 2239 842 2286 Neque
870 2251 962 2276 vero
996 2252 1039 2276 ex
1063 2240 1136 2276 hoc
1163 2238 1388 2290 placitorum
1409 2238 1666 2290 philosophiae

60 2292 276 2334 calendario
296 2303 454 2342 nuperas
473 2292 637 2329 theorias
657 2294 694 2329 ὅ(
709 2293 888 2341 dogmata
902 2294 1081 2334 exclud03
1111 2292 1199 2330 ficut
1217 2295 1321 2331 illam
1337 2293 1586 2345 Theophrasti
1602 2295 1667 2330 Pa—

60 2344 196 2393 racelsi,
217 2347 439 2394 eloquenter
451 2348 491 2383 in
504 2359 637 2396 eorpus
652 2347 845 2395 quoddam
857 2350 894 2385 δε
908 2348 1148 2386 harmoniam
1161 2347 1429 2397 philosophiae,
1450 2348 1633 2385 redaCtam
1646 2359 1668 2385 a

61 2403 241 2449 Severino
257 2401 391 2441 Dano;
421 2412 483 2438 aut
499 2399 634 2439 Telesti
651 2402 894 2450 Consentini,
915 2405 980 2451 qui
996 2404 1229 2440 Parmenidis
1245 2401 1518 2452 philosophiam
1536 2403 1666 2440 instau-

60 2468 157 2504 rans,
194 2467 297 2493 arma
319 2454 653 2506 Peripateticorum
675 2458 716 2493 in
740 2458 826 2494 illos
850 2457 949 2508 ipsos
972 2460 1111 2498 vertit3
1148 2468 1210 2495 aut
1236 2458 1385 2494 Patricii
1411 2458 1564 2504 Veneti,
1602 2456 1666 2506 qui

61 2507 347 2550 Platonicorum
371 2511 499 2549 fumos
524 2510 758 2552 sublimavit3
787 2523 849 2550 aut
871 2513 1032 2550 Gilberti
1082 2514 1244 2562 opularis
1267 2512 1392 2558 nostri,
1422 2511 1486 2560 qui
1504 2513 1666 2550 Philolai

61 2567 239 2618 dogmata
265 2565 450 2615 reposuit3
487 2577 550 2605 aut
570 2568 718 2604 alterius
744 2566 1009 2616 cujuscunque,
1046 2525 1080 2604 sp
1096 2568 1217 2605 modo
1245 2568 1380 2616 dignus
1405 2565 1457 2604 fit.
1515 2568 1666 2605 Horum

63 2633 152 2660 vero
173 2620 372 2670 (quoniam
393 2622 591 2659 volumina
612 2623 757 2670 integra
773 2623 912 2670 extant)
936 2622 1101 2660 summac
1116 2632 1262 2659 tantum
1285 2622 1374 2658 inde
1392 2621 1663 2667 conficiendae,

50 2673 101 2724 ’ὅζ
127 2688 216 2714 eum
236 2674 385 2713 caeteris
413 2677 715 2726 conjungendae.
771 2676 903 2726 Atque
929 2678 975 2714 de
1001 2675 1146 2729 physica
1174 2689 1261 2714 cum
1288 2677 1552 2728 appendicibus
1577 2678 1666 2715 haec

64 2725 160 2772 diCta
178 2728 257 2768 sint.

83 2835 85 2837 ι
116 2786 379 2838 QUANTUM
402 2785 447 2822 ad
471 2783 769 2838 metaphysicam,
809 2782 1069 2835 assignavimus
1092 2787 1166 2832 jam
1187 2788 1221 2823 ei
1244 2784 1526 2834 inquisitionem
1549 2787 1666 2824 eausa<

66 2852 153 2881 rum,
170 2840 391 2878 formalitun
415 2843 451 2878 ἃ
467 2840 660 2881 finalium3
691 2853 784 2888 quae
804 2838 1014 2890 aflignatio,
1043 2852 1224 2889 quatenus
1247 2841 1291 2878 ad
1307 2840 1458 2888 formas,
1488 2842 1666 2879 incass‘um

65 2892 156 2938 fasta
184 2892 359 2933 videatur.
415 2897 575 2933 Invaluit
602 2893 782 2943 liquidem
808 2894 938 2944 opinio
963 2906 1073 2943 atque
1103 2897 1335 2942 inveteravit,
1372 2908 1499 2933 rerum
1525 2897 1666 2933 formas

66 2947 281 2998 ess'entiale8‚
322 2949 383 2988 seu
413 2962 514 2988 veras
543 2949 783 2996 differentias,
824 2951 927 2987 nulla
955 2949 1118 2987 humana
1138 2952 1297 2989 inveniri
1326 2951 1522 2999 diligentia
1552 2951 1664 3003 poll'e.

67 3004 172 3056 Quae
189 3005 323 3055 opinio
338 3007 492 3043 interim
510 3002 617 3042 nobis
633 3004 818 3055 elargitur,
839 3015 949 3051 atquc
966 3005 1154 3055 concedit,
1175 3007 1437 3045 inventionem
1454 3005 1664 3044 formarum

123 3059 188 3099 VO
204 3070 240 3096 L.
272 3060 298 3096 Ι.
827 3060 863 3095 O
883 3069 903 3096 2
1626 3071 1669 3095 ex
