<?xml version="1.0" encoding="UTF-8"?>
<!DOCTYPE html PUBLIC "-//W3C//DTD XHTML 1.0 Transitional//EN"
    "http://www.w3.org/TR/xhtml1/DTD/xhtml1-transitional.dtd">
<html xmlns="http://www.w3.org/1999/xhtml" xml:lang="en" lang="en">
 <head>
  <title>
</title>
<meta http-equiv="Content-Type" content="text/html;charset=utf-8" />
  <meta name='ocr-system' content='tesseract 3.04.00' />
  <meta name='ocr-capabilities' content='ocr_page ocr_carea ocr_par ocr_line ocrx_word'/>
</head>
<body>
  <div class='ocr_page' id='page_1' title='image "./worksoffrancisb01baco_0157.png"; bbox 0 0 2040 3439; ppageno 0'>
   <div class='ocr_carea' id='block_1_1' title="bbox 83 187 1839 257">
    <p class='ocr_par' dir='ltr' id='par_1_1' title="bbox 83 187 1839 257">
     <span class='ocr_line' id='line_1_1' title="bbox 83 187 1839 257; baseline -0.003 -13"><span class='ocrx_word' id='word_1_1' title='bbox 83 194 232 244; x_wconf 67' lang='lat' dir='ltr'>Liul.</span> <span class='ocrx_word' id='word_1_2' title='bbox 298 197 400 243; x_wconf 91' lang='lat' dir='ltr'>DE</span> <span class='ocrx_word' id='word_1_3' title='bbox 451 193 957 242; x_wconf 90' lang='lat' dir='ltr'>AUGMENTIS</span> <span class='ocrx_word' id='word_1_4' title='bbox 1008 187 1619 240; x_wconf 84' lang='lat' dir='ltr'>SCIENTIARUM.</span> <span class='ocrx_word' id='word_1_5' title='bbox 1773 205 1839 257; x_wconf 83' lang='lat'>47</span> 
     </span>
    </p>
   </div>
   <div class='ocr_carea' id='block_1_2' title="bbox 62 288 1713 3153">
    <p class='ocr_par' dir='ltr' id='par_1_2' title="bbox 85 288 1698 554">
     <span class='ocr_line' id='line_1_2' title="bbox 85 288 1698 338; baseline -0.003 -5"><span class='ocrx_word' id='word_1_6' title='bbox 85 298 169 334; x_wconf 78' lang='lat' dir='ltr'>ralis</span> <span class='ocrx_word' id='word_1_7' title='bbox 186 294 337 332; x_wconf 86' lang='lat' dir='ltr'>scientia</span> <span class='ocrx_word' id='word_1_8' title='bbox 360 290 455 328; x_wconf 83' lang='lat' dir='ltr'>circa</span> <span class='ocrx_word' id='word_1_9' title='bbox 478 301 675 338; x_wconf 79' lang='lat' dir='ltr'>creaturaS,</span> <span class='ocrx_word' id='word_1_10' title='bbox 714 290 776 328; x_wconf 90' lang='lat' dir='ltr'>sed</span> <span class='ocrx_word' id='word_1_11' title='bbox 797 292 955 328; x_wconf 86' lang='lat' dir='ltr'>moralis</span> <span class='ocrx_word' id='word_1_12' title='bbox 977 288 1126 327; x_wconf 90' lang='lat' dir='ltr'>scientia</span> <span class='ocrx_word' id='word_1_13' title='bbox 1141 290 1188 327; x_wconf 90' lang='lat' dir='ltr'>de</span> <span class='ocrx_word' id='word_1_14' title='bbox 1213 291 1319 327; x_wconf 90' lang='lat' dir='ltr'>bono</span> <span class='ocrx_word' id='word_1_15' title='bbox 1343 292 1379 327; x_wconf 68' lang='grc' dir='ltr'>δε</span> <span class='ocrx_word' id='word_1_16' title='bbox 1400 290 1524 330; x_wconf 87' lang='lat' dir='ltr'>malo;</span> <span class='ocrx_word' id='word_1_17' title='bbox 1563 302 1605 327; x_wconf 84' lang='lat' dir='ltr'>ex</span> <span class='ocrx_word' id='word_1_18' title='bbox 1629 289 1698 328; x_wconf 89' lang='lat' dir='ltr'>hac</span> 
     </span>
     <span class='ocr_line' id='line_1_3' title="bbox 85 342 1696 403; baseline -0.004 -15"><span class='ocrx_word' id='word_1_19' title='bbox 85 347 350 403; x_wconf 81' lang='lat' dir='ltr'>suppositione,</span> <span class='ocrx_word' id='word_1_20' title='bbox 371 344 475 395; x_wconf 88' lang='lat' dir='ltr'>quod</span> <span class='ocrx_word' id='word_1_21' title='bbox 490 346 564 382; x_wconf 84' lang='lat' dir='ltr'>Dei</span> <span class='ocrx_word' id='word_1_22' title='bbox 577 346 764 392; x_wconf 87' lang='lat' dir='ltr'>mandata,</span> <span class='ocrx_word' id='word_1_23' title='bbox 786 355 848 383; x_wconf 90' lang='lat' dir='ltr'>aut</span> <span class='ocrx_word' id='word_1_24' title='bbox 863 347 989 392; x_wconf 87' lang='lat' dir='ltr'>vetita,</span> <span class='ocrx_word' id='word_1_25' title='bbox 1010 357 1089 382; x_wconf 86' lang='lat' dir='ltr'>non</span> <span class='ocrx_word' id='word_1_26' title='bbox 1107 344 1220 382; x_wconf 85' lang='lat' dir='ltr'>effcnt</span> <span class='ocrx_word' id='word_1_27' title='bbox 1236 347 1419 396; x_wconf 84' lang='lat' dir='ltr'>principia</span> <span class='ocrx_word' id='word_1_28' title='bbox 1435 342 1527 382; x_wconf 90' lang='lat' dir='ltr'>boni</span> <span class='ocrx_word' id='word_1_29' title='bbox 1542 346 1578 382; x_wconf 75' lang='grc' dir='ltr'>ὅ(</span> <span class='ocrx_word' id='word_1_30' title='bbox 1594 345 1696 393; x_wconf 84' lang='lat' dir='ltr'>mali,</span> 
     </span>
     <span class='ocr_line' id='line_1_4' title="bbox 87 399 1697 453; baseline -0.003 -10"><span class='ocrx_word' id='word_1_31' title='bbox 87 407 146 443; x_wconf 81' lang='lat' dir='ltr'>sed</span> <span class='ocrx_word' id='word_1_32' title='bbox 163 404 266 453; x_wconf 89' lang='lat' dir='ltr'>quod</span> <span class='ocrx_word' id='word_1_33' title='bbox 285 404 373 440; x_wconf 87' lang='lat' dir='ltr'>alias</span> <span class='ocrx_word' id='word_1_34' title='bbox 389 401 570 438; x_wconf 85' lang='lat' dir='ltr'>haberent</span> <span class='ocrx_word' id='word_1_35' title='bbox 592 401 656 437; x_wconf 85' lang='lat' dir='ltr'>illa</span> <span class='ocrx_word' id='word_1_36' title='bbox 671 402 858 450; x_wconf 80' lang='lat' dir='ltr'>origines3</span> <span class='ocrx_word' id='word_1_37' title='bbox 888 412 1053 449; x_wconf 88' lang='lat' dir='ltr'>quotum</span> <span class='ocrx_word' id='word_1_38' title='bbox 1074 402 1340 450; x_wconf 85' lang='lat' dir='ltr'>cognitionem</span> <span class='ocrx_word' id='word_1_39' title='bbox 1354 399 1539 439; x_wconf 68' lang='lat' dir='ltr'>affectavit</span> <span class='ocrx_word' id='word_1_40' title='bbox 1562 399 1697 448; x_wconf 89' lang='lat' dir='ltr'>homo,</span> 
     </span>
     <span class='ocr_line' id='line_1_5' title="bbox 85 454 1697 505; baseline -0.003 -7"><span class='ocrx_word' id='word_1_41' title='bbox 85 462 224 499; x_wconf 75' lang='lat' dir='ltr'>icilicet</span> <span class='ocrx_word' id='word_1_42' title='bbox 250 468 290 496; x_wconf 92' lang='lat' dir='ltr'>ut</span> <span class='ocrx_word' id='word_1_43' title='bbox 305 457 473 495; x_wconf 87' lang='lat' dir='ltr'>totaliter</span> <span class='ocrx_word' id='word_1_44' title='bbox 494 468 514 492; x_wconf 87' lang='lat' dir='ltr'>a</span> <span class='ocrx_word' id='word_1_45' title='bbox 534 457 620 493; x_wconf 89' lang='lat' dir='ltr'>Deo</span> <span class='ocrx_word' id='word_1_46' title='bbox 644 456 832 503; x_wconf 85' lang='lat' dir='ltr'>deficeret,</span> <span class='ocrx_word' id='word_1_47' title='bbox 863 458 898 493; x_wconf 72' lang='grc' dir='ltr'>ὅ(</span> <span class='ocrx_word' id='word_1_48' title='bbox 919 454 984 493; x_wconf 81' lang='lat' dir='ltr'>sibi</span> <span class='ocrx_word' id='word_1_49' title='bbox 1009 454 1073 505; x_wconf 80' lang='lat' dir='ltr'>ipss</span> <span class='ocrx_word' id='word_1_50' title='bbox 1094 456 1236 505; x_wconf 89' lang='lat' dir='ltr'>suoque</span> <span class='ocrx_word' id='word_1_51' title='bbox 1256 454 1410 493; x_wconf 84' lang='lat' dir='ltr'>arbitrio</span> <span class='ocrx_word' id='word_1_52' title='bbox 1424 455 1575 505; x_wconf 88' lang='lat' dir='ltr'>prorsus</span> <span class='ocrx_word' id='word_1_53' title='bbox 1600 457 1697 493; x_wconf 90' lang='lat' dir='ltr'>inni-</span> 
     </span>
     <span class='ocr_line' id='line_1_6' title="bbox 87 525 240 554; baseline -0.026 0"><span class='ocrx_word' id='word_1_54' title='bbox 87 525 240 554; x_wconf 88' lang='lat' dir='ltr'>teretur.</span> 
     </span>
    </p>

    <p class='ocr_par' dir='ltr' id='par_1_3' title="bbox 83 565 1700 1003">
     <span class='ocr_line' id='line_1_7' title="bbox 139 565 1695 618; baseline -0.004 -10"><span class='ocrx_word' id='word_1_55' title='bbox 139 571 411 608; x_wconf 81' lang='lat' dir='ltr'><strong>VENIAMUS</strong></span> <span class='ocrx_word' id='word_1_56' title='bbox 435 565 480 602; x_wconf 87' lang='lat' dir='ltr'>ad</span> <span class='ocrx_word' id='word_1_57' title='bbox 503 578 545 602; x_wconf 87' lang='lat' dir='ltr'>ea</span> <span class='ocrx_word' id='word_1_58' title='bbox 564 578 658 614; x_wconf 86' lang='lat' dir='ltr'>quae</span> <span class='ocrx_word' id='word_1_59' title='bbox 679 565 800 602; x_wconf 85' lang='lat' dir='ltr'>statim</span> <span class='ocrx_word' id='word_1_60' title='bbox 817 565 896 615; x_wconf 89' lang='lat' dir='ltr'>post</span> <span class='ocrx_word' id='word_1_61' title='bbox 919 565 1063 618; x_wconf 78' lang='lat' dir='ltr'>lapsum</span> <span class='ocrx_word' id='word_1_62' title='bbox 1085 568 1293 616; x_wconf 87' lang='lat' dir='ltr'>contigere.</span> <span class='ocrx_word' id='word_1_63' title='bbox 1350 565 1535 603; x_wconf 85' lang='lat' dir='ltr'>Videmus</span> <span class='ocrx_word' id='word_1_64' title='bbox 1561 565 1615 611; x_wconf 91' lang='lat' dir='ltr'>(ut</span> <span class='ocrx_word' id='word_1_65' title='bbox 1640 566 1695 602; x_wconf 91' lang='lat' dir='ltr'>in-</span> 
     </span>
     <span class='ocr_line' id='line_1_8' title="bbox 85 620 1696 672; baseline -0.005 -7"><span class='ocrx_word' id='word_1_66' title='bbox 85 636 243 665; x_wconf 88' lang='lat' dir='ltr'>numera</span> <span class='ocrx_word' id='word_1_67' title='bbox 266 623 350 660; x_wconf 89' lang='lat' dir='ltr'>sunt</span> <span class='ocrx_word' id='word_1_68' title='bbox 375 621 559 658; x_wconf 85' lang='lat' dir='ltr'>sacrarum</span> <span class='ocrx_word' id='word_1_69' title='bbox 582 621 847 670; x_wconf 78' lang='lat' dir='ltr'>seripturarum</span> <span class='ocrx_word' id='word_1_70' title='bbox 868 620 1049 669; x_wconf 84' lang='lat' dir='ltr'>mysteria,</span> <span class='ocrx_word' id='word_1_71' title='bbox 1086 621 1181 659; x_wconf 86' lang='lat' dir='ltr'>salva</span> <span class='ocrx_word' id='word_1_72' title='bbox 1206 621 1350 672; x_wconf 84' lang='lat' dir='ltr'>semper</span> <span class='ocrx_word' id='word_1_73' title='bbox 1373 622 1531 658; x_wconf 89' lang='lat' dir='ltr'>veritate</span> <span class='ocrx_word' id='word_1_74' title='bbox 1553 620 1696 658; x_wconf 82' lang='lat' dir='ltr'>histori-</span> 
     </span>
     <span class='ocr_line' id='line_1_9' title="bbox 84 676 1696 726; baseline -0.004 -7"><span class='ocrx_word' id='word_1_75' title='bbox 84 693 127 719; x_wconf 77' lang='lat' dir='ltr'>ca</span> <span class='ocrx_word' id='word_1_76' title='bbox 150 683 186 718; x_wconf 66' lang='grc' dir='ltr'>ὃς</span> <span class='ocrx_word' id='word_1_77' title='bbox 210 677 358 724; x_wconf 88' lang='lat' dir='ltr'>literali)</span> <span class='ocrx_word' id='word_1_78' title='bbox 382 677 588 725; x_wconf 76' lang='lat' dir='ltr'>imaginem</span> <span class='ocrx_word' id='word_1_79' title='bbox 609 676 767 713; x_wconf 88' lang='lat' dir='ltr'>duarum</span> <span class='ocrx_word' id='word_1_80' title='bbox 789 677 963 723; x_wconf 89' lang='lat' dir='ltr'>vitarum,</span> <span class='ocrx_word' id='word_1_81' title='bbox 1000 678 1317 726; x_wconf 80' lang='lat' dir='ltr'>contemplativae</span> <span class='ocrx_word' id='word_1_82' title='bbox 1340 677 1526 713; x_wconf 90' lang='lat' dir='ltr'>nimirum</span> <span class='ocrx_word' id='word_1_83' title='bbox 1551 678 1587 713; x_wconf 73' lang='grc' dir='ltr'>ὅ(</span> <span class='ocrx_word' id='word_1_84' title='bbox 1611 676 1696 712; x_wconf 70' lang='grc' dir='ltr'>αξὶί-</span> 
     </span>
     <span class='ocr_line' id='line_1_10' title="bbox 83 729 1696 785; baseline -0.004 -11"><span class='ocrx_word' id='word_1_85' title='bbox 83 749 162 782; x_wconf 75' lang='lat' dir='ltr'>vae,</span> <span class='ocrx_word' id='word_1_86' title='bbox 192 736 233 772; x_wconf 89' lang='lat' dir='ltr'>in</span> <span class='ocrx_word' id='word_1_87' title='bbox 252 732 422 785; x_wconf 88' lang='lat' dir='ltr'>personis</span> <span class='ocrx_word' id='word_1_88' title='bbox 445 731 578 768; x_wconf 83' lang='lat' dir='ltr'>Abelis</span> <span class='ocrx_word' id='word_1_89' title='bbox 594 734 631 768; x_wconf 69' lang='grc' dir='ltr'>ὃς</span> <span class='ocrx_word' id='word_1_90' title='bbox 653 729 777 777; x_wconf 85' lang='lat' dir='ltr'>Caini,</span> <span class='ocrx_word' id='word_1_91' title='bbox 808 732 923 779; x_wconf 91' lang='lat' dir='ltr'>inque</span> <span class='ocrx_word' id='word_1_92' title='bbox 939 743 1074 769; x_wconf 89' lang='lat' dir='ltr'>eorum</span> <span class='ocrx_word' id='word_1_93' title='bbox 1097 732 1272 770; x_wconf 88' lang='lat' dir='ltr'>institutis</span> <span class='ocrx_word' id='word_1_94' title='bbox 1288 733 1325 768; x_wconf 72' lang='grc' dir='ltr'>ὃς</span> <span class='ocrx_word' id='word_1_95' title='bbox 1348 730 1547 779; x_wconf 85' lang='lat' dir='ltr'>primitivis</span> <span class='ocrx_word' id='word_1_96' title='bbox 1571 731 1696 768; x_wconf 83' lang='lat' dir='ltr'>viven-</span> 
     </span>
     <span class='ocr_line' id='line_1_11' title="bbox 83 787 1696 837; baseline -0.003 -9"><span class='ocrx_word' id='word_1_97' title='bbox 83 792 122 828; x_wconf 91' lang='lat' dir='ltr'>di</span> <span class='ocrx_word' id='word_1_98' title='bbox 147 789 366 834; x_wconf 84' lang='lat' dir='ltr'>rationibus,</span> <span class='ocrx_word' id='word_1_99' title='bbox 395 787 644 823; x_wconf 80' lang='lat' dir='ltr'>delineatam:</span> <span class='ocrx_word' id='word_1_100' title='bbox 674 797 840 835; x_wconf 91' lang='lat' dir='ltr'>quorum</span> <span class='ocrx_word' id='word_1_101' title='bbox 860 787 953 823; x_wconf 86' lang='lat' dir='ltr'>alter</span> <span class='ocrx_word' id='word_1_102' title='bbox 972 787 1093 837; x_wconf 88' lang='lat' dir='ltr'>pastor</span> <span class='ocrx_word' id='word_1_103' title='bbox 1108 797 1197 833; x_wconf 87' lang='lat' dir='ltr'>erat,</span> <span class='ocrx_word' id='word_1_104' title='bbox 1229 787 1309 834; x_wconf 84' lang='lat' dir='ltr'>&lt;qui</span> <span class='ocrx_word' id='word_1_105' title='bbox 1333 796 1486 837; x_wconf 87' lang='lat' dir='ltr'>propter</span> <span class='ocrx_word' id='word_1_106' title='bbox 1509 788 1633 823; x_wconf 88' lang='lat' dir='ltr'>otium</span> <span class='ocrx_word' id='word_1_107' title='bbox 1658 788 1696 823; x_wconf 71' lang='lat' dir='ltr'>«Sc</span> 
     </span>
     <span class='ocr_line' id='line_1_12' title="bbox 84 840 1698 896; baseline -0.005 -12"><span class='ocrx_word' id='word_1_108' title='bbox 84 840 265 896; x_wconf 71' lang='lat' dir='ltr'>quietem,</span> <span class='ocrx_word' id='word_1_109' title='bbox 302 843 539 890; x_wconf 90' lang='lat' dir='ltr'>liberumque</span> <span class='ocrx_word' id='word_1_110' title='bbox 564 843 662 878; x_wconf 92' lang='lat' dir='ltr'>coeli</span> <span class='ocrx_word' id='word_1_111' title='bbox 688 841 887 893; x_wconf 72' lang='lat' dir='ltr'>aspectum,</span> <span class='ocrx_word' id='word_1_112' title='bbox 924 851 1033 892; x_wconf 85' lang='lat' dir='ltr'>typus</span> <span class='ocrx_word' id='word_1_113' title='bbox 1056 840 1106 879; x_wconf 91' lang='lat' dir='ltr'>est</span> <span class='ocrx_word' id='word_1_114' title='bbox 1130 844 1227 879; x_wconf 90' lang='lat' dir='ltr'>vitae</span> <span class='ocrx_word' id='word_1_115' title='bbox 1253 841 1458 888; x_wconf 83' lang='lat' dir='ltr'>theoricae)</span> <span class='ocrx_word' id='word_1_116' title='bbox 1489 842 1581 877; x_wconf 87' lang='lat' dir='ltr'>alter</span> <span class='ocrx_word' id='word_1_117' title='bbox 1606 843 1698 889; x_wconf 89' lang='lat' dir='ltr'>agri-</span> 
     </span>
     <span class='ocr_line' id='line_1_13' title="bbox 85 895 1700 950; baseline -0.004 -11"><span class='ocrx_word' id='word_1_118' title='bbox 85 903 169 939; x_wconf 91' lang='lat' dir='ltr'>cola</span> <span class='ocrx_word' id='word_1_119' title='bbox 185 898 392 950; x_wconf 82' lang='lat' dir='ltr'>(laboribus</span> <span class='ocrx_word' id='word_1_120' title='bbox 408 896 547 933; x_wconf 88' lang='lat' dir='ltr'>scilieet</span> <span class='ocrx_word' id='word_1_121' title='bbox 563 897 737 946; x_wconf 88' lang='lat' dir='ltr'>fatigatus</span> <span class='ocrx_word' id='word_1_122' title='bbox 753 898 788 933; x_wconf 73' lang='grc' dir='ltr'>ὅ(</span> <span class='ocrx_word' id='word_1_123' title='bbox 803 895 949 947; x_wconf 65' lang='lat' dir='ltr'>aspedu</span> <span class='ocrx_word' id='word_1_124' title='bbox 964 899 1004 933; x_wconf 91' lang='lat' dir='ltr'>in</span> <span class='ocrx_word' id='word_1_125' title='bbox 1020 906 1159 933; x_wconf 89' lang='lat' dir='ltr'>terram</span> <span class='ocrx_word' id='word_1_126' title='bbox 1175 897 1314 934; x_wconf 84' lang='lat' dir='ltr'>defixus</span> <span class='ocrx_word' id='word_1_127' title='bbox 1326 897 1349 944; x_wconf 79' lang='lat' dir='ltr'>z)</span> <span class='ocrx_word' id='word_1_128' title='bbox 1382 896 1466 935; x_wconf 92' lang='lat' dir='ltr'>Ubi</span> <span class='ocrx_word' id='word_1_129' title='bbox 1482 907 1635 932; x_wconf 89' lang='lat' dir='ltr'>cernere</span> <span class='ocrx_word' id='word_1_130' title='bbox 1650 895 1700 933; x_wconf 88' lang='lat' dir='ltr'>est</span> 
     </span>
     <span class='ocr_line' id='line_1_14' title="bbox 87 948 1639 1003; baseline -0.005 -8"><span class='ocrx_word' id='word_1_131' title='bbox 87 957 269 1001; x_wconf 79' lang='lat' dir='ltr'>favorem,</span> <span class='ocrx_word' id='word_1_132' title='bbox 283 953 584 1001; x_wconf 62' lang='lat' dir='ltr'>electionemque</span> <span class='ocrx_word' id='word_1_133' title='bbox 599 952 778 997; x_wconf 82' lang='lat' dir='ltr'>divinam,</span> <span class='ocrx_word' id='word_1_134' title='bbox 796 952 840 988; x_wconf 87' lang='lat' dir='ltr'>ad</span> <span class='ocrx_word' id='word_1_135' title='bbox 855 951 1038 1003; x_wconf 85' lang='lat' dir='ltr'>pastorem</span> <span class='ocrx_word' id='word_1_136' title='bbox 1054 948 1246 999; x_wconf 85' lang='lat' dir='ltr'>aeceffiffe,</span> <span class='ocrx_word' id='word_1_137' title='bbox 1263 963 1344 988; x_wconf 89' lang='lat' dir='ltr'>non</span> <span class='ocrx_word' id='word_1_138' title='bbox 1361 949 1406 987; x_wconf 86' lang='lat' dir='ltr'>ad</span> <span class='ocrx_word' id='word_1_139' title='bbox 1422 951 1639 1000; x_wconf 80' lang='lat' dir='ltr'>agricolam.</span> 
     </span>
    </p>

    <p class='ocr_par' dir='ltr' id='par_1_4' title="bbox 86 1003 1705 1336">
     <span class='ocr_line' id='line_1_15' title="bbox 109 1003 1701 1056; baseline -0.003 -7"><span class='ocrx_word' id='word_1_140' title='bbox 109 1015 111 1019; x_wconf 80' lang='grc'>’</span> <span class='ocrx_word' id='word_1_141' title='bbox 134 1012 226 1050; x_wconf 73' lang='grc'>’810</span> <span class='ocrx_word' id='word_1_142' title='bbox 249 1019 335 1046; x_wconf 90' lang='lat' dir='ltr'>ante</span> <span class='ocrx_word' id='word_1_143' title='bbox 361 1007 560 1053; x_wconf 83' lang='lat' dir='ltr'>diluvium,</span> <span class='ocrx_word' id='word_1_144' title='bbox 591 1006 678 1043; x_wconf 89' lang='lat' dir='ltr'>sacri</span> <span class='ocrx_word' id='word_1_145' title='bbox 701 1005 792 1053; x_wconf 86' lang='lat' dir='ltr'>fasti,</span> <span class='ocrx_word' id='word_1_146' title='bbox 822 1008 920 1043; x_wconf 87' lang='lat' dir='ltr'>inter</span> <span class='ocrx_word' id='word_1_147' title='bbox 939 1003 1170 1056; x_wconf 84' lang='lat' dir='ltr'>pauciffima‚</span> <span class='ocrx_word' id='word_1_148' title='bbox 1200 1019 1294 1056; x_wconf 90' lang='lat' dir='ltr'>quae</span> <span class='ocrx_word' id='word_1_149' title='bbox 1318 1006 1364 1043; x_wconf 90' lang='lat' dir='ltr'>de</span> <span class='ocrx_word' id='word_1_150' title='bbox 1381 1018 1429 1043; x_wconf 93' lang='lat' dir='ltr'>eo</span> <span class='ocrx_word' id='word_1_151' title='bbox 1453 1006 1600 1043; x_wconf 71' lang='lat' dir='ltr'>laeculo</span> <span class='ocrx_word' id='word_1_152' title='bbox 1623 1017 1701 1044; x_wconf 88' lang='lat' dir='ltr'>me·</span> 
     </span>
     <span class='ocr_line' id='line_1_16' title="bbox 90 1060 1701 1114; baseline -0.005 -9"><span class='ocrx_word' id='word_1_153' title='bbox 90 1075 303 1111; x_wconf 88' lang='lat' dir='ltr'>morantur,</span> <span class='ocrx_word' id='word_1_154' title='bbox 340 1063 484 1113; x_wconf 89' lang='lat' dir='ltr'>dignati</span> <span class='ocrx_word' id='word_1_155' title='bbox 511 1061 596 1100; x_wconf 90' lang='lat' dir='ltr'>sunt</span> <span class='ocrx_word' id='word_1_156' title='bbox 622 1063 830 1099; x_wconf 82' lang='lat' dir='ltr'>memoriae</span> <span class='ocrx_word' id='word_1_157' title='bbox 850 1062 1009 1114; x_wconf 87' lang='lat' dir='ltr'>prodere</span> <span class='ocrx_word' id='word_1_158' title='bbox 1030 1064 1248 1100; x_wconf 87' lang='lat' dir='ltr'>inventores</span> <span class='ocrx_word' id='word_1_159' title='bbox 1268 1060 1439 1109; x_wconf 78' lang='lat' dir='ltr'>musicae,</span> <span class='ocrx_word' id='word_1_160' title='bbox 1476 1072 1588 1110; x_wconf 89' lang='lat' dir='ltr'>atque</span> <span class='ocrx_word' id='word_1_161' title='bbox 1613 1073 1701 1112; x_wconf 91' lang='lat' dir='ltr'>ope—</span> 
     </span>
     <span class='ocr_line' id='line_1_17' title="bbox 90 1113 1705 1169; baseline -0.004 -9"><span class='ocrx_word' id='word_1_162' title='bbox 90 1135 177 1161; x_wconf 87' lang='lat' dir='ltr'>rum</span> <span class='ocrx_word' id='word_1_163' title='bbox 200 1119 493 1157; x_wconf 44' lang='lat' dir='ltr'>metallicorumt</span> <span class='ocrx_word' id='word_1_164' title='bbox 555 1118 735 1166; x_wconf 86' lang='lat' dir='ltr'>Sequenti</span> <span class='ocrx_word' id='word_1_165' title='bbox 760 1117 908 1154; x_wconf 89' lang='lat' dir='ltr'>saeculo</span> <span class='ocrx_word' id='word_1_166' title='bbox 931 1116 1012 1167; x_wconf 86' lang='lat' dir='ltr'>post</span> <span class='ocrx_word' id='word_1_167' title='bbox 1030 1118 1217 1156; x_wconf 89' lang='lat' dir='ltr'>diluvium</span> <span class='ocrx_word' id='word_1_168' title='bbox 1238 1113 1449 1168; x_wconf 75' lang='lat' dir='ltr'>gravissima</span> <span class='ocrx_word' id='word_1_169' title='bbox 1467 1128 1600 1169; x_wconf 87' lang='lat' dir='ltr'>poena,</span> <span class='ocrx_word' id='word_1_170' title='bbox 1630 1129 1705 1166; x_wconf 85' lang='lat' dir='ltr'>qua</span> 
     </span>
     <span class='ocr_line' id='line_1_18' title="bbox 86 1171 1703 1223; baseline -0.004 -7"><span class='ocrx_word' id='word_1_171' title='bbox 86 1179 192 1216; x_wconf 89' lang='lat' dir='ltr'>Deus</span> <span class='ocrx_word' id='word_1_172' title='bbox 213 1175 418 1213; x_wconf 83' lang='lat' dir='ltr'>humanam</span> <span class='ocrx_word' id='word_1_173' title='bbox 440 1172 651 1222; x_wconf 81' lang='lat' dir='ltr'>superbiam</span> <span class='ocrx_word' id='word_1_174' title='bbox 665 1173 767 1210; x_wconf 91' lang='lat' dir='ltr'>ultus</span> <span class='ocrx_word' id='word_1_175' title='bbox 789 1171 850 1219; x_wconf 84' lang='lat' dir='ltr'>est,</span> <span class='ocrx_word' id='word_1_176' title='bbox 879 1173 951 1210; x_wconf 92' lang='lat' dir='ltr'>fuit</span> <span class='ocrx_word' id='word_1_177' title='bbox 971 1171 1143 1211; x_wconf 86' lang='lat' dir='ltr'>eonfufio</span> <span class='ocrx_word' id='word_1_178' title='bbox 1158 1175 1386 1223; x_wconf 89' lang='lat' dir='ltr'>linguarum,</span> <span class='ocrx_word' id='word_1_179' title='bbox 1415 1184 1488 1221; x_wconf 82' lang='lat' dir='ltr'>qua</span> <span class='ocrx_word' id='word_1_180' title='bbox 1508 1172 1703 1210; x_wconf 66' lang='lat' dir='ltr'>doctrinae</span> 
     </span>
     <span class='ocr_line' id='line_1_19' title="bbox 87 1228 1701 1272; baseline -0.004 -1"><span class='ocrx_word' id='word_1_181' title='bbox 87 1233 253 1272; x_wconf 84' lang='lat' dir='ltr'>liberum</span> <span class='ocrx_word' id='word_1_182' title='bbox 270 1230 547 1268; x_wconf 83' lang='lat' dir='ltr'>commercium</span> <span class='ocrx_word' id='word_1_183' title='bbox 571 1230 608 1265; x_wconf 67' lang='grc' dir='ltr'>ὃς</span> <span class='ocrx_word' id='word_1_184' title='bbox 622 1229 817 1266; x_wconf 87' lang='lat' dir='ltr'>literarum</span> <span class='ocrx_word' id='word_1_185' title='bbox 840 1229 885 1266; x_wconf 84' lang='lat' dir='ltr'>ad</span> <span class='ocrx_word' id='word_1_186' title='bbox 901 1229 1065 1267; x_wconf 88' lang='lat' dir='ltr'>invicem</span> <span class='ocrx_word' id='word_1_187' title='bbox 1081 1228 1383 1266; x_wconf 85' lang='lat' dir='ltr'>communicatio</span> <span class='ocrx_word' id='word_1_188' title='bbox 1402 1229 1567 1265; x_wconf 82' lang='lat' dir='ltr'>maxime</span> <span class='ocrx_word' id='word_1_189' title='bbox 1587 1228 1701 1265; x_wconf 89' lang='lat' dir='ltr'>inter-</span> 
     </span>
     <span class='ocr_line' id='line_1_20' title="bbox 86 1286 1270 1336; baseline -0.007 -9"><span class='ocrx_word' id='word_1_190' title='bbox 86 1286 187 1327; x_wconf 88' lang='lat' dir='ltr'>clusa</span> <span class='ocrx_word' id='word_1_191' title='bbox 201 1286 261 1324; x_wconf 90' lang='lat' dir='ltr'>est.</span> <span class='ocrx_word' id='word_1_192' title='bbox 598 1332 599 1335; x_wconf 11' lang='grc' dir='ltr'><strong>Ἰ</strong></span> <span class='ocrx_word' id='word_1_193' title='bbox 682 1331 686 1334; x_wconf 18' lang='lat'><strong>⁴</strong></span> <span class='ocrx_word' id='word_1_194' title='bbox 762 1332 765 1336; x_wconf 17' lang='lat'><strong><em>⁴</em></strong></span> <span class='ocrx_word' id='word_1_195' title='bbox 1268 1304 1270 1306; x_wconf 96' lang='lat'>-</span> 
     </span>
    </p>

    <p class='ocr_par' dir='ltr' id='par_1_5' title="bbox 132 1336 1702 1390">
     <span class='ocr_line' id='line_1_21' title="bbox 132 1336 1702 1390; baseline -0.003 -10"><span class='ocrx_word' id='word_1_196' title='bbox 132 1337 178 1380; x_wconf 71' lang='lat' dir='ltr'>&#39;D</span> <span class='ocrx_word' id='word_1_197' title='bbox 190 1343 511 1379; x_wconf 76' lang='lat' dir='ltr'><strong>ESCENDAMU&#39;S</strong></span> <span class='ocrx_word' id='word_1_198' title='bbox 526 1336 570 1375; x_wconf 90' lang='lat' dir='ltr'>ad</span> <span class='ocrx_word' id='word_1_199' title='bbox 588 1337 741 1376; x_wconf 90' lang='lat' dir='ltr'>Mosem</span> <span class='ocrx_word' id='word_1_200' title='bbox 756 1337 1009 1388; x_wconf 87' lang='lat' dir='ltr'>legissatorem</span> <span class='ocrx_word' id='word_1_201' title='bbox 1026 1341 1063 1377; x_wconf 71' lang='grc' dir='ltr'>ὅ(</span> <span class='ocrx_word' id='word_1_202' title='bbox 1078 1341 1243 1390; x_wconf 90' lang='lat' dir='ltr'>primum</span> <span class='ocrx_word' id='word_1_203' title='bbox 1257 1339 1333 1376; x_wconf 89' lang='lat' dir='ltr'>Dei</span> <span class='ocrx_word' id='word_1_204' title='bbox 1349 1338 1555 1385; x_wconf 88' lang='lat' dir='ltr'>notarium,</span> <span class='ocrx_word' id='word_1_205' title='bbox 1585 1343 1702 1387; x_wconf 90' lang='lat' dir='ltr'>quem</span> 
     </span>
    </p>

    <p class='ocr_par' dir='ltr' id='par_1_6' title="bbox 62 1389 1703 1553">
     <span class='ocr_line' id='line_1_22' title="bbox 62 1389 1703 1448; baseline -0.004 -12"><span class='ocrx_word' id='word_1_206' title='bbox 62 1443 66 1448; x_wconf 29' lang='grc' dir='ltr'>ι</span> <span class='ocrx_word' id='word_1_207' title='bbox 88 1397 285 1448; x_wconf 82' lang='lat' dir='ltr'>scripturae</span> <span class='ocrx_word' id='word_1_208' title='bbox 308 1403 447 1432; x_wconf 84' lang='lat' dir='ltr'>ornant</span> <span class='ocrx_word' id='word_1_209' title='bbox 467 1393 542 1430; x_wconf 87' lang='lat' dir='ltr'>hoc</span> <span class='ocrx_word' id='word_1_210' title='bbox 557 1394 707 1443; x_wconf 64' lang='lat' dir='ltr'>elogios</span> <span class='ocrx_word' id='word_1_211' title='bbox 737 1395 1001 1446; x_wconf 77' lang='lat' dir='ltr'>quodgnarns</span> <span class='ocrx_word' id='word_1_212' title='bbox 1017 1391 1064 1436; x_wconf 59' lang='lat' dir='ltr'>dy</span> <span class='ocrx_word' id='word_1_213' title='bbox 1077 1394 1236 1446; x_wconf 77' lang='lat' dir='ltr'>peritas</span> <span class='ocrx_word' id='word_1_214' title='bbox 1250 1391 1343 1445; x_wconf 77' lang='lat' dir='ltr'>eſj&#39;et</span> <span class='ocrx_word' id='word_1_215' title='bbox 1365 1393 1488 1430; x_wconf 85' lang='lat' dir='ltr'>omnis</span> <span class='ocrx_word' id='word_1_216' title='bbox 1502 1389 1703 1431; x_wconf 64' lang='lat' dir='ltr'>doHrinae</span> 
     </span>
     <span class='ocr_line' id='line_1_23' title="bbox 88 1445 1702 1505; baseline -0.004 -13"><span class='ocrx_word' id='word_1_217' title='bbox 88 1450 415 1505; x_wconf 81' lang='lat' dir='ltr'>AEgyptiorum:</span> <span class='ocrx_word' id='word_1_218' title='bbox 453 1449 562 1500; x_wconf 74' lang='lat' dir='ltr'>Quae</span> <span class='ocrx_word' id='word_1_219' title='bbox 588 1449 743 1496; x_wconf 88' lang='lat' dir='ltr'>quidem</span> <span class='ocrx_word' id='word_1_220' title='bbox 771 1461 863 1498; x_wconf 87' lang='lat' dir='ltr'>gens</span> <span class='ocrx_word' id='word_1_221' title='bbox 890 1450 990 1486; x_wconf 92' lang='lat' dir='ltr'>inter</span> <span class='ocrx_word' id='word_1_222' title='bbox 1015 1445 1272 1487; x_wconf 87' lang='lat' dir='ltr'>vetustissimas</span> <span class='ocrx_word' id='word_1_223' title='bbox 1301 1448 1436 1486; x_wconf 88' lang='lat' dir='ltr'>mundi</span> <span class='ocrx_word' id='word_1_224' title='bbox 1460 1447 1604 1485; x_wconf 89' lang='lat' dir='ltr'>scholas</span> <span class='ocrx_word' id='word_1_225' title='bbox 1633 1461 1702 1486; x_wconf 90' lang='lat' dir='ltr'>nu—</span> 
     </span>
     <span class='ocr_line' id='line_1_24' title="bbox 87 1502 1695 1553; baseline -0.003 -8"><span class='ocrx_word' id='word_1_226' title='bbox 87 1518 266 1546; x_wconf 86' lang='lat' dir='ltr'>meratur.</span> <span class='ocrx_word' id='word_1_227' title='bbox 323 1506 384 1542; x_wconf 83' lang='lat' dir='ltr'>Sic</span> <span class='ocrx_word' id='word_1_228' title='bbox 399 1505 503 1541; x_wconf 89' lang='lat' dir='ltr'>enim</span> <span class='ocrx_word' id='word_1_229' title='bbox 524 1504 632 1541; x_wconf 85' lang='lat' dir='ltr'>Plato</span> <span class='ocrx_word' id='word_1_230' title='bbox 647 1504 793 1541; x_wconf 87' lang='lat' dir='ltr'>inducit</span> <span class='ocrx_word' id='word_1_231' title='bbox 814 1504 1060 1553; x_wconf 87' lang='lat' dir='ltr'>AEgyptium</span> <span class='ocrx_word' id='word_1_232' title='bbox 1077 1504 1308 1541; x_wconf 87' lang='lat' dir='ltr'>sacerdotem</span> <span class='ocrx_word' id='word_1_233' title='bbox 1329 1502 1521 1541; x_wconf 86' lang='lat' dir='ltr'>dicentem</span> <span class='ocrx_word' id='word_1_234' title='bbox 1544 1503 1695 1544; x_wconf 80' lang='lat' dir='ltr'>Soloni3</span> 
     </span>
    </p>

    <p class='ocr_par' dir='ltr' id='par_1_7' title="bbox 83 1554 1710 2380">
     <span class='ocr_line' id='line_1_25' title="bbox 93 1554 1702 1612; baseline -0.005 -10"><span class='ocrx_word' id='word_1_235' title='bbox 93 1563 171 1603; x_wconf 85' lang='lat' dir='ltr'>Vos</span> <span class='ocrx_word' id='word_1_236' title='bbox 188 1560 334 1600; x_wconf 85' lang='lat' dir='ltr'>Graeci</span> <span class='ocrx_word' id='word_1_237' title='bbox 345 1558 498 1611; x_wconf 74' lang='lat' dir='ltr'>semper</span> <span class='ocrx_word' id='word_1_238' title='bbox 511 1558 629 1611; x_wconf 83' lang='lat' dir='ltr'>pueri</span> <span class='ocrx_word' id='word_1_239' title='bbox 643 1556 743 1609; x_wconf 88' lang='lat' dir='ltr'>estis,</span> <span class='ocrx_word' id='word_1_240' title='bbox 770 1557 921 1598; x_wconf 80' lang='lat' dir='ltr'>nullam</span> <span class='ocrx_word' id='word_1_241' title='bbox 942 1557 1013 1596; x_wconf 87' lang='lat' dir='ltr'>vel</span> <span class='ocrx_word' id='word_1_242' title='bbox 1021 1554 1237 1611; x_wconf 77' lang='lat' dir='ltr'>fi-ientiam</span> <span class='ocrx_word' id='word_1_243' title='bbox 1259 1558 1522 1612; x_wconf 79' lang='lat' dir='ltr'>antiquitatis</span> <span class='ocrx_word' id='word_1_244' title='bbox 1545 1556 1616 1595; x_wconf 85' lang='lat' dir='ltr'>vel</span> <span class='ocrx_word' id='word_1_245' title='bbox 1634 1570 1702 1595; x_wconf 84' lang='lat' dir='ltr'>an-</span> 
     </span>
     <span class='ocr_line' id='line_1_26' title="bbox 90 1611 1702 1672; baseline -0.004 -15"><span class='ocrx_word' id='word_1_246' title='bbox 90 1617 320 1672; x_wconf 75' lang='lat' dir='ltr'>tiquitatem</span> <span class='ocrx_word' id='word_1_247' title='bbox 331 1613 528 1668; x_wconf 77' lang='lat' dir='ltr'>scientiae</span> <span class='ocrx_word' id='word_1_248' title='bbox 549 1611 749 1652; x_wconf 79' lang='lat' dir='ltr'>habentes.</span> <span class='ocrx_word' id='word_1_249' title='bbox 807 1613 1078 1652; x_wconf 87' lang='lat' dir='ltr'>Perlustremus</span> <span class='ocrx_word' id='word_1_250' title='bbox 1101 1615 1396 1652; x_wconf 87' lang='lat' dir='ltr'>ceremonialem</span> <span class='ocrx_word' id='word_1_251' title='bbox 1423 1614 1547 1663; x_wconf 86' lang='lat' dir='ltr'>legem</span> <span class='ocrx_word' id='word_1_252' title='bbox 1572 1611 1702 1661; x_wconf 78' lang='lat' dir='ltr'>Molis,</span> 
     </span>
     <span class='ocr_line' id='line_1_27' title="bbox 87 1669 1705 1724; baseline -0.003 -11"><span class='ocrx_word' id='word_1_253' title='bbox 87 1670 401 1724; x_wconf 84' lang='lat' dir='ltr'>reperiemusque,</span> <span class='ocrx_word' id='word_1_254' title='bbox 437 1680 583 1720; x_wconf 85' lang='lat' dir='ltr'>praeter</span> <span class='ocrx_word' id='word_1_255' title='bbox 608 1669 746 1708; x_wconf 88' lang='lat' dir='ltr'>Christi</span> <span class='ocrx_word' id='word_1_256' title='bbox 767 1670 1135 1722; x_wconf 85' lang='lat' dir='ltr'>praefigurationem,</span> <span class='ocrx_word' id='word_1_257' title='bbox 1172 1669 1454 1708; x_wconf 60' lang='lat' dir='ltr'>diffinitionem</span> <span class='ocrx_word' id='word_1_258' title='bbox 1475 1669 1606 1721; x_wconf 86' lang='lat' dir='ltr'>populi</span> <span class='ocrx_word' id='word_1_259' title='bbox 1629 1669 1705 1708; x_wconf 87' lang='lat' dir='ltr'>Dei</span> 
     </span>
     <span class='ocr_line' id='line_1_28' title="bbox 87 1722 1704 1779; baseline -0.004 -11"><span class='ocrx_word' id='word_1_260' title='bbox 87 1743 107 1768; x_wconf 77' lang='lat' dir='ltr'>a</span> <span class='ocrx_word' id='word_1_261' title='bbox 122 1727 308 1779; x_wconf 86' lang='lat' dir='ltr'>gentibus,</span> <span class='ocrx_word' id='word_1_262' title='bbox 338 1726 556 1763; x_wconf 87' lang='lat' dir='ltr'>exercitium</span> <span class='ocrx_word' id='word_1_263' title='bbox 577 1725 825 1773; x_wconf 88' lang='lat' dir='ltr'>obedientiae,</span> <span class='ocrx_word' id='word_1_264' title='bbox 855 1726 1021 1775; x_wconf 88' lang='lat' dir='ltr'>aliosque</span> <span class='ocrx_word' id='word_1_265' title='bbox 1041 1722 1207 1771; x_wconf 88' lang='lat' dir='ltr'>ejusdem</span> <span class='ocrx_word' id='word_1_266' title='bbox 1228 1726 1319 1775; x_wconf 90' lang='lat' dir='ltr'>legis</span> <span class='ocrx_word' id='word_1_267' title='bbox 1334 1724 1419 1763; x_wconf 84' lang='lat' dir='ltr'>usus</span> <span class='ocrx_word' id='word_1_268' title='bbox 1434 1724 1578 1761; x_wconf 90' lang='lat' dir='ltr'>sacros:</span> <span class='ocrx_word' id='word_1_269' title='bbox 1608 1736 1704 1761; x_wconf 88' lang='lat' dir='ltr'>non-</span> 
     </span>
     <span class='ocr_line' id='line_1_29' title="bbox 88 1778 1705 1830; baseline -0.004 -7"><span class='ocrx_word' id='word_1_270' title='bbox 88 1786 216 1823; x_wconf 89' lang='lat' dir='ltr'>nullos</span> <span class='ocrx_word' id='word_1_271' title='bbox 239 1778 543 1820; x_wconf 67' lang='lat' dir='ltr'>dodtisfimorum</span> <span class='ocrx_word' id='word_1_272' title='bbox 559 1781 825 1820; x_wconf 87' lang='lat' dir='ltr'>Rabbinorum</span> <span class='ocrx_word' id='word_1_273' title='bbox 842 1781 940 1819; x_wconf 89' lang='lat' dir='ltr'>haud</span> <span class='ocrx_word' id='word_1_274' title='bbox 961 1782 1139 1819; x_wconf 87' lang='lat' dir='ltr'>inutilem</span> <span class='ocrx_word' id='word_1_275' title='bbox 1159 1780 1255 1818; x_wconf 88' lang='lat' dir='ltr'>circa</span> <span class='ocrx_word' id='word_1_276' title='bbox 1270 1793 1352 1818; x_wconf 89' lang='lat' dir='ltr'>eam</span> <span class='ocrx_word' id='word_1_277' title='bbox 1379 1779 1520 1818; x_wconf 87' lang='lat' dir='ltr'>navaffe</span> <span class='ocrx_word' id='word_1_278' title='bbox 1535 1791 1705 1830; x_wconf 85' lang='lat' dir='ltr'>operam,-</span> 
     </span>
     <span class='ocr_line' id='line_1_30' title="bbox 89 1835 1707 1886; baseline -0.004 -8"><span class='ocrx_word' id='word_1_279' title='bbox 89 1850 130 1878; x_wconf 85' lang='lat' dir='ltr'>ut</span> <span class='ocrx_word' id='word_1_280' title='bbox 144 1839 273 1877; x_wconf 90' lang='lat' dir='ltr'>sedulo</span> <span class='ocrx_word' id='word_1_281' title='bbox 283 1847 467 1883; x_wconf 84' lang='lat' dir='ltr'>eruerent,</span> <span class='ocrx_word' id='word_1_282' title='bbox 481 1836 709 1885; x_wconf 82' lang='lat' dir='ltr'>quandoque</span> <span class='ocrx_word' id='word_1_283' title='bbox 720 1838 927 1875; x_wconf 85' lang='lat' dir='ltr'>naturalem</span> <span class='ocrx_word' id='word_1_284' title='bbox 942 1837 1170 1886; x_wconf 84' lang='lat' dir='ltr'>quandoque</span> <span class='ocrx_word' id='word_1_285' title='bbox 1181 1837 1366 1873; x_wconf 89' lang='lat' dir='ltr'>moralem</span> <span class='ocrx_word' id='word_1_286' title='bbox 1381 1835 1527 1872; x_wconf 90' lang='lat' dir='ltr'>sensum</span> <span class='ocrx_word' id='word_1_287' title='bbox 1539 1847 1707 1872; x_wconf 89' lang='lat' dir='ltr'>ceremo-</span> 
     </span>
     <span class='ocr_line' id='line_1_31' title="bbox 89 1888 1706 1944; baseline -0.004 -11"><span class='ocrx_word' id='word_1_288' title='bbox 89 1897 242 1933; x_wconf 84' lang='lat' dir='ltr'>niarum</span> <span class='ocrx_word' id='word_1_289' title='bbox 257 1895 294 1930; x_wconf 66' lang='grc' dir='ltr'>ὃς</span> <span class='ocrx_word' id='word_1_290' title='bbox 309 1890 465 1930; x_wconf 85' lang='lat' dir='ltr'>rituum.</span> <span class='ocrx_word' id='word_1_291' title='bbox 508 1892 680 1941; x_wconf 84' lang='lat' dir='ltr'>Exempli</span> <span class='ocrx_word' id='word_1_292' title='bbox 696 1895 825 1941; x_wconf 87' lang='lat' dir='ltr'>gratia,</span> <span class='ocrx_word' id='word_1_293' title='bbox 847 1892 911 1929; x_wconf 89' lang='lat' dir='ltr'>ubi</span> <span class='ocrx_word' id='word_1_294' title='bbox 928 1892 974 1929; x_wconf 91' lang='lat' dir='ltr'>de</span> <span class='ocrx_word' id='word_1_295' title='bbox 990 1893 1091 1944; x_wconf 87' lang='lat' dir='ltr'>lepra</span> <span class='ocrx_word' id='word_1_296' title='bbox 1106 1892 1256 1938; x_wconf 89' lang='lat' dir='ltr'>dicitur,</span> <span class='ocrx_word' id='word_1_297' title='bbox 1279 1889 1323 1929; x_wconf 85' lang='lat' dir='ltr'>Si</span> <span class='ocrx_word' id='word_1_298' title='bbox 1338 1888 1549 1941; x_wconf 82' lang='lat' dir='ltr'>effloruerit</span> <span class='ocrx_word' id='word_1_299' title='bbox 1563 1888 1604 1927; x_wconf 83' lang='lat' dir='ltr'>di</span> <span class='ocrx_word' id='word_1_300' title='bbox 1624 1901 1706 1927; x_wconf 81' lang='lat' dir='ltr'>cur-</span> 
     </span>
     <span class='ocr_line' id='line_1_32' title="bbox 90 1943 1709 2001; baseline -0.004 -13"><span class='ocrx_word' id='word_1_301' title='bbox 90 1961 179 1988; x_wconf 83' lang='lat' dir='ltr'>rens</span> <span class='ocrx_word' id='word_1_302' title='bbox 191 1947 309 2001; x_wconf 87' lang='lat' dir='ltr'>lepra,</span> <span class='ocrx_word' id='word_1_303' title='bbox 323 1945 432 1985; x_wconf 81' lang='lat' dir='ltr'>homo</span> <span class='ocrx_word' id='word_1_304' title='bbox 443 1943 608 1984; x_wconf 80' lang='lat' dir='ltr'>mundns</span> <span class='ocrx_word' id='word_1_305' title='bbox 624 1947 712 1993; x_wconf 84' lang='lat' dir='ltr'>erit,</span> <span class='ocrx_word' id='word_1_306' title='bbox 731 1944 778 1990; x_wconf 57' lang='grc' dir='ltr'><strong>ὠ</strong></span> <span class='ocrx_word' id='word_1_307' title='bbox 794 1959 867 1984; x_wconf 88' lang='lat' dir='ltr'>non</span> <span class='ocrx_word' id='word_1_308' title='bbox 881 1945 1101 1985; x_wconf 83' lang='lat' dir='ltr'>recludetur</span> <span class='ocrx_word' id='word_1_309' title='bbox 1113 1944 1190 1997; x_wconf 79' lang='lat' dir='ltr'>:fin</span> <span class='ocrx_word' id='word_1_310' title='bbox 1206 1958 1294 1984; x_wconf 85' lang='lat' dir='ltr'>caro</span> <span class='ocrx_word' id='word_1_311' title='bbox 1305 1947 1409 1983; x_wconf 83' lang='lat' dir='ltr'>viva</span> <span class='ocrx_word' id='word_1_312' title='bbox 1421 1945 1462 1982; x_wconf 90' lang='lat' dir='ltr'>in</span> <span class='ocrx_word' id='word_1_313' title='bbox 1477 1957 1517 1982; x_wconf 93' lang='lat' dir='ltr'>eo</span> <span class='ocrx_word' id='word_1_314' title='bbox 1530 1945 1621 1992; x_wconf 87' lang='lat' dir='ltr'>erit,</span> <span class='ocrx_word' id='word_1_315' title='bbox 1636 1944 1709 1982; x_wconf 41' lang='lat' dir='ltr'>im*</span> 
     </span>
     <span class='ocr_line' id='line_1_33' title="bbox 89 1997 1706 2053; baseline -0.003 -9"><span class='ocrx_word' id='word_1_316' title='bbox 89 2001 307 2044; x_wconf 81' lang='lat' dir='ltr'>munditiae</span> <span class='ocrx_word' id='word_1_317' title='bbox 322 1999 648 2051; x_wconf 78' lang='lat' dir='ltr'>condemnabitur,</span> <span class='ocrx_word' id='word_1_318' title='bbox 681 1998 729 2044; x_wconf 71' lang='lat'>&amp;⁴</span> <span class='ocrx_word' id='word_1_319' title='bbox 743 2001 800 2041; x_wconf 92' lang='lat' dir='ltr'>ad</span> <span class='ocrx_word' id='word_1_320' title='bbox 802 2000 1025 2053; x_wconf 85' lang='lat' dir='ltr'>sacerdotis</span> <span class='ocrx_word' id='word_1_321' title='bbox 1039 2000 1246 2040; x_wconf 78' lang='lat' dir='ltr'>arbitrium</span> <span class='ocrx_word' id='word_1_322' title='bbox 1250 1997 1510 2053; x_wconf 73' lang='lat' dir='ltr'>separabitur.</span> <span class='ocrx_word' id='word_1_323' title='bbox 1567 2002 1621 2037; x_wconf 87' lang='lat' dir='ltr'>Ex</span> <span class='ocrx_word' id='word_1_324' title='bbox 1636 1999 1706 2039; x_wconf 88' lang='lat' dir='ltr'>hac</span> 
     </span>
     <span class='ocr_line' id='line_1_34' title="bbox 89 2053 1708 2111; baseline -0.002 -13"><span class='ocrx_word' id='word_1_325' title='bbox 89 2062 174 2111; x_wconf 84' lang='lat' dir='ltr'>lege</span> <span class='ocrx_word' id='word_1_326' title='bbox 197 2060 344 2108; x_wconf 79' lang='lat' dir='ltr'>colligit</span> <span class='ocrx_word' id='word_1_327' title='bbox 365 2071 461 2096; x_wconf 90' lang='lat' dir='ltr'>unus</span> <span class='ocrx_word' id='word_1_328' title='bbox 476 2070 609 2095; x_wconf 89' lang='lat' dir='ltr'>eorum</span> <span class='ocrx_word' id='word_1_329' title='bbox 634 2060 781 2097; x_wconf 83' lang='lat' dir='ltr'>axioma</span> <span class='ocrx_word' id='word_1_330' title='bbox 798 2059 838 2095; x_wconf 92' lang='lat' dir='ltr'>in</span> <span class='ocrx_word' id='word_1_331' title='bbox 861 2068 1016 2099; x_wconf 77' lang='lat' dir='ltr'>natura3</span> <span class='ocrx_word' id='word_1_332' title='bbox 1045 2053 1616 2108; x_wconf 77' lang='lat' dir='ltr'>‘Putredinempcstilentiorem</span> <span class='ocrx_word' id='word_1_333' title='bbox 1635 2053 1708 2108; x_wconf 70' lang='lat' dir='ltr'>eff&#39;e</span> 
     </span>
     <span class='ocr_line' id='line_1_35' title="bbox 90 2108 1710 2168; baseline -0.004 -14"><span class='ocrx_word' id='word_1_334' title='bbox 90 2122 196 2163; x_wconf 88' lang='lat' dir='ltr'>ante,</span> <span class='ocrx_word' id='word_1_335' title='bbox 213 2126 330 2168; x_wconf 84' lang='lat' dir='ltr'>quam</span> <span class='ocrx_word' id='word_1_336' title='bbox 330 2111 415 2166; x_wconf 88' lang='lat' dir='ltr'>post</span> <span class='ocrx_word' id='word_1_337' title='bbox 427 2114 711 2152; x_wconf 69' lang='lat' dir='ltr'>maturitatem</span> <span class='ocrx_word' id='word_1_338' title='bbox 757 2114 869 2152; x_wconf 85' lang='lat' dir='ltr'>Alius</span> <span class='ocrx_word' id='word_1_339' title='bbox 882 2115 1026 2151; x_wconf 88' lang='lat' dir='ltr'>morale</span> <span class='ocrx_word' id='word_1_340' title='bbox 1039 2114 1317 2150; x_wconf 87' lang='lat' dir='ltr'>documentum</span> <span class='ocrx_word' id='word_1_341' title='bbox 1329 2113 1444 2159; x_wconf 87' lang='lat' dir='ltr'>elicit,</span> <span class='ocrx_word' id='word_1_342' title='bbox 1459 2108 1631 2149; x_wconf 83' lang='lat' dir='ltr'>homines</span> <span class='ocrx_word' id='word_1_343' title='bbox 1632 2109 1710 2162; x_wconf 86' lang='lat' dir='ltr'>fla-</span> 
     </span>
     <span class='ocr_line' id='line_1_36' title="bbox 83 2164 1707 2224; baseline -0.003 -16"><span class='ocrx_word' id='word_1_344' title='bbox 83 2171 206 2224; x_wconf 85' lang='lat' dir='ltr'>gitiis</span> <span class='ocrx_word' id='word_1_345' title='bbox 228 2167 397 2222; x_wconf 77' lang='lat' dir='ltr'>undique</span> <span class='ocrx_word' id='word_1_346' title='bbox 420 2175 624 2220; x_wconf 76' lang='lat' dir='ltr'>coopertos,</span> <span class='ocrx_word' id='word_1_347' title='bbox 663 2169 791 2207; x_wconf 80' lang='lat' dir='ltr'>minus</span> <span class='ocrx_word' id='word_1_348' title='bbox 814 2176 1049 2220; x_wconf 70' lang='lat' dir='ltr'>corrumpere</span> <span class='ocrx_word' id='word_1_349' title='bbox 1063 2165 1240 2220; x_wconf 81' lang='lat' dir='ltr'>publicos</span> <span class='ocrx_word' id='word_1_350' title='bbox 1263 2179 1396 2214; x_wconf 85' lang='lat' dir='ltr'>mores,</span> <span class='ocrx_word' id='word_1_351' title='bbox 1433 2178 1549 2219; x_wconf 81' lang='lat' dir='ltr'>qnam</span> <span class='ocrx_word' id='word_1_352' title='bbox 1571 2164 1707 2204; x_wconf 86' lang='lat' dir='ltr'>medio-</span> 
     </span>
     <span class='ocr_line' id='line_1_37' title="bbox 92 2221 1708 2276; baseline -0.002 -12"><span class='ocrx_word' id='word_1_353' title='bbox 92 2226 213 2264; x_wconf 86' lang='lat' dir='ltr'>criter</span> <span class='ocrx_word' id='word_1_354' title='bbox 235 2221 283 2267; x_wconf 63' lang='lat' dir='ltr'>&lt;sy</span> <span class='ocrx_word' id='word_1_355' title='bbox 297 2231 473 2276; x_wconf 77' lang='lat' dir='ltr'>exparte</span> <span class='ocrx_word' id='word_1_356' title='bbox 490 2230 646 2261; x_wconf 83' lang='lat' dir='ltr'>tantum</span> <span class='ocrx_word' id='word_1_357' title='bbox 662 2222 782 2261; x_wconf 86' lang='lat' dir='ltr'>malos</span> <span class='ocrx_word' id='word_1_358' title='bbox 793 2239 804 2261; x_wconf 89' lang='lat'><em>:</em></span> <span class='ocrx_word' id='word_1_359' title='bbox 833 2224 931 2261; x_wconf 90' lang='lat' dir='ltr'>adeo</span> <span class='ocrx_word' id='word_1_360' title='bbox 946 2234 987 2261; x_wconf 86' lang='lat' dir='ltr'>ut</span> <span class='ocrx_word' id='word_1_361' title='bbox 1003 2236 1046 2261; x_wconf 86' lang='lat' dir='ltr'>ex</span> <span class='ocrx_word' id='word_1_362' title='bbox 1064 2224 1139 2260; x_wconf 92' lang='lat' dir='ltr'>hoc</span> <span class='ocrx_word' id='word_1_363' title='bbox 1154 2225 1190 2261; x_wconf 89' lang='lat'>&amp;</span> <span class='ocrx_word' id='word_1_364' title='bbox 1205 2221 1384 2259; x_wconf 71' lang='lat' dir='ltr'>similibus</span> <span class='ocrx_word' id='word_1_365' title='bbox 1400 2223 1494 2258; x_wconf 88' lang='lat' dir='ltr'>locis</span> <span class='ocrx_word' id='word_1_366' title='bbox 1508 2222 1587 2267; x_wconf 79' lang='lat' dir='ltr'>ejus</span> <span class='ocrx_word' id='word_1_367' title='bbox 1602 2222 1708 2272; x_wconf 86' lang='lat' dir='ltr'>legis,</span> 
     </span>
     <span class='ocr_line' id='line_1_38' title="bbox 89 2276 1710 2334; baseline -0.002 -15"><span class='ocrx_word' id='word_1_368' title='bbox 89 2293 237 2334; x_wconf 86' lang='lat' dir='ltr'>praeter</span> <span class='ocrx_word' id='word_1_369' title='bbox 259 2279 406 2318; x_wconf 89' lang='lat' dir='ltr'>sensum</span> <span class='ocrx_word' id='word_1_370' title='bbox 429 2279 705 2328; x_wconf 88' lang='lat' dir='ltr'>theologicum,</span> <span class='ocrx_word' id='word_1_371' title='bbox 734 2279 833 2316; x_wconf 88' lang='lat' dir='ltr'>haud</span> <span class='ocrx_word' id='word_1_372' title='bbox 852 2290 967 2328; x_wconf 87' lang='lat' dir='ltr'>pauca</span> <span class='ocrx_word' id='word_1_373' title='bbox 990 2278 1034 2315; x_wconf 91' lang='lat' dir='ltr'>ad</span> <span class='ocrx_word' id='word_1_374' title='bbox 1055 2277 1336 2329; x_wconf 89' lang='lat' dir='ltr'>philosophiam</span> <span class='ocrx_word' id='word_1_375' title='bbox 1359 2276 1559 2329; x_wconf 63' lang='lat' dir='ltr'>spectantia</span> <span class='ocrx_word' id='word_1_376' title='bbox 1588 2276 1710 2329; x_wconf 82' lang='lat' dir='ltr'>spargi</span> 
     </span>
     <span class='ocr_line' id='line_1_39' title="bbox 89 2337 971 2380; baseline -0.006 -6"><span class='ocrx_word' id='word_1_377' title='bbox 89 2337 297 2374; x_wconf 84' lang='lat' dir='ltr'>videantur.</span> <span class='ocrx_word' id='word_1_378' title='bbox 967 2376 971 2380; x_wconf 19' lang='grc' dir='ltr'><strong>Α</strong></span> 
     </span>
    </p>

    <p class='ocr_par' dir='ltr' id='par_1_8' title="bbox 92 2386 1713 3101">
     <span class='ocr_line' id='line_1_40' title="bbox 145 2386 1710 2442; baseline -0.003 -12"><span class='ocrx_word' id='word_1_379' title='bbox 145 2393 195 2430; x_wconf 80' lang='lat' dir='ltr'>SI</span> <span class='ocrx_word' id='word_1_380' title='bbox 215 2393 299 2440; x_wconf 90' lang='lat' dir='ltr'>quis</span> <span class='ocrx_word' id='word_1_381' title='bbox 327 2390 442 2427; x_wconf 87' lang='lat' dir='ltr'>etiam</span> <span class='ocrx_word' id='word_1_382' title='bbox 462 2391 645 2427; x_wconf 86' lang='lat' dir='ltr'>eximium</span> <span class='ocrx_word' id='word_1_383' title='bbox 674 2388 782 2428; x_wconf 90' lang='lat' dir='ltr'>illum</span> <span class='ocrx_word' id='word_1_384' title='bbox 798 2389 891 2442; x_wconf 85' lang='lat' dir='ltr'>Jobi</span> <span class='ocrx_word' id='word_1_385' title='bbox 919 2388 1059 2425; x_wconf 90' lang='lat' dir='ltr'>librum</span> <span class='ocrx_word' id='word_1_386' title='bbox 1089 2387 1291 2437; x_wconf 85' lang='lat' dir='ltr'>diligenter</span> <span class='ocrx_word' id='word_1_387' title='bbox 1319 2386 1514 2433; x_wconf 84' lang='lat' dir='ltr'>evolverit,</span> <span class='ocrx_word' id='word_1_388' title='bbox 1551 2386 1710 2437; x_wconf 91' lang='lat' dir='ltr'>plenum</span> 
     </span>
     <span class='ocr_line' id='line_1_41' title="bbox 92 2441 1707 2495; baseline -0.002 -10"><span class='ocrx_word' id='word_1_389' title='bbox 92 2459 193 2494; x_wconf 89' lang='lat' dir='ltr'>eum,</span> <span class='ocrx_word' id='word_1_390' title='bbox 231 2449 268 2484; x_wconf 74' lang='grc' dir='ltr'>ὅς</span> <span class='ocrx_word' id='word_1_391' title='bbox 290 2456 469 2493; x_wconf 86' lang='lat' dir='ltr'>tanquam</span> <span class='ocrx_word' id='word_1_392' title='bbox 495 2445 707 2495; x_wconf 83' lang='lat' dir='ltr'>gravidum,</span> <span class='ocrx_word' id='word_1_393' title='bbox 745 2445 923 2482; x_wconf 84' lang='lat' dir='ltr'>naturalis</span> <span class='ocrx_word' id='word_1_394' title='bbox 942 2442 1203 2494; x_wconf 89' lang='lat' dir='ltr'>philosophiae</span> <span class='ocrx_word' id='word_1_395' title='bbox 1233 2441 1414 2490; x_wconf 88' lang='lat' dir='ltr'>mysteriis</span> <span class='ocrx_word' id='word_1_396' title='bbox 1439 2442 1707 2492; x_wconf 86' lang='lat' dir='ltr'>deprehendet.</span> 
     </span>
     <span class='ocr_line' id='line_1_42' title="bbox 92 2496 1712 2553; baseline -0.002 -14"><span class='ocrx_word' id='word_1_397' title='bbox 92 2502 263 2553; x_wconf 89' lang='lat' dir='ltr'>Exempli</span> <span class='ocrx_word' id='word_1_398' title='bbox 279 2502 414 2552; x_wconf 78' lang='lat' dir='ltr'>gratia3</span> <span class='ocrx_word' id='word_1_399' title='bbox 443 2502 540 2538; x_wconf 89' lang='lat' dir='ltr'>circa</span> <span class='ocrx_word' id='word_1_400' title='bbox 555 2499 883 2552; x_wconf 81' lang='lat' dir='ltr'>cosmographiam</span> <span class='ocrx_word' id='word_1_401' title='bbox 900 2502 937 2536; x_wconf 85' lang='lat'>&amp;</span> <span class='ocrx_word' id='word_1_402' title='bbox 952 2499 1225 2536; x_wconf 86' lang='lat' dir='ltr'>rotunditatem</span> <span class='ocrx_word' id='word_1_403' title='bbox 1241 2508 1373 2544; x_wconf 89' lang='lat' dir='ltr'>terrae,</span> <span class='ocrx_word' id='word_1_404' title='bbox 1402 2497 1474 2534; x_wconf 90' lang='lat' dir='ltr'>illo</span> <span class='ocrx_word' id='word_1_405' title='bbox 1488 2498 1592 2546; x_wconf 85' lang='lat' dir='ltr'>loco,</span> <span class='ocrx_word' id='word_1_406' title='bbox 1620 2496 1712 2552; x_wconf 73' lang='lat' dir='ltr'>Qti</span> 
     </span>
     <span class='ocr_line' id='line_1_43' title="bbox 95 2549 1708 2609; baseline -0.002 -14"><span class='ocrx_word' id='word_1_407' title='bbox 95 2555 277 2595; x_wconf 87' lang='lat' dir='ltr'>extendit</span> <span class='ocrx_word' id='word_1_408' title='bbox 308 2553 525 2609; x_wconf 82' lang='lat' dir='ltr'>aquilonem</span> <span class='ocrx_word' id='word_1_409' title='bbox 547 2554 667 2608; x_wconf 69' lang='lat' dir='ltr'>fiiper</span> <span class='ocrx_word' id='word_1_410' title='bbox 701 2566 882 2601; x_wconf 82' lang='lat' dir='ltr'>vacnum,</span> <span class='ocrx_word' id='word_1_411' title='bbox 926 2550 974 2596; x_wconf 69' lang='lat'>&amp;⁶</span> <span class='ocrx_word' id='word_1_412' title='bbox 1002 2550 1185 2606; x_wconf 85' lang='lat' dir='ltr'>appendit</span> <span class='ocrx_word' id='word_1_413' title='bbox 1215 2560 1361 2589; x_wconf 85' lang='lat' dir='ltr'>terram</span> <span class='ocrx_word' id='word_1_414' title='bbox 1383 2549 1502 2606; x_wconf 70' lang='lat' dir='ltr'>fiiper</span> <span class='ocrx_word' id='word_1_415' title='bbox 1529 2549 1708 2591; x_wconf 85' lang='lat' dir='ltr'>nihilum.</span> 
     </span>
     <span class='ocr_line' id='line_1_44' title="bbox 94 2607 1711 2665; baseline -0.002 -16"><span class='ocrx_word' id='word_1_416' title='bbox 94 2612 178 2653; x_wconf 90' lang='lat' dir='ltr'>Ubi</span> <span class='ocrx_word' id='word_1_417' title='bbox 201 2610 350 2665; x_wconf 85' lang='lat' dir='ltr'>pensilis</span> <span class='ocrx_word' id='word_1_418' title='bbox 372 2621 483 2658; x_wconf 85' lang='lat' dir='ltr'>terra,</span> <span class='ocrx_word' id='word_1_419' title='bbox 519 2612 629 2660; x_wconf 89' lang='lat' dir='ltr'>polus</span> <span class='ocrx_word' id='word_1_420' title='bbox 649 2611 817 2657; x_wconf 62' lang='lat' dir='ltr'>arcticus,</span> <span class='ocrx_word' id='word_1_421' title='bbox 845 2612 884 2648; x_wconf 71' lang='grc' dir='ltr'>δε</span> <span class='ocrx_word' id='word_1_422' title='bbox 906 2611 1005 2647; x_wconf 87' lang='lat' dir='ltr'>coeli</span> <span class='ocrx_word' id='word_1_423' title='bbox 1028 2607 1243 2647; x_wconf 78' lang='lat' dir='ltr'>convexitas</span> <span class='ocrx_word' id='word_1_424' title='bbox 1265 2609 1305 2644; x_wconf 91' lang='lat' dir='ltr'>in</span> <span class='ocrx_word' id='word_1_425' title='bbox 1325 2609 1487 2654; x_wconf 88' lang='lat' dir='ltr'>extimis,</span> <span class='ocrx_word' id='word_1_426' title='bbox 1523 2607 1623 2646; x_wconf 87' lang='lat' dir='ltr'>haud</span> <span class='ocrx_word' id='word_1_427' title='bbox 1644 2610 1711 2646; x_wconf 95' lang='lat' dir='ltr'>ob-</span> 
     </span>
     <span class='ocr_line' id='line_1_45' title="bbox 93 2661 1710 2710; baseline -0.002 -5"><span class='ocrx_word' id='word_1_428' title='bbox 93 2667 198 2707; x_wconf 87' lang='lat' dir='ltr'>scure</span> <span class='ocrx_word' id='word_1_429' title='bbox 218 2665 460 2705; x_wconf 76' lang='lat' dir='ltr'>insinuantur.</span> <span class='ocrx_word' id='word_1_430' title='bbox 516 2666 658 2704; x_wconf 83' lang='lat' dir='ltr'>Rursus</span> <span class='ocrx_word' id='word_1_431' title='bbox 674 2666 770 2703; x_wconf 90' lang='lat' dir='ltr'>circa</span> <span class='ocrx_word' id='word_1_432' title='bbox 789 2664 1058 2703; x_wconf 88' lang='lat' dir='ltr'>astronomiam</span> <span class='ocrx_word' id='word_1_433' title='bbox 1075 2667 1111 2701; x_wconf 77' lang='grc' dir='ltr'>δ(</span> <span class='ocrx_word' id='word_1_434' title='bbox 1131 2663 1348 2710; x_wconf 87' lang='lat' dir='ltr'>asterismos,</span> <span class='ocrx_word' id='word_1_435' title='bbox 1370 2663 1444 2700; x_wconf 90' lang='lat' dir='ltr'>illis</span> <span class='ocrx_word' id='word_1_436' title='bbox 1463 2664 1598 2709; x_wconf 88' lang='lat' dir='ltr'>verbis,</span> <span class='ocrx_word' id='word_1_437' title='bbox 1629 2661 1660 2701; x_wconf 89' lang='lat' dir='ltr'><em>S</em></span> <span class='ocrx_word' id='word_1_438' title='bbox 1681 2664 1710 2701; x_wconf 70' lang='lat' dir='ltr'>i-r</span> 
     </span>
     <span class='ocr_line' id='line_1_46' title="bbox 95 2714 1711 2775; baseline -0.001 -16"><span class='ocrx_word' id='word_1_439' title='bbox 95 2722 199 2761; x_wconf 81' lang='lat' dir='ltr'>ritus</span> <span class='ocrx_word' id='word_1_440' title='bbox 224 2720 307 2775; x_wconf 75' lang='lat' dir='ltr'>ejus</span> <span class='ocrx_word' id='word_1_441' title='bbox 331 2721 496 2759; x_wconf 86' lang='lat' dir='ltr'>ornavit</span> <span class='ocrx_word' id='word_1_442' title='bbox 519 2719 652 2768; x_wconf 83' lang='lat' dir='ltr'>coelos,</span> <span class='ocrx_word' id='word_1_443' title='bbox 691 2717 738 2763; x_wconf 65' lang='lat'>&amp;⁴</span> <span class='ocrx_word' id='word_1_444' title='bbox 762 2718 1033 2771; x_wconf 85' lang='lat' dir='ltr'>obstetricante</span> <span class='ocrx_word' id='word_1_445' title='bbox 1052 2731 1167 2757; x_wconf 86' lang='lat' dir='ltr'>mann</span> <span class='ocrx_word' id='word_1_446' title='bbox 1187 2716 1272 2771; x_wconf 68' lang='lat' dir='ltr'>ejus</span> <span class='ocrx_word' id='word_1_447' title='bbox 1295 2715 1453 2756; x_wconf 67' lang='lat' dir='ltr'>eductus</span> <span class='ocrx_word' id='word_1_448' title='bbox 1472 2714 1524 2768; x_wconf 75' lang='lat' dir='ltr'>est</span> <span class='ocrx_word' id='word_1_449' title='bbox 1548 2715 1644 2756; x_wconf 84' lang='lat' dir='ltr'>Colu</span> <span class='ocrx_word' id='word_1_450' title='bbox 1669 2731 1711 2757; x_wconf 87' lang='lat' dir='ltr'>er</span> 
     </span>
     <span class='ocr_line' id='line_1_47' title="bbox 96 2770 1711 2830; baseline -0.002 -15"><span class='ocrx_word' id='word_1_451' title='bbox 96 2775 302 2829; x_wconf 76' lang='lat' dir='ltr'>tortuofhs.</span> <span class='ocrx_word' id='word_1_452' title='bbox 359 2777 407 2814; x_wconf 89' lang='lat' dir='ltr'>Et</span> <span class='ocrx_word' id='word_1_453' title='bbox 441 2778 518 2814; x_wconf 88' lang='lat' dir='ltr'>alio</span> <span class='ocrx_word' id='word_1_454' title='bbox 553 2778 654 2823; x_wconf 78' lang='lat' dir='ltr'>loco,</span> <span class='ocrx_word' id='word_1_455' title='bbox 697 2773 878 2830; x_wconf 74' lang='lat' dir='ltr'>nunquid</span> <span class='ocrx_word' id='word_1_456' title='bbox 908 2773 1136 2826; x_wconf 76' lang='lat' dir='ltr'>conjungere</span> <span class='ocrx_word' id='word_1_457' title='bbox 1169 2770 1322 2811; x_wconf 84' lang='lat' dir='ltr'>valebis</span> <span class='ocrx_word' id='word_1_458' title='bbox 1355 2773 1546 2810; x_wconf 85' lang='lat' dir='ltr'>micantes</span> <span class='ocrx_word' id='word_1_459' title='bbox 1567 2770 1711 2823; x_wconf 83' lang='lat' dir='ltr'>stellas</span> 
     </span>
     <span class='ocr_line' id='line_1_48' title="bbox 96 2823 1712 2885; baseline -0.002 -15"><span class='ocrx_word' id='word_1_460' title='bbox 96 2829 306 2879; x_wconf 79' lang='lat' dir='ltr'>Pleiadas,</span> <span class='ocrx_word' id='word_1_461' title='bbox 335 2828 553 2885; x_wconf 68' lang='lat' dir='ltr'>autgyrnm</span> <span class='ocrx_word' id='word_1_462' title='bbox 573 2829 740 2869; x_wconf 63' lang='lat' dir='ltr'>Arffturi</span> <span class='ocrx_word' id='word_1_463' title='bbox 754 2831 907 2884; x_wconf 83' lang='lat' dir='ltr'>poteris</span> <span class='ocrx_word' id='word_1_464' title='bbox 929 2823 1104 2882; x_wconf 75' lang='lat' dir='ltr'>dissipare</span> <span class='ocrx_word' id='word_1_465' title='bbox 1120 2825 1142 2867; x_wconf 82' lang='lat'><em>?</em></span> <span class='ocrx_word' id='word_1_466' title='bbox 1170 2829 1254 2869; x_wconf 87' lang='lat' dir='ltr'>Ubi</span> <span class='ocrx_word' id='word_1_467' title='bbox 1275 2829 1437 2866; x_wconf 81' lang='lat' dir='ltr'>immota</span> <span class='ocrx_word' id='word_1_468' title='bbox 1459 2827 1712 2878; x_wconf 86' lang='lat' dir='ltr'>configuratio</span> 
     </span>
     <span class='ocr_line' id='line_1_49' title="bbox 94 2882 1711 2936; baseline -0.002 -11"><span class='ocrx_word' id='word_1_469' title='bbox 94 2887 282 2926; x_wconf 87' lang='lat' dir='ltr'>stellarum</span> <span class='ocrx_word' id='word_1_470' title='bbox 302 2887 472 2934; x_wconf 85' lang='lat' dir='ltr'>fixarum,</span> <span class='ocrx_word' id='word_1_471' title='bbox 502 2887 650 2936; x_wconf 84' lang='lat' dir='ltr'>paribus</span> <span class='ocrx_word' id='word_1_472' title='bbox 674 2887 880 2925; x_wconf 85' lang='lat' dir='ltr'>intervallis</span> <span class='ocrx_word' id='word_1_473' title='bbox 905 2884 1049 2936; x_wconf 84' lang='lat' dir='ltr'>semper</span> <span class='ocrx_word' id='word_1_474' title='bbox 1075 2886 1174 2922; x_wconf 88' lang='lat' dir='ltr'>inter</span> <span class='ocrx_word' id='word_1_475' title='bbox 1198 2883 1234 2921; x_wconf 90' lang='lat' dir='ltr'>se</span> <span class='ocrx_word' id='word_1_476' title='bbox 1257 2882 1485 2931; x_wconf 84' lang='lat' dir='ltr'>distantium,</span> <span class='ocrx_word' id='word_1_477' title='bbox 1515 2884 1711 2934; x_wconf 85' lang='lat' dir='ltr'>elegantis-</span> 
     </span>
     <span class='ocr_line' id='line_1_50' title="bbox 96 2933 1712 2994; baseline -0.002 -15"><span class='ocrx_word' id='word_1_478' title='bbox 96 2940 186 2980; x_wconf 81' lang='lat' dir='ltr'>lime</span> <span class='ocrx_word' id='word_1_479' title='bbox 205 2940 434 2980; x_wconf 87' lang='lat' dir='ltr'>describitur.</span> <span class='ocrx_word' id='word_1_480' title='bbox 491 2943 588 2979; x_wconf 82' lang='lat' dir='ltr'>Item</span> <span class='ocrx_word' id='word_1_481' title='bbox 609 2943 685 2979; x_wconf 87' lang='lat' dir='ltr'>alio</span> <span class='ocrx_word' id='word_1_482' title='bbox 708 2944 810 2987; x_wconf 88' lang='lat' dir='ltr'>loco,</span> <span class='ocrx_word' id='word_1_483' title='bbox 838 2940 905 2994; x_wconf 78' lang='lat' dir='ltr'>qni</span> <span class='ocrx_word' id='word_1_484' title='bbox 916 2938 1029 2993; x_wconf 86' lang='lat' dir='ltr'>facit</span> <span class='ocrx_word' id='word_1_485' title='bbox 1045 2937 1261 2977; x_wconf 62' lang='lat' dir='ltr'>Arfinrum</span> <span class='ocrx_word' id='word_1_486' title='bbox 1284 2933 1332 2981; x_wconf 59' lang='lat' dir='ltr'>&lt;sy</span> <span class='ocrx_word' id='word_1_487' title='bbox 1348 2939 1509 2984; x_wconf 85' lang='lat' dir='ltr'>Oriona,</span> <span class='ocrx_word' id='word_1_488' title='bbox 1540 2934 1588 2981; x_wconf 55' lang='grc' dir='ltr'>όν</span> <span class='ocrx_word' id='word_1_489' title='bbox 1604 2936 1712 2988; x_wconf 58' lang='lat' dir='ltr'>labra-</span> 
     </span>
     <span class='ocr_line' id='line_1_51' title="bbox 96 2991 1710 3046; baseline -0.002 -12"><span class='ocrx_word' id='word_1_490' title='bbox 96 2994 168 3035; x_wconf 75' lang='lat' dir='ltr'>clas</span> <span class='ocrx_word' id='word_1_491' title='bbox 195 2993 242 3038; x_wconf 64' lang='lat' dir='ltr'>&amp;a</span> <span class='ocrx_word' id='word_1_492' title='bbox 264 2996 451 3035; x_wconf 80' lang='lat' dir='ltr'>interiora</span> <span class='ocrx_word' id='word_1_493' title='bbox 474 2993 606 3046; x_wconf 57' lang='lat' dir='ltr'>alistri.</span> <span class='ocrx_word' id='word_1_494' title='bbox 669 2997 753 3037; x_wconf 90' lang='lat' dir='ltr'>Ubi</span> <span class='ocrx_word' id='word_1_495' title='bbox 781 2999 919 3034; x_wconf 84' lang='lat' dir='ltr'>iterum</span> <span class='ocrx_word' id='word_1_496' title='bbox 946 2997 1072 3032; x_wconf 86' lang='lat' dir='ltr'>innuit</span> <span class='ocrx_word' id='word_1_497' title='bbox 1097 2991 1376 3045; x_wconf 84' lang='lat' dir='ltr'>depressionem</span> <span class='ocrx_word' id='word_1_498' title='bbox 1403 2991 1592 3031; x_wconf 68' lang='lat' dir='ltr'>antarffici</span> <span class='ocrx_word' id='word_1_499' title='bbox 1616 2995 1710 3044; x_wconf 80' lang='lat' dir='ltr'>poli,</span> 
     </span>
     <span class='ocr_line' id='line_1_52' title="bbox 99 3047 1713 3101; baseline -0.002 -13"><span class='ocrx_word' id='word_1_500' title='bbox 99 3064 257 3099; x_wconf 70' lang='lat' dir='ltr'>eamque</span> <span class='ocrx_word' id='word_1_501' title='bbox 290 3049 453 3101; x_wconf 72' lang='lat' dir='ltr'>designat</span> <span class='ocrx_word' id='word_1_502' title='bbox 484 3055 644 3089; x_wconf 84' lang='lat' dir='ltr'>nomine</span> <span class='ocrx_word' id='word_1_503' title='bbox 673 3052 901 3090; x_wconf 83' lang='lat' dir='ltr'>interiorum</span> <span class='ocrx_word' id='word_1_504' title='bbox 933 3048 1065 3100; x_wconf 81' lang='lat' dir='ltr'>austri,</span> <span class='ocrx_word' id='word_1_505' title='bbox 1107 3052 1193 3100; x_wconf 88' lang='lat' dir='ltr'>quia</span> <span class='ocrx_word' id='word_1_506' title='bbox 1227 3048 1395 3092; x_wconf 82' lang='lat' dir='ltr'>australes</span> <span class='ocrx_word' id='word_1_507' title='bbox 1428 3049 1549 3086; x_wconf 87' lang='lat' dir='ltr'>stellae</span> <span class='ocrx_word' id='word_1_508' title='bbox 1583 3047 1713 3085; x_wconf 90' lang='lat' dir='ltr'>nostro</span> 
     </span>
    </p>

    <p class='ocr_par' dir='ltr' id='par_1_9' title="bbox 1487 3101 1713 3153">
     <span class='ocr_line' id='line_1_53' title="bbox 1487 3101 1713 3153; baseline 0.013 -16"><span class='ocrx_word' id='word_1_509' title='bbox 1487 3101 1713 3153; x_wconf 50' lang='lat' dir='ltr'>hemisphaffi</span> 
     </span>
    </p>
   </div>
  </div>
 </body>
</html>
