2040 3439
205 193 300 240 106
405 189 507 236 'DE
544 187 1714 237 AUGMENTISSCIENTIARUM.
1754 179 1953 234 Linus.

340 295 446 323 turae
465 297 552 323 vete
576 285 783 335 prodeunt:
813 286 954 333 quique
974 281 1205 334 complicati,
1233 280 1456 329 continuati,
1486 283 1672 328 alternati,
1701 281 1870 329 fraenari,
1900 296 1956 320 re-

341 339 461 390 petiti,
491 342 528 378 ὃ(
549 341 678 377 multis
693 340 819 377 modis
842 340 1045 388 aggregati,
1076 348 1204 375 morus
1227 335 1576 386 illos-compositos,
1607 335 1676 374 sive
1693 336 1853 375 iummas
1874 349 1956 376 mo-

344 406 469 441 tuum,
498 407 593 444 quae
616 405 785 443 receptae
800 394 896 440 sunt,
927 404 990 431 aut
1014 393 1088 430 illis
1102 390 1240 429 similes
1262 390 1507 429 constituunt.
1566 393 1743 429 Summae
1763 403 1958 441 motuum,

345 449 430 488 sunt
445 447 630 486 decantati
644 447 698 485 illi
713 458 853 494 motus,
883 449 1090 498 generatio,
1112 446 1318 498 corruptio,
1348 448 1621 496 augmentatio,
1636 445 1855 492 diminutio,
1871 449 1958 486 alte-

346 505 445 542 tatio
470 507 504 540 ὃ(
521 504 637 540 latio:
666 504 790 540 Etiam
805 505 955 549 mixtio,
986 502 1180 552 separatio,
1208 500 1338 539 versio.
1395 501 1599 553 Supersunt
1616 512 1763 539 tantum
1779 514 1961 551 tanquam

347 558 569 608 appendices
589 556 770 609 physicae,
811 557 1005 596 mensurae
1034 568 1234 595 motuum:
1263 556 1367 608 Quid
1390 553 1505 608 possit
1535 567 1731 605 quantum,
1769 555 1962 595 five'dofis

349 615 525 651 naturae?
563 613 668 664 Quid
691 608 806 662 poflit
830 611 1022 650 distantia?
1058 613 1098 650 id
1131 612 1237 663 quod
1259 613 1364 648 orbis
1386 613 1534 649 virtutis
1569 610 1640 648 sive
1664 613 1858 649 adivitatis
1880 619 1964 651 noti

349 669 449 704 male
477 677 644 705 vocatur.
700 667 805 719 Quid
821 665 963 718 poilint
985 669 1158 704 incitatio
1188 670 1225 704 δε
1255 668 1432 704 tarditas?
1471 667 1575 718 Quid
1607 667 1727 704 brevis
1756 678 1817 704 aut
1847 669 1964 718 longa

351 728 482 759 mora?
519 722 623 773 Quid
649 724 702 760 vis
723 733 785 760 aut
809 723 1003 760 hebetudo
1028 724 1103 760 rei?
1140 722 1244 774 Quid
1269 722 1438 760 stimulus
1462 721 1699 771 peristaseos?
1738 723 1869 770 Atque
1895 724 1965 761 hae

353 777 438 814 sunt
458 776 627 829 physicae
648 790 752 815 verae
772 778 819 816 de
840 778 1023 815 abstractis
1042 787 1163 830 partes
1184 778 1381 827 genuinae.
1437 778 1605 818 Etenim,
1638 778 1676 813 in
1699 776 1968 816 schematilinis

353 834 544 879 materiae,
565 834 605 869 in
622 834 790 870 motibus
804 831 1041 883 finiplicibuS,
1062 835 1102 870 in
1119 832 1275 870 summis
1291 830 1361 869 sive
1376 832 1702 882 aggregationibus
1717 843 1908 880 motuum,
1930 837 1967 872 ὅ(

353 889 395 925 in
416 887 599 925 mensuris
616 898 811 936 motuum,
838 886 984 939 physica
1004 889 1050 926 de
1066 888 1248 925 abstractis
1269 886 1485 926 absolvitur.
1541 888 1645 926 Nam
1666 897 1820 925 motum
1833 890 1971 926 volun-

354 941 493 980 tarium
517 944 558 980 in
574 942 815 985 animalibus3
845 954 998 982 motum
1024 944 1089 992 qui
1103 943 1145 980 fit
1168 945 1208 980 in
1225 943 1435 980 affionibus
1456 942 1649 984 sensuum3
1681 953 1832 980 motum
1854 942 1971 996 phan-

356 996 476 1045 tasiae,
505 1000 987 1049 appetitus&voluntatis;
1015 1009 1167 1036 motum
1183 999 1334 1044 mentis,
1364 998 1894 1045 dec-reti&intelleCiualium,
1923 1000 1970 1037 ad

355 1054 526 1102 proprias
542 1054 731 1090 dosirinas
742 1055 996 1092 amandamus.
1040 1054 1137 1091 lllud
1148 1064 1277 1090 tamen
1296 1052 1431 1090 iterato
1443 1065 1659 1100 monemus,
1681 1053 1850 1091 universa
1865 1054 1970 1103 hacc,

354 1120 451 1156 quae
465 1107 628 1145 diximus
644 1110 683 1144 in
699 1107 844 1159 physica
859 1121 938 1146 non
955 1111 1110 1146 ulterius
1125 1109 1285 1155 traiiari,
1314 1121 1428 1157 quam
1449 1120 1489 1146 ut
1507 1110 1745 1157 inquirantur
1761 1110 1917 1146 materia
1932 1113 1970 1148 δε

357 1159 523 1200 efficiens
538 1162 728 1212 ipsorums
749 1165 994 1202 retrudantur
1006 1166 1110 1202 enim
1126 1165 1166 1200 in
1182 1163 1438 1213 metaphysica,
1460 1164 1586 1212 quoad
1602 1163 1743 1200 formas
1760 1166 1797 1201 δε
1810 1163 1912 1201 fines.

411 1220 656 1255 PHYSICAE
686 1217 954 1268 subjungemus
983 1220 1207 1270 appendices
1235 1217 1396 1267 insignes
1416 1220 1540 1260 :duam
1582 1231 1677 1267 quae
1705 1231 1786 1256 non
1816 1229 1895 1256 tam
1924 1220 1972 1258 ad

356 1273 567 1319 materiam,
597 1284 711 1321 quam
735 1273 781 1310 ad
801 1274 963 1311 modum
984 1272 1236 1323 inquisitionis
1257 1273 1440 1324 speciant:
1469 1274 1703 1325 problemata
1727 1275 1973 1314 naturalia&

357 1328 493 1378 placita
517 1328 765 1376 antiquorum
790 1328 1120 1381 philosophorum.
1175 1330 1283 1365 Prior
1308 1339 1461 1370 ‚naturae
1483 1327 1700 1381 multiplicis
1725 1326 1796 1366 five
1833 1328 1973 1379 sparsae

357 1382 542 1433 appendix
555 1383 623 1425 est;
655 1384 824 1422 Secunda
839 1395 992 1422 naturae
1007 1383 1146 1431 unitae,
1167 1381 1238 1422 sive
1254 1383 1507 1427 ssunmaruna3
1538 1385 1714 1433 Utraque
1730 1385 1774 1421 ad
1791 1383 1973 1422 solertem

358 1438 639 1476 dubitationem
655 1440 832 1487 pertinet,
860 1452 955 1489 quae
970 1439 1145 1477 scientiae
1159 1451 1242 1491 pars
1258 1439 1305 1476 est
1320 1452 1401 1477 non
1417 1441 1710 1480 contemnenda.
1768 1440 1870 1478 Nam
1886 1436 1974 1490 pro-

360 1494 523 1530 blemata
557 1494 794 1543 particulares
822 1495 1077 1533 dubitationes
1110 1495 1443 1544 eomplectunturs
1486 1497 1619 1545 placita
1646 1497 1841 1544 generales
1869 1498 1968 1533 eirea

359 1547 538 1600 principia
562 1550 599 1585 ὃς
621 1547 814 1587 fabricam.
869 1551 1154 1588 Problematum
1178 1550 1392 1601 exemplum
1416 1552 1546 1588 nobile
1570 1548 1619 1587 est
1642 1552 1682 1587 in
1705 1550 1810 1587 libris
1833 1548 1976 1589 Aristo-

360 1605 464 1641 telis:
494 1603 611 1654 Quod
633 1615 751 1653 genus
775 1607 898 1655 operis
922 1607 1061 1643 meruit
1085 1616 1198 1651 certe,
1226 1617 1307 1642 non
1332 1605 1457 1643 solum
1478 1616 1519 1643 ut
1543 1603 1781 1657 posterorum
1805 1603 1975 1644 laudibus

361 1659 622 1705 celebraretur,
652 1671 785 1696 verum
809 1660 922 1698 etiam
945 1671 987 1698 ut
1011 1673 1146 1697 eorum
1163 1660 1352 1698 laboribus
1376 1664 1686 1698 continuaretur:
1716 1672 1804 1698 cum
1828 1660 1974 1699 dubita-

360 1715 486 1751 tiones
502 1714 621 1751 indies
637 1713 807 1753 oriantur
822 1728 953 1754 novae.
1009 1715 1195 1753 Attamen
1211 1717 1251 1752 in
1267 1715 1334 1752 hac
1349 1728 1387 1754 re
1402 1716 1612 1754 adhibenda
1627 1713 1676 1753 est
1690 1717 1816 1753 cautio
1844 1716 1975 1766 magni

361 1769 493 1818 utique
517 1770 719 1807 momenti.
778 1772 998 1809 Dubiorum
1023 1772 1345 1808 commemoratio
1369 1774 1406 1808 δε
1426 1769 1634 1823 propositio
1659 1772 1849 1821 duplicem
1873 1770 1914 1808 in
1937 1771 1975 1809 se

361 1824 474 1863 habet
490 1823 655 1862 frustum
670 1838 678 1860 :
709 1837 829 1862 unum
846 1827 949 1875 quod
965 1825 1244 1877 philosophiam
1261 1828 1408 1865 muniat
1423 1837 1556 1864 contra
1572 1838 1736 1867 errores3
1765 1826 1920 1877 quando
1936 1827 1974 1867 id

362 1879 469 1928 quod
489 1891 571 1916 non
592 1881 702 1928 plane
725 1881 856 1929 liquet,
887 1894 969 1919 non
991 1881 1178 1927 judicatur
1198 1891 1260 1918 aut
1280 1881 1456 1929 afferstur,
1490 1883 1551 1927 (ne
1572 1894 1680 1919 error
1702 1893 1872 1920 errorem
1895 1883 1974 1932 gig-

362 1935 485 1982 neret)
517 1933 578 1971 scd
599 1933 835 1986 suspenditur
850 1937 896 1974 de
917 1949 966 1975 eo
985 1934 1165 1984 judicium
1186 1938 1223 1974 &
1240 1949 1320 1974 non
1340 1937 1381 1974 fit
1396 1936 1617 1988 positivum:
1646 1937 1840 1984 Alterum,
1868 1938 1975 1986 quod

364 1989 620 2026 dubitationes
643 1988 682 2026 in
706 1989 902 2029 codicillos
927 1993 1074 2039 relatae,
1112 1991 1276 2029 totidem
1296 1991 1472 2044 spongiae
1496 1992 1594 2038 sunt,
1623 2004 1717 2042 quae
1740 1994 1975 2030 incrementa

364 2043 540 2082 scientiae
563 2054 747 2096 perpetuo
766 2047 812 2083 ad
833 2046 867 2084 se
883 2047 1013 2097 sugant
1037 2050 1074 2085 ὅ(
1096 2048 1287 2089 alliciant3
1317 2048 1418 2085 unde
1433 2048 1485 2094 iit,
1517 2058 1557 2085 ut
1581 2049 1646 2086 illa
1669 2059 1763 2096 quae
1782 2045 1851 2084 nisi
1873 2059 1975 2100 prae-

365 2096 549 2136 ccssiss'cnt
564 2098 828 2149 dubitationes,
858 2103 990 2140 leviter
1010 2105 1046 2140 ὅ(
1061 2101 1156 2140 liceo
1173 2102 1268 2152 pede
1282 2102 1486 2141 transmissa
1501 2102 1662 2149 fuiss'ent,
1691 2101 1975 2140 dubitationum

365 2155 567 2192 admonitu
593 2165 735 2193 attente
762 2158 798 2194 ὃς
825 2156 984 2195 studiose
1010 2158 1265 2196 observentur.
1323 2159 1469 2197 Verum
1498 2159 1566 2196 hae
1586 2159 1680 2196 duae
1705 2159 1888 2196 utilitates
1915 2160 1976 2196 vix

366 2222 488 2247 unum
504 2209 750 2259 compensmt
766 2213 1073 2260 incommodum,
1104 2213 1220 2261 quod,
1241 2209 1308 2250 nifi
1325 2213 1456 2250 sedulo
1471 2214 1726 2263 prohibeatur,
1757 2213 1792 2250 se
1807 2215 1975 2263 ingeret:

367 2267 567 2303 Nimirum
591 2265 694 2316 quod
721 2266 921 2315 dubitatio,
957 2266 984 2305 si
1007 2267 1121 2305 semel
1147 2268 1366 2306 admittatur
1388 2279 1568 2317 tanquam
1593 2267 1691 2315 justa,
1729 2271 1766 2306 ὅς
1789 2268 1853 2306 fiat
1876 2267 1977 2318 quasi

367 2319 593 2367 authentica,
622 2320 742 2358 statim
758 2322 971 2361 defensores
992 2324 1032 2360 in
1047 2334 1245 2372 utramque
1260 2336 1406 2375 partem
1424 2324 1621 2370 sulcitabit,
1649 2325 1715 2372 qui
1730 2322 1842 2361 ctiam
1862 2323 1977 2373 poste-

368 2377 417 2412 ris
441 2376 600 2412 candem
626 2377 819 2414 licentiam
839 2377 1034 2416 dubitandi
1054 2377 1327 2417 transmittant:
1358 2381 1452 2417 adeo
1474 2392 1513 2416 ut
1539 2380 1712 2416 homines
1738 2380 1891 2428 ingenia
1916 2378 1977 2418 sua

369 2431 569 2468 intendant
594 2433 630 2468 ὃ(
654 2433 842 2481 applicent
865 2434 910 2471 ad
930 2433 1015 2481 hoe,
1044 2443 1085 2472 ut
1107 2436 1223 2471 alatur
1243 2437 1370 2485 potius
1393 2436 1591 2480 dubitatio,
1620 2446 1733 2483 quarn
1753 2437 1979 2473 terminetur

370 2496 431 2522 aut
454 2486 626 2524 solvatur.
689 2488 808 2534 Cuius
832 2489 986 2537 quidem
1004 2491 1056 2526 rei
1077 2490 1245 2541 exempla
1262 2492 1297 2526 δε
1322 2492 1361 2526 in
1386 2488 1612 2541 jurisperitis,
1643 2492 1678 2526 δε
1700 2491 1739 2526 in
1761 2490 1979 2528 academicis

371 2539 509 2588 ubique
530 2553 755 2579 occurrunt:
784 2545 918 2595 quibus
939 2546 1054 2581 moris
1074 2544 1134 2589 cst,
1164 2554 1204 2581 ut
1224 2544 1498 2582 dubitationem
1524 2544 1638 2581 semel
1658 2545 1861 2593 admiss'am,
1898 2556 1977 2594 pet-

370 2606 522 2646 petuam
544 2597 611 2633 effe
634 2598 762 2645 velint,
792 2611 862 2636 nee
882 2601 1007 2636 minus
1021 2599 1231 2644 dubitandi,
1262 2612 1375 2648 quam
1399 2599 1576 2636 afferendi
1597 2600 1877 2638 aucioramenta
1901 2611 1977 2638 atn-

370 2650 579 2702 plectantur
598 2667 604 2687 z
636 2653 740 2689 Cum
765 2664 890 2691 tamen
906 2654 968 2691 ille
986 2655 1142 2691 demum
1159 2653 1199 2691 fit
1223 2656 1367 2702 ingenii
1384 2655 1465 2692 usus
1483 2656 1684 2703 legitimus,
1713 2657 1777 2704 qui
1800 2667 1843 2693 ex
1859 2654 1979 2694 dubiis

369 2715 470 2748 certa
494 2704 613 2752 faeiat,
642 2719 724 2744 non
747 2710 812 2757 qui
830 2720 926 2747 certa
951 2712 990 2747 in
1004 2710 1164 2747 dubium
1180 2721 1300 2747 vocet.
1357 2711 1482 2762 Qun-e
1503 2711 1755 2748 calendarium
1776 2711 1978 2749 dubitatio-

373 2771 467 2797 num
502 2758 571 2797 sive
601 2763 881 2810 problematum
913 2763 952 2801 in
980 2775 1110 2802 natura
1145 2767 1182 2802 ὅ(
1210 2762 1401 2801 desiderari
1435 2765 1562 2811 ass'erO,
1606 2768 1642 2802 ὃ(
1671 2765 1800 2818 suscipi
1827 2768 1976 2816 probo:

373 2815 495 2852 modo
514 2827 622 2852 curae
640 2814 693 2863 sit,
724 2829 764 2855 ut
788 2821 890 2857 aucta
907 2819 1059 2857 seientia
1084 2819 1214 2865 indies,
1246 2821 1361 2867 (quod
1387 2820 1448 2857 fiet
1465 2820 1718 2869 proculdubio
1739 2819 1764 2858 fi
1785 2833 1855 2859 nos
1875 2823 1977 2860 audi-

373 2881 438 2908 ant
477 2870 665 2919 homines)
706 2886 800 2921 quae
836 2877 934 2912 clare
969 2874 1142 2912 diseuss'ae
1179 2873 1249 2912 lint
1278 2874 1531 2912 dubitationes
1570 2888 1612 2912 cx
1646 2876 1733 2913 albo
1772 2877 1977 2916 deleantur.

372 2925 471 2962 Huic
494 2926 706 2963 calendario
720 2929 819 2966 aliud
844 2931 927 2967 addi
944 2942 1132 2980 cuperem,
1161 2943 1240 2968 non
1269 2932 1393 2967 minus
1409 2933 1520 2968 utile:
1553 2932 1655 2968 Cum
1679 2933 1783 2969 enim
1804 2933 1843 2969 in
1867 2934 1977 2970 omni

374 2978 615 3038 inquii—itione
635 2983 873 3022 inveniantur
899 2985 989 3022 haee
1013 2987 1094 3031 tria,
1133 2984 1321 3035 perspicue
1347 2998 1444 3030 vcra,
1485 2985 1607 3031 dubia,
1645 2986 1835 3037 perspicue
1864 2986 1975 3025 falla:

373 3033 614 3073 utilissimum
638 3036 749 3086 foret,
780 3040 992 3079 calendario
1008 3040 1226 3082 dubiorum,
1257 3042 1508 3078 calendarium
1533 3040 1733 3080 falsitatum
1751 3043 1786 3080 δε
1805 3053 1976 3080 errorum

1825 3099 1976 3148 popula-

1955 3222 1977 3262 3
