2040 3439
192 238 228 276 2

234 224 300 283 46

395 223 481 271 DE
527 219 1022 270 AUGMENTIS
1074 217 1686 265 sclENT1ARUM.
1745 207 1981 268 Libgvm.

378 325 472 352 vero
492 315 546 350 rei
566 314 784 363 proximum
805 309 866 357 est,
893 320 935 346 ut
958 319 1052 346 artes
1077 307 1160 345 istac
1183 303 1400 358 alienigenis
1423 317 1572 346 tantum
1599 307 1865 359 permittantur
1879 326 1894 352 ,ς
1922 306 1989 358 qui

379 380 576 420 propterea
607 364 806 411 alliciendi,
836 374 898 401 aut
928 363 1058 401 saltem
1083 363 1191 400 facile
1221 362 1425 412 recipiendi
1455 362 1551 401 sunt.
1608 362 1837 402 Nativorum
1861 374 1989 402 autem

379 424 484 473 plebs
511 435 553 460 ex
581 421 696 460 tribus
724 417 920 469 generibus
947 419 1151 455 hominum
1181 417 1346 455 constare
1376 417 1488 456 debet
1502 435 1517 461 ‚-
1547 431 1698 468 nempe,
1726 431 1769 456 ex
1788 417 1957 467 agricolis
1972 437 1990 463 5

380 476 528 515 famulis
551 475 747 525 ingenuis;
777 476 814 511 ὅ(
837 472 1057 513 artificibus;
1085 484 1253 521 quorum
1274 484 1385 522 opera
1404 473 1520 510 robur
1549 476 1586 510 ὅ(
1606 475 1762 511 lacertos
1781 471 1992 526 virilespo·

381 533 541 572 stulant5
569 528 781 576 eujusmodi
801 527 886 566 sunt
898 526 1162 574 fabriferrarii,
1191 528 1372 579 lapidarii,
1401 527 1562 577 lignarii,
1590 531 1626 566 ἀ
1643 526 1804 569 ΓιωὶΙεεε
1832 539 1992 566 nonan·

381 585 621 624 numerando
636 582 808 623 militiam
826 583 1061 635 descriptam.

436 642 473 678 6.
502 640 582 677 AN
595 650 654 677 TE
675 641 807 676 omnia
823 639 869 675 ad
885 636 1032 690 imperii
1048 637 1351 687 magnitudinem
1366 638 1527 685 confert,
1556 649 1598 676 ut
1620 650 1713 688 gens
1735 638 1858 687 aliqua
1870 649 1994 676 armo-

380 708 468 733 rum
496 692 660 736 studium
675 694 907 744 profiteatur,
937 704 1117 741 tanquam
1145 692 1257 730 decus
1286 692 1407 740 suum,
1436 695 1473 730 δε
1502 692 1712 730 institutum
1737 693 1832 731 vitae
1860 693 1993 743 prima-

382 752 495 797 rium,
524 753 560 788 ὅ(
580 748 619 787 in
639 749 837 799 praecipuo
856 748 1006 785 honore
1021 748 1202 785 habitum.
1241 749 1349 800 Quae
1365 749 1469 784 enim
1483 760 1504 785 a
1524 749 1635 785 nobis
1649 748 1769 785 adhuc
1784 747 1880 784 dieta
1896 748 2005 795 sunt,

383 807 429 843 ad
450 805 656 843 habilitates
680 815 830 842 tantum
852 816 938 854 erga
960 815 1063 840 arma
1081 802 1268 852 speciant:
1310 802 1503 854 Quorsum
1518 814 1644 840 autem
1665 801 1845 850 habilitas,
1871 800 1898 839 fi
1912 815 1995 840 non

384 864 438 899 rei
458 859 522 911 ipsi
536 858 778 906 incumbitur,
807 870 849 896 ut
868 859 1096 910 producatur
1116 857 1153 894 in
1169 858 1316 896 astum?
1345 859 1549 905 Romulus,
1581 858 1635 905 (ut
1651 868 1812 904 narrant,
1842 868 1904 895 aut
1926 857 1994 894 fin-

384 915 499 967 gunt)
522 914 714 967 postquam
738 927 758 952 e
778 913 868 952 vivis
892 913 1095 961 excesserat,
1124 913 1216 950 illud
1245 913 1388 950 civibus
1412 912 1482 950 suis
1509 915 1656 963 legavit,
1685 923 1728 950 ut
1751 922 1838 950 ante
1863 915 1996 951 omnia

384 984 467 1010 rem
482 971 681 1009 militarem
695 972 880 1016 colerent,
910 969 1011 1006 uncle
1027 970 1067 1006 in
1084 979 1192 1018 caput
1207 966 1307 1006 orbis
1322 979 1506 1006 terrarum
1521 969 1608 1006 urbs
1623 980 1759 1006 eorum
1776 967 1992 1017 insurgeret.

382 1026 536 1080 Imperii
552 1027 722 1075 Spartani
745 1023 881 1062 fabrica
904 1024 1073 1061 universa
1095 1026 1194 1075 (non
1218 1023 1331 1060 nimis
1354 1024 1558 1073 prudenter
1573 1023 1740 1073 quidem,
1768 1023 1828 1060 secl
1843 1022 1996 1073 diligen-

383 1094 442 1120 ter
457 1080 604 1131 tamen)
635 1080 679 1117 ad
709 1081 818 1117 illum
842 1078 959 1116 finem
983 1081 1019 1116 ὅ(
1040 1080 1194 1132 scopum
1223 1077 1429 1128 composita
1454 1078 1503 1116 est
1530 1081 1568 1117 ὃ(
1596 1079 1815 1125 constructa,
1843 1087 1886 1116 ut
1899 1079 1998 1116 cives

386 1137 440 1176 sui
462 1138 739 1186 belligeratores
754 1134 880 1172 ess'ent.
937 1133 1133 1172 Persarum
1148 1136 1186 1171 &
1200 1134 1460 1172 Macedonum
1475 1134 1577 1172 idem
1591 1145 1670 1172 erat
1682 1134 1906 1181 institutum,
1934 1133 1997 1170 sed

385 1205 469 1231 non
486 1202 566 1230 tam
579 1189 749 1228 constans
764 1199 827 1226 aut
842 1187 1076 1227 diuturnum.
1106 1188 1284 1235 Britanni,
1306 1188 1416 1236 Galli,
1439 1189 1634 1237 Germani,
1659 1188 1792 1235 Gothi,
1819 1190 1997 1235 Saxones,

384 1248 622 1293 Normanni‚
653 1248 691 1282 ὅ(
712 1243 890 1282 nonnulli
907 1243 982 1290 alii,
1011 1244 1125 1282 etiam
1139 1245 1186 1281 ad
1210 1254 1358 1296 tempus
1372 1244 1482 1282 armis
1498 1244 1534 1282 se
1549 1246 1745 1296 praecipue
1759 1243 1995 1282 dediderunt.

386 1305 535 1340 Turcae
558 1300 660 1338 idem
681 1298 902 1345 institutum,
932 1300 1014 1348 lege
1030 1300 1092 1338 sua
1106 1299 1203 1337 haud
1218 1301 1412 1348 paululum
1440 1301 1663 1347 extimulati‚
1691 1299 1807 1337 hodie
1822 1300 1998 1348 retinent,

386 1358 450 1396 sed
473 1352 717 1406 magnacum
742 1353 899 1391 militiae
925 1353 1008 1392 suae
1039 1354 1099 1405 (ut
1119 1367 1221 1392 nunc
1246 1353 1312 1403 est)
1341 1353 1607 1392 declinatione.
1652 1356 1707 1392 v-1n
1721 1355 1873 1406 Europa
1887 1353 1997 1391 Chri-

386 1414 512 1458 stiana,
540 1423 631 1461 gens
650 1422 745 1459 quae
773 1409 867 1446 illud
889 1409 1010 1447 adhuc
1036 1410 1172 1448 retinet
1201 1411 1238 1447 &
1260 1409 1469 1459 profitetur,
1500 1408 1568 1447 soli
1598 1408 1683 1448 sunt
1705 1408 1870 1462 Hispani.
1925 1410 1998 1449 Ve-

388 1480 477 1505 rum
493 1480 550 1505 res
569 1465 620 1504 est
640 1476 718 1503 tam
734 1464 876 1514 liquida
892 1466 929 1501 ὅ(
945 1465 1147 1513 manifesta,
1176 1477 1490 1514 unumquemque
1510 1466 1550 1502 in
1565 1477 1613 1502 eo
1627 1464 1808 1516 proficere
1820 1465 1999 1511 maxime,

387 1525 432 1561 in
445 1535 524 1573 quo
538 1523 747 1572 plurimum
776 1519 961 1571 impendit
990 1520 1109 1567 studii,
1138 1530 1179 1558 ut
1194 1521 1315 1558 verbis
1329 1532 1412 1557 non
1427 1520 1604 1570 indigeat.
1663 1518 1755 1559 Satis
1768 1518 1811 1557 fit
1829 1518 1999 1566 innuisse,

389 1576 664 1630 desperandum
679 1573 843 1612 omnino
867 1576 978 1612 alicui
995 1577 1142 1613 nationi
1162 1575 1242 1623 esse,
1270 1588 1364 1625 quae
1380 1588 1460 1613 non
1483 1588 1524 1612 ex
1540 1575 1702 1627 professo
1724 1587 1828 1612 arma
1850 1577 1888 1612 ὅ(
1902 1574 1999 1612 mili-

390 1633 482 1671 tiam
508 1633 619 1678 colat,
648 1630 763 1679 iisque
782 1631 976 1680 praecipue
1003 1629 1143 1668 studeat
1173 1633 1210 1667 δε
1238 1630 1443 1677 incumbat,
1471 1629 1534 1668 fibi
1563 1630 1676 1668 veluti
1698 1632 1803 1668 ultro
1817 1629 2000 1668 obventu-

391 1700 472 1726 ram
498 1686 680 1737 insignem
709 1687 873 1733 aliquam
893 1684 1038 1735 imperii
1054 1685 1379 1735 magnitudinem:
1420 1687 1569 1723 Contra
1584 1696 1723 1733 autem,
1750 1681 2001 1725 certissimum

391 1744 463 1782 effe
481 1743 662 1793 temporis
677 1742 885 1787 oraculum,
913 1740 1085 1778 nationes
1107 1740 1198 1788 illas,
1226 1753 1320 1790 quae
1344 1741 1384 1778 in
1404 1753 1600 1778 armorum
1620 1737 1852 1792 professi0ne
1873 1742 1911 1777 ὅ(
1932 1739 2000 1778 stu-

390 1800 465 1836 diis
483 1798 621 1835 diutius
640 1795 922 1846 permanserint,
953 1795 1010 1845 <id
1033 1797 1136 1845 quod
1160 1798 1328 1835 Romani
1352 1798 1572 1844 Turcaeque
1595 1792 1833 1847 potissimum
1859 1793 1999 1844 fecere)

392 1853 509 1891 miros
525 1855 564 1889 in
580 1850 740 1904 imperio
758 1850 1022 1899 amplificando
1045 1851 1166 1888 facere
1180 1851 1398 1903 progressus.
1457 1850 1561 1903 Quin
1582 1853 1618 1887 ὅ(
1635 1852 1734 1898 illae,
1763 1863 1856 1900 quae
1871 1849 2002 1888 bellioe

392 1908 511 1957 gloria
535 1920 598 1958 per
624 1908 734 1944 unius
762 1906 1034 1943 tantummodo
1056 1905 1188 1943 saeculi
1207 1905 1367 1956 spatium
1394 1905 1577 1946 floruere;
1607 1906 1696 1943 inde
1716 1918 1857 1954 tamen,
1886 1907 2002 1944 unico

393 1965 465 2001 illo
479 1962 637 2009 saeculo,
666 1973 749 1998 eam
765 1962 914 2012 imperii
927 1959 1214 2011 amplitudinem
1229 1961 1406 1999 assecutae
1422 1960 1518 2008 sunt,
1540 1973 1656 2010 quam
1674 1963 1796 2013 longo
1809 1960 1891 2013 post
1905 1971 2000 2003 teme

393 2031 499 2070 pore,
527 2019 640 2055 etiam
656 2015 797 2054 remilla
813 2017 876 2053 illa
891 2027 1086 2054 armorum
1100 2015 1305 2066 disciplina,
1334 2018 1582 2054 retinuerunt.

450 2084 486 2123 7.
518 2074 828 2110 PRAECEPTO
858 2071 1093 2120 praecedenti
1119 2068 1231 2109 affine
1257 2072 1328 2114 est5
1358 2082 1398 2109 ut
1427 2072 1535 2109 status
1558 2072 1641 2123 quis
1669 2082 1795 2111 utatur
1813 2070 2000 2120 ejusmodi

393 2129 538 2179 legibus
566 2131 603 2165 ὅ(
631 2125 972 2173 consuetudinibus,
1008 2138 1103 2175 quae
1136 2126 1240 2172 justas
1272 2128 1328 2164 illi
1364 2126 1497 2173 causaS,
1533 2137 1595 2164 aut
1620 2126 1749 2165 saltem
1779 2138 2000 2180 praetextus,

393 2196 497 2222 arma
525 2182 741 2233 capessendi,
777 2191 957 2230 tanquam
988 2181 1027 2218 in
1054 2192 1235 2232 promptu
1262 2181 1482 2219 ministrent.
1537 2181 1701 2230 Etenim,
1744 2196 1787 2221 ea
1819 2183 1869 2220 est
1895 2181 2002 2221 infita

394 2237 530 2277 animis
546 2239 750 2276 hominum
769 2236 921 2282 justitiae
942 2234 1194 2287 apprehensio,
1225 2247 1266 2275 ut
1286 2237 1442 2285 bellum,
1474 2235 1594 2288 (quod
1615 2247 1675 2275 tot
1690 2237 1896 2287 sequuntur
1909 2239 2001 2276 cala-

396 2294 563 2343 mitates)
585 2291 652 2331 nist
667 2304 820 2343 gravem
840 2292 892 2329 ob
907 2292 1064 2339 causam,
1085 2291 1214 2330 saltem
1231 2291 1428 2345 speciosam
1443 2291 1581 2330 inferre
1595 2291 1811 2332 abstineant.
1867 2295 2003 2332 ‘furcis

395 2348 538 2400 praesto
564 2349 612 2386 est
637 2347 793 2397 semper,
822 2349 859 2384 ὃ(
887 2348 932 2384 ad
961 2358 1111 2395 nutum,
1141 2348 1231 2385 belli
1261 2347 1389 2388 causas
1431 2348 1649 2399 propagatio
1676 2348 1815 2387 scilicet
1842 2349 1936 2398 legis
1962 2351 2002 2387 &

396 2405 513 2442 festae
527 2404 622 2442 suae.
677 2403 858 2449 Romani,
887 2414 1102 2451 quanquam
1122 2414 1194 2454 pro
1208 2415 1350 2453 magno
1369 2403 1506 2440 decore
1525 2402 1809 2452 imperatoribus
1826 2405 1924 2453 apud
1938 2416 2002 2442 eos

396 2461 523 2506 fuerit,
552 2458 576 2496 fi
598 2459 691 2497 fines
714 2459 865 2508 imperii
891 2457 1060 2509 ipsorum
1079 2458 1326 2510 protulissent,
1353 2468 1482 2496 tamen
1511 2458 1562 2495 ob
1581 2458 1677 2495 hanc
1697 2458 1816 2496 solam
1840 2458 2002 2507 causam,

398 2525 440 2552 ut
457 2514 547 2552 fines
570 2514 839 2564 proferrentur,
869 2525 1064 2561 nunquam
1093 2513 1190 2551 bella
1213 2512 1458 2564 susceperunt.
1515 2512 1703 2564 Aspiranti
1726 2514 1840 2564 igitur
1859 2514 1904 2551 ad
1933 2516 2003 2552 im-

400 2571 546 2621 perium
561 2568 707 2607 nationi
722 2567 814 2606 illud
831 2567 869 2605 in
885 2579 993 2605 more
1008 2566 1050 2605 fit
1066 2582 1074 2605 :
1103 2579 1144 2606 ut
1159 2567 1306 2606 sensum
1326 2568 1458 2605 habeat
1472 2566 1637 2605 vividum
1653 2567 1692 2605 ὅτ,
1707 2581 1828 2606 acrem
1846 2568 2003 2614 injuriae

399 2625 565 2671 alicujus,
593 2626 651 2662 vel
675 2622 829 2662 subditis
852 2621 922 2660 suis
937 2621 1147 2670 limitaneis,
1175 2625 1235 2661 vel
1257 2623 1526 2660 mercatoribus
1548 2624 1606 2661 vel
1635 2624 1794 2673 publicis
1816 2623 2001 2672 ministris,

400 2677 546 2719 illatae;
588 2691 709 2730 neque
741 2691 761 2716 a
794 2679 913 2728 prima
949 2679 1221 2727 provocatione
1259 2677 1398 2716 diutius
1431 2688 1578 2728 torpeat
1607 2689 1668 2715 aut
1707 2679 1839 2716 tardet.
1892 2681 2002 2727 Item,

402 2744 578 2784 prompta
606 2732 647 2770 fit
668 2733 706 2769 &
732 2734 859 2770 alacris
879 2733 924 2770 ad
944 2731 1075 2770 auxilia
1090 2732 1274 2770 mittenda
1288 2732 1396 2770 sociis
1424 2731 1493 2770 suis
1517 2735 1553 2770 ὅ(
1581 2733 1802 2772 foederatis:
1841 2734 1884 2771 Id
1896 2736 2002 2786 quod

403 2798 625 2838 perpetuum
654 2799 728 2825 erat
755 2789 852 2838 apud
874 2790 1094 2826 Romanos:
1124 2789 1219 2826 adeo
1243 2798 1295 2835 ut,
1324 2786 1350 2825 fi
1369 2787 1468 2826 forte
1487 2790 1527 2826 in
1549 2790 1734 2838 populum
1754 2789 2002 2837 foederatum,

403 2844 465 2879 cui
491 2842 600 2879 ctiam
628 2854 716 2880 cum
745 2842 822 2880 aliis
842 2843 974 2883 foedus
1000 2841 1229 2882 tlefenfivum
1259 2842 1517 2891 intercederet,
1547 2844 1687 2881 hostilis
1701 2841 1890 2896 impreflio
1909 2844 2002 2890 fasta

403 2896 490 2935 ess'ct
508 2910 517 2937 ;
545 2907 654 2945 atque
675 2899 738 2934 ille
758 2910 778 2934 a
797 2897 964 2949 plurimis
993 2897 1170 2950 suppetias
1193 2909 1360 2949 peteret3
1390 2898 1557 2937 Romani
1579 2897 1753 2936 omnium
1780 2897 1890 2949 primi
1910 2899 2002 2938 sem-

404 2963 469 3002 per
504 2951 676 2997 adeffent‚
715 2952 880 2990 beneficii
910 2953 1022 2991 decus
1057 2953 1202 2991 nemini
1238 2954 1540 3004 praeripiendum
1566 2955 1830 3002 relinquentes.
1885 2955 2003 3006 Quod

395 3017 496 3045 ⁴vero
523 3007 656 3043 attinet
684 3007 730 3043 ad
751 3007 858 3053 bella,
884 3009 1047 3060 antiquis
1065 3009 1311 3061 temporibus,
1338 3019 1491 3060 propter
1513 3008 1670 3046 statuum
1691 3010 2002 3049 conformitatem

404 3062 607 3111 quandam,
632 3071 695 3100 aut
718 3061 1088 3112 correspondentiam
1110 3063 1274 3112 tacitam,
1299 3061 1405 3114 gesta,
1434 3075 1515 3102 non
1534 3063 1655 3110 video,
1686 3062 1723 3101 in
1739 3077 1818 3113 quo
1839 3065 1920 3112 jure
1940 3066 2003 3102 illa

1852 3119 2002 3157 fundata
