2040 3439
116 153 288 212 rffiu
504 165 831 212 Novum
906 169 1385 216 ORGANUM.
1817 196 1912 243 3&

173 266 362 302 VERUM
396 264 442 301 de
477 263 653 301 instantiis
675 263 888 307 hujusmodi
911 265 1215 316 propositionum
1239 260 1397 307 fixarum
1415 269 1616 319 *supersunt
1650 273 1729 311 duo

120 321 277 365 monita,
307 331 400 368 quae
421 318 523 356 utilia
544 318 628 356 sunt
657 318 756 356 adid
787 321 890 367 quod
913 323 1046 369 agitur.
1104 322 1285 370 Primum,
1318 334 1357 361 ut
1385 323 1411 362 si
1440 326 1600 364 defuerit
1617 328 1726 377 plane

99 373 330 413 &universalis
357 370 578 411 affirmativa
605 385 668 410 aut
696 373 876 423 negativa,
906 377 1000 413 illud
1020 377 1140 426 ipsum
1155 378 1357 427 diligenter
1373 390 1527 418 notetur
1547 392 1724 431 tanquam

105 441 300 472 *non-ens:
330 427 419 466 ficut
435 427 590 466 fecimus
605 429 651 465 de
677 430 811 475 calid0‚
828 431 891 467 ubi
908 431 1123 468 universalis
1147 433 1317 482 negativa
1338 435 1533 483 (quatenus
1549 437 1593 474 ad
1610 440 1722 485 entia,

115 497 209 533 φεῦ
241 484 286 521 ad
317 484 479 521 nostram
504 482 681 520 notitiam
705 487 957 532 pervenerint)
981 488 1020 522 in
1049 499 1176 524 rerum
1200 499 1335 526 ‚natura
1363 490 1470 528 deest.
1530 491 1721 539 Similiter,

109 537 139 577 fi
158 549 287 576 natura
309 537 478 587 inquifita
506 536 548 575 fir
570 548 765 575 aeternum
791 550 854 576 aut
869 539 1155 590 incorruptibile
1171 559 1184 584 ,-
1216 543 1314 580 deest
1333 541 1553 583 affirmativa
1576 550 1721 585 univer-

113 593 194 632 salis
213 593 274 631 hic
292 593 390 643 apud
415 605 496 630 nOS.
555 596 693 642 Neque
714 596 818 630 enim
846 597 1049 645 praedicari
1069 598 1187 646 potest
1202 609 1396 636 aeternum
1418 611 1479 638 aut
1499 600 1722 654 incorrupti-

112 647 186 686 bile
221 649 268 686 de
301 650 429 700 aliquo
458 660 619 700 corpore
654 661 800 696 eorum,
831 662 924 697 quae
946 651 1042 688 infra
1071 650 1352 694 coelestiasunt,
1383 666 1444 692 aut
1475 655 1579 707 supra
1595 659 1720 695 interi-

111 716 176 742 ora
203 715 332 741 terrae.
388 702 566 741 Alterum
601 703 790 740 monitum
816 705 877 750 est]
906 716 945 742 ut
982 706 1302 757 propositionibus
1335 710 1612 759 universalibus,
1640 723 1717 750 tani

110 755 340 797 affirmativis
361 770 472 807 quam
491 757 668 808 negativis
687 759 732 795 dc
753 760 882 807 aliquo
901 772 1093 808 concreto,
1123 761 1394 812 subjungantur
1413 762 1521 802 simul
1561 779 1603 803 ea
1626 779 1714 805 eon-

109 823 230 860 crera„
250 826 342 862 quae
358 815 528 866 proxime
557 812 729 850 videntur
744 814 917 852 accedere
937 815 983 852 ad
1002 815 1038 852 id
1055 817 1158 864 quod
1175 817 1223 853 est
1239 829 1280 854 ex
1307 821 1553 857 non-entibus
1570 835 1578 857 :
1610 833 1650 859 ut
1678 822 1716 859 in

89 870 244 913 ·calore,
272 869 447 906 flammae
477 865 719 905 molliffimae
748 871 784 905 ὅ(
812 869 1017 907 minimum
1033 871 1253 912 adurentes3
1284 873 1323 908 in
1339 871 1629 923 incorruptibili,
1657 889 1719 915 au-

108 934 208 971 rum,
236 924 339 975 quod
367 926 538 973 proxime
561 925 713 960 accedit.
774 925 918 960 Omnia
938 924 1044 962 enim
1075 925 1137 962 ista
1165 925 1332 964 indicant
1358 930 1543 966 terminos
1563 941 1717 968 naturae

89 977 206 1016 :imcr
242 991 307 1016 ens
336 981 373 1016 ὅ(
400 991 563 1016 non-ens
583 996 595 1020 ,-
629 981 664 1015 &
688 977 829 1015 faciunt
858 980 902 1015 ad
924 979 1282 1030 circumscriptiones
1304 982 1525 1030 formarum,
1554 997 1603 1022 ne
1633 987 1717 1036 glis-

100 1044 194 1071 1cant
223 1036 259 1070 ὅ(
287 1044 467 1083 vagentur
487 1045 587 1070 extra
610 1033 851 1070 conditiones
885 1033 1068 1071 materiae.

109 1105 111 1112 ⁴
160 1090 332 1127 XXXIV.
363 1091 522 1126 INTER
561 1091 835 1138 praerogativas
863 1087 1130 1136 instantiarum,
1159 1103 1345 1141 ponemus
1373 1093 1462 1130 loco
1487 1094 1717 1132 duodecimo

86 1142 198 1194 -ipsas
226 1145 306 1181 illas
334 1145 519 1181 instantias
560 1142 815 1189 subjunciim
844 1144 890 1180 de
925 1145 1059 1192 quibus
1089 1147 1129 1181 in
1163 1144 1344 1197 superiori
1381 1147 1599 1199 aphorismo
1628 1149 1717 1188 dixi-

100 1202 214 1236 hams:
251 1211 339 1247 quas
354 1198 467 1236 etiarn
495 1197 682 1236 instantias
711 1199 921 1235 ultimitatis
950 1197 1020 1236 five
1053 1198 1206 1237 termini
1235 1203 1417 1250 appellare
1441 1204 1714 1242 consuevimus.

107 1255 246 1302 Neque
265 1255 369 1290 enim
398 1253 615 1298 hujusmodi
638 1253 828 1290 instantiae
857 1255 967 1291 utiles
991 1254 1075 1292 sunt
1096 1265 1256 1302 tantum,
1285 1267 1469 1307 quatenus
1489 1257 1716 1308 subjungun-

103 1319 168 1346 tur
195 1307 512 1360 propositionibus
535 1308 639 1349 fixis3
667 1319 798 1345 verum
819 1310 933 1345 etiam
953 1321 1018 1360 per
1040 1309 1075 1346 se
1102 1312 1138 1346 ὅ(
1164 1308 1203 1346 in
1233 1310 1457 1362 proprietate
1486 1312 1557 1351 sua.
1616 1315 1715 1352 Indi-

102 1373 190 1400 cant
223 1365 326 1402 enim
359 1376 440 1401 non
473 1363 628 1400 obscure
657 1375 757 1400 veras
794 1362 973 1400 scffiones
1009 1374 1172 1411 naturae,
1209 1367 1245 1402 ὅ(
1274 1366 1463 1404 meniiiras
1496 1381 1635 1415 rerum,
1676 1372 1713 1407 ὃ(

103 1416 197 1455 illud
220 1419 414 1467 quousque
439 1429 569 1456 natura
599 1418 691 1466 quid
719 1418 828 1455 faciat
850 1420 885 1455 &
919 1418 1025 1464 ferat,
1054 1421 1090 1456 ὅ(
1118 1420 1255 1457 deinde
1282 1414 1453 1459 transitus
1481 1434 1633 1460 naturae
1667 1425 1714 1461 ad

88 1473 215 1510 uliud.
273 1475 380 1510 Talia
397 1474 507 1515 sunt,·
539 1485 684 1519 aurum,
714 1475 754 1509 in
770 1474 964 1522 ponderes
994 1474 1149 1520 ferrum,
1178 1473 1216 1511 in
1236 1475 1402 1517 duritie3
1433 1487 1524 1524 cete,
1542 1479 1582 1514 in
1598 1490 1712 1526 quan-

95 1530 209 1565 titate
230 1527 471 1569 animalium3
499 1529 611 1574 canis,
641 1529 681 1564 in
707 1528 854 1569 odores
885 1528 1138 1566 inflammatio
1168 1529 1325 1579 pulveris
1353 1533 1462 1582 pyrii,
1492 1534 1531 1569 in
1554 1532 1711 1584 expansi-

73 1603 78 1609 «
100 1595 177 1620 one
205 1585 336 1624 celeth
366 1586 402 1620 &
423 1584 493 1620 alia
515 1583 554 1620 id
581 1594 712 1632 genus.
767 1585 853 1620 Nec
873 1585 1000 1621 minus
1021 1584 1227 1623 exhibenda
1246 1585 1331 1622 sunt
1357 1598 1410 1632 ea,
1430 1599 1526 1635 quae
1548 1587 1632 1625 sunt
1658 1590 1709 1625 ul-

44 1673 48 1677 ,
98 1640 194 1675 tima
212 1639 329 1688 gradu
353 1638 500 1685 infimo,
530 1650 642 1686 quam
673 1649 766 1686 quae
783 1637 977 1687 supremo:
1007 1649 1049 1676 ut
1064 1638 1208 1688 spiritus
1223 1641 1314 1685 vini,
1338 1642 1378 1677 in
1399 1642 1567 1690 pondere
1588 1656 1598 1684 3
1627 1642 1710 1680 seri-

74 1705 200 1739 ·cum,
230 1695 270 1730 in
292 1694 479 1734 mollitie3
509 1691 701 1731 vermiculi
725 1694 832 1738 cutis,
861 1692 899 1729 in
919 1695 1127 1744 quantitate
1147 1693 1396 1736 animalium3
1426 1698 1632 1734 &caerem

151 1749 308 1786 XXXV.
340 1750 493 1785 INTER
517 1749 787 1800 praerogativas
815 1748 1097 1791 instantiarum3
1128 1761 1314 1799 ponemus
1335 1751 1424 1787 loeo
1455 1751 1605 1789 decimo
1640 1764 1711 1790 ter-

100 1801 157 1840 tio
181 1803 370 1840 instantias
399 1803 560 1840 foederis
580 1801 651 1839 live
674 1801 836 1839 unionis.
892 1805 966 1840 Eae
994 1803 1089 1851 sunt,
1119 1816 1213 1852 quae
1227 1804 1470 1843 confundunt
1492 1808 1527 1843 δε
1544 1808 1710 1844 adunant

98 1869 261 1904 naturaS‚
290 1870 384 1909 quae
405 1857 655 1895 existimantur
679 1856 748 1894 effe
764 1858 1065 1908 heterogeneae3
1095 1861 1131 1896 ὃς
1161 1871 1233 1910 pro
1248 1859 1383 1897 talibus
1397 1870 1579 1898 notantur
1595 1864 1630 1899 δε
1645 1860 1710 1911 sig-

76 1933 78 1937 ·
98 1922 237 1950 nantut
256 1925 320 1962 per
336 1911 533 1950 divisiones
561 1922 734 1964 receptas.

118 1976 121 1977 ’
151 1968 224 2005 Ar
253 1968 447 2005 instantiae
475 1968 638 2005 foederis
665 1964 865 2005 ostendunt
886 1970 1124 2017 operationes
1153 1970 1190 2006 ὅ(
1216 1967 1380 2015 effectus,
1409 1982 1504 2020 quae
1530 1971 1709 2020 deputan-

70 2044 73 2047 ·
95 2032 160 2060 mr
180 2024 290 2060 alicui
320 2035 362 2060 ex
397 2024 470 2059 illis
502 2023 762 2072 heterogeneis
781 2032 823 2060 ut
850 2025 1010 2074 propria,
1037 2034 1257 2074 competere
1269 2025 1382 2060 etiam
1404 2026 1484 2061 aliis
1499 2037 1542 2062 ex
1563 2026 1709 2063 hetero-

97 2079 248 2126 geneis3
276 2088 318 2115 ut
342 2079 587 2115 convincatur
605 2077 665 2114 ista
678 2077 928 2127 heterogcnea
939 2076 1051 2126 (quae
1074 2077 1113 2115 in
1134 2080 1318 2129 opinione
1334 2076 1398 2127 est)
1425 2091 1508 2116 vera
1529 2092 1609 2117 non
1626 2081 1708 2127 effe,

98 2143 163 2169 aut
192 2132 410 2174 effenrialis3
439 2133 501 2169 scd
533 2132 587 2170 nil
625 2133 724 2169 aliud
755 2132 835 2179 effe,
879 2145 993 2181 quam
1036 2132 1266 2170 modificatio
1296 2143 1448 2171 naturae
1481 2133 1706 2172 communis.

94 2188 251 2238 Optimi
280 2187 404 2236 itaque
429 2187 514 2225 sunt
543 2187 627 2224 usus
647 2188 692 2223 ad
721 2188 944 2225 elevandum
974 2190 1010 2225 ὅ(
1040 2188 1275 2225 evehendum
1305 2189 1538 2226 intelleimm
1560 2201 1578 2225 a
1604 2189 1708 2227 diffc—

97 2241 228 2279 r-entiis
257 2243 303 2280 ad
323 2254 471 2292 genera,
501 2245 538 2280 δε
567 2243 612 2280 ad
633 2243 849 2279 tollendum
875 2244 989 2279 larvas
1016 2245 1051 2279 S:
1081 2241 1296 2279 simulachra
1326 2254 1462 2290 rerum,
1491 2255 1604 2292 prout
1645 2257 1708 2282 oc-

94 2307 251 2334 currunt
281 2300 317 2335 &t
346 2297 537 2349 prodeunt
562 2296 777 2346 personatae
802 2299 842 2334 in
864 2296 1065 2335 substantiis
1091 2299 1289 2334 concretis,

150 2353 379 2389 EXEMPLI
395 2351 528 2401 gratia:
558 2351 599 2389 lit
616 2361 745 2389 natura
771 2351 954 2400 inquisita,
979 2352 1154 2389 calidum.
1213 2350 1390 2389 OmnIno
1405 2351 1551 2390 videtur
1572 2353 1639 2391 ess‘e
1655 2354 1708 2391 di-

98 2405 191 2444 visio
213 2406 377 2444 solennis
401 2410 437 2444 δε
465 2407 690 2453 authentica,
720 2408 826 2456 quod
848 2406 918 2444 lint
946 2407 1014 2444 tria
1047 2419 1182 2456 genera
1213 2408 1372 2444 caloris:
1401 2406 1571 2445 videlicet
1605 2410 1708 2446 calor

95 2461 325 2509 coelestium,
354 2463 455 2499 calor
485 2461 718 2506 animalium,
747 2464 783 2499 &
804 2463 907 2499 calor
922 2460 1042 2511 ignis:
1071 2462 1249 2510 quodque
1278 2460 1330 2497 isti
1359 2462 1500 2499 calores
1534 2462 1707 2512 (praeser-

95 2517 166 2553 tim
197 2529 292 2555 unus
323 2530 365 2554 ex
390 2518 474 2563 illis,
505 2527 742 2567 comparatus
770 2517 815 2554 ad
838 2518 1002 2565 reliquos
1022 2517 1128 2563 duos)
1164 2514 1233 2554 lint
1255 2514 1328 2565 ipsa
1349 2515 1496 2554 ess'entia
1518 2519 1556 2554 ὃ(
1579 2517 1706 2568 specie,

96 2569 167 2609 five
184 2582 316 2609 natura
332 2572 508 2622 specifica,
537 2571 751 2609 differentes
767 2573 927 2623 &plane
949 2572 1220 2621 heterogenei:
1248 2571 1571 2622 Quandoquidem
1605 2574 1708 2610 calor

94 2627 310 2664 coelestium
331 2630 368 2664 δ(
390 2628 612 2664 animalium
632 2637 786 2676 generet
806 2630 842 2664 &
863 2627 1000 2672 foveat,
1029 2637 1065 2664 at
1094 2628 1196 2665 calor
1231 2625 1327 2675 ignis
1347 2637 1476 2663 contra
1491 2638 1706 2677 corrumpat

95 2683 132 2718 δε
151 2681 320 2719 destruat.
376 2681 437 2718 Est
455 2683 582 2730 itaque
608 2680 775 2728 instantia
804 2682 967 2719 foederis
1006 2682 1306 2731 experimentum
1342 2679 1434 2718 illud
1468 2681 1551 2719 satis
1584 2685 1706 2732 vulga-

94 2745 190 2783 tum,
219 2749 307 2774 eum
336 2735 510 2786 recipitur
531 2748 655 2773 ramus
685 2735 816 2787 aliquis
844 2738 929 2774 vitis
955 2739 1053 2773 intra
1076 2736 1251 2782 domum,
1283 2745 1324 2773 ut
1345 2734 1386 2772 lit
1406 2736 1512 2774 focus
1532 2732 1706 2783 assiduus,

94 2801 137 2828 ex
165 2804 243 2839 quo
265 2791 520 2829 maturescunt
544 2804 647 2837 uvae,
679 2792 792 2828 eriam
821 2791 950 2828 mense
980 2793 1130 2839 integro
1158 2790 1266 2828 citius
1294 2802 1407 2838 quam
1430 2790 1553 2828 foras:
1583 2793 1635 2828 lta
1667 2804 1705 2828 ut

95 2846 298 2884 maturatio
327 2847 466 2884 fruitus
495 2848 610 2884 etiam
631 2846 828 2895 pendentis
857 2845 964 2896 super
988 2846 1163 2883 arborem
1191 2842 1411 2896 fieripossk,
1442 2846 1637 2884 scilicetab
1656 2849 1705 2895 ig-

95 2911 157 2947 ne,
185 2913 271 2939 cum
301 2901 374 2939 hoc
403 2900 523 2950 ipsum
542 2901 712 2938 videatur
727 2900 797 2938 effe
812 2913 906 2949 opus
935 2902 1134 2952 proprium
1156 2899 1253 2938 solis.
1311 2902 1440 2949 Itaque
1468 2902 1514 2938 ab
1539 2901 1612 2937 hoc
1639 2903 1706 2937 ini-

94 2956 151 2991 tio
178 2956 284 2993 facile
300 2956 457 3005 insurgit
478 2955 698 3001 intellectus,
729 2957 920 3007 repudiata
949 2956 1197 3004 heterogenea
1220 2954 1417 3002 essentiali,
1446 2957 1491 2993 ad
1521 2954 1704 3002 inquiren-

93 3009 185 3046 dum
212 3023 305 3062 quae
319 3009 388 3049 fint
409 3010 642 3049 differentiae
670 3011 765 3056 illae,
795 3022 890 3061 quae
914 3023 1039 3048 revera
1056 3013 1292 3061 reperiuntur
1311 3013 1410 3048 inter
1429 3013 1592 3048 calorem
1622 3009 1706 3046 solis
