2040 3465
83 170 111 219 ΝΟ

154 172 182 214 Ν,

354 146 941 224 REDARGuTto
990 138 1798 206 PfflLOSOPfflARUM.

312 258 389 293 ΙΤΑ
401 263 498 305 Qui:
517 250 563 287 ab
579 246 784 286 Aristotele
799 242 928 290 exorfi,
949 243 1179 281 memoriam
1195 240 1364 288 vestram,
1379 240 1462 288 filii,
1485 241 1672 291 testamur,
1695 242 1721 282 fi
1735 247 1778 284 in
1790 247 1895 298 physa

260 300 338 350 sicis
358 309 436 354 ejus
451 309 488 344 ὅτ.
503 299 773 355 metaphysicis,
802 311 885 337 non
901 297 1043 348 saepius
1057 295 1268 335 dialecticae
1283 308 1398 346 quam
1413 307 1569 336 naturae
1585 309 1697 336 voces
1710 301 1881 341 audiatis.

261 364 366 418 Quid
386 365 489 402 enim
506 358 614 398 solidi
629 358 675 394 ab
691 368 740 393 eo
763 354 899 405 sperari
914 349 1028 403 poflit
1051 354 1117 402 qui
1135 354 1326 390 mundum
1354 361 1535 403 tanquam
1549 365 1570 390 e
1586 355 1781 403 categoriis
1796 356 1882 395 effe-

261 419 351 459 cerit
367 422 377 455 ?
405 419 469 471 qui
493 415 692 464 negotium
719 411 896 447 materiae
916 411 954 446 δε
968 409 1089 455 vacui,
1117 409 1159 453 ὃ(
1175 404 1331 445 raritatis
1348 408 1386 444 ὅ(
1404 405 1593 444 densitatis
1606 420 1672 457 per
1685 410 1883 451 distffiffio„

262 487 353 514 nem
364 474 463 511 aetus
477 473 513 508 ὅ(
530 468 724 521 potentiae
742 464 985 514 transegerit?
1013 461 1077 512 qui
1095 463 1246 501 animae
1260 473 1380 512 genus
1390 474 1472 499 non
1489 464 1616 500 multo
1625 466 1761 503 melius
1769 479 1885 516 quam

264 544 308 569 cx
322 530 478 568 vocibus
494 524 675 563 secundae
689 520 914 558 intentionis
928 518 1103 557 tribuerit
1118 521 1130 554 Ξ
1159 518 1307 562 Verum
1323 517 1414 554 haec
1429 517 1474 554 ad
1491 530 1548 554 res
1565 517 1655 567 ipsas
1671 531 1882 569 penetrant,

264 581 393 632 Itaque
413 583 459 620 ab
474 578 690 625 hujusmodi
707 575 883 613 sermone
895 572 1152 612 absistendum.
1209 573 1314 611 Nam
1327 583 1417 610 cum
1432 573 1885 622 confutationemjustam

267 640 457 678 instituere
487 633 726 674 immemoris
749 631 860 682 plane
875 628 938 667 fit:
969 631 1020 666 ita
1040 631 1077 666 ὅ(
1096 629 1301 680 opiniones
1325 629 1425 665 tanti
1445 628 1616 666 hominis
1643 642 1708 679 per
1730 631 1889 682 satyram

266 692 510 748 perstringere
523 688 723 742 superbum
743 686 856 724 foret.
913 683 1026 734 Signa
1041 693 1168 722 autem
1190 684 1231 720 in
1245 683 1316 719 illo
1328 695 1410 721 non
1426 682 1539 730 bona,
1567 687 1673 732 quod
1688 687 1888 738 ingenium

269 752 469 788 incitatum
485 749 522 785 ὅ(
540 745 577 783 se
592 743 815 794 proripiens,
844 752 916 778 nee
938 741 1080 777 alienae
1100 736 1344 788 cogitationis
1359 749 1430 776 nec
1451 739 1623 790 propriae
1639 740 1717 780 fere
1730 745 1886 794 patiens.

270 805 380 854 quod,
396 802 657 853 quaestionum
674 797 822 843 artifex,
838 795 944 845 quod
966 794 1333 832 contradictionibus
1356 795 1574 841 continuus,
1603 799 1709 842 quod
1725 801 1887 848 antiqui-

271 863 338 899 tati
367 859 520 897 infestus
548 858 585 892 δε
611 853 805 899 insultam,
835 851 940 901 quod
970 848 1130 899 quacssta
1157 849 1363 886 obscuritas
1392 849 1462 891 est5
1490 851 1561 888 alia
1585 853 1762 901 plurima,
1795 866 1891 904 quae

273 915 404 955 onmia
418 912 672 954 maai-sterium
693 907 850 958 sapiunt,
881 918 963 944 non
983 904 1272 954 inquisitionem
1289 906 1466 942 veritatis.

329 973 471 1023 QUOD
481 955 512 1006 ‘fi
527 968 609 1016 quis
622 965 668 1002 ad
685 963 787 1007 hacc,
818 961 1012 1000 censuram
1030 973 1111 998 rem
1127 961 1340 1014 proclivem
1355 959 1505 998 fortass'e
1520 960 1601 1010 effe,
1624 963 1720 1000 illud
1736 965 1894 1004 interim

276 1028 455 1071 constare,
492 1021 572 1074 post
597 1018 812 1057 Aristotelis
837 1029 952 1070 opera
980 1017 1092 1063 edita,
1129 1017 1307 1066 pleraque
1329 1016 1579 1065 antiquorum
1608 1018 1726 1068 veluti
1749 1019 1895 1059 deserta

276 1080 491 1120 exolevisse:
522 1076 617 1129 apud
633 1083 808 1126 tempora
823 1083 950 1110 autem
965 1084 1062 1122 quae
1077 1071 1231 1121 sequuta
1246 1069 1344 1118 sunt,
1364 1069 1419 1108 nil
1434 1072 1571 1110 melius
1585 1074 1788 1113 inventum
1801 1075 1894 1115 effe:

277 1148 461 1187 magnum
475 1137 600 1185 itaque
616 1133 740 1168 virum
754 1128 1013 1174 Aristotelem,
1029 1125 1094 1176 qui
1106 1137 1312 1176 utrumque
1325 1135 1474 1176 tempus
1486 1127 1532 1165 ad
1548 1127 1584 1165 se
1596 1130 1768 1168 traxerit:
1782 1141 1898 1181 atquc

277 1190 475 1231 verisImile
491 1190 560 1228 esse
583 1183 863 1237 philosophiam
879 1185 920 1221 in
936 1195 985 1221 co
1007 1181 1091 1235 ipso
1105 1193 1288 1232 tanquam
1309 1181 1411 1219 sedes
1425 1181 1512 1219 fixas
1532 1182 1702 1232 posuisse,
1730 1195 1773 1224 ut
1795 1185 1893 1226 nihi-i

278 1248 384 1287 restet
399 1244 468 1284 nisi
481 1255 522 1283 nt
537 1241 780 1281 conservetur
797 1242 834 1278 ὅ(
850 1249 1019 1277 ornetur.
1077 1239 1173 1288 Ego,
1203 1235 1283 1283 filii,
1310 1236 1586 1286 cogitationem
1606 1238 1704 1278 hanc
1721 1240 1793 1279 effe
1806 1241 1897 1280 exis}

279 1306 378 1342 timo
390 1301 563 1345 hominis
574 1298 634 1335 vel
647 1293 824 1347 imperiti,
845 1295 904 1333 vel
919 1293 1085 1347 partibus
1100 1293 1245 1340 infeffi,
1263 1294 1321 1330 vel
1337 1290 1482 1330 desidis.
1538 1293 1598 1331 Est
1612 1296 1718 1333 enim
1734 1296 1794 1347 (ut
1805 1297 1899 1337 dicit

280 1358 469 1409 scriptura)
488 1351 621 1393 desidia
634 1352 832 1402 quaedam,
862 1362 957 1400 quae
977 1347 1043 1387 fibi
1057 1349 1220 1401 prudens
1234 1348 1384 1386 videtur
1398 1350 1435 1385 ὅ(
1451 1347 1685 1399 septemplici
1702 1352 1897 1390 rationum

278 1414 449 1466 pondere
474 1412 636 1462 gravior.
692 1406 826 1456 Atque
853 1404 1110 1457 proculdubio
1139 1403 1177 1451 (fi
1191 1416 1323 1441 verum
1345 1404 1514 1441 omnino
1533 1403 1740 1446 dicendum
1754 1407 1819 1456 est)
1838 1405 1901 1446 issa

280 1467 414 1508 desidia
437 1467 547 1510 hujus
575 1464 772 1516 opinionis
798 1460 1011 1500 invenietur
1030 1471 1112 1510 pars
1126 1461 1186 1497 vel
1207 1460 1391 1499 maxima3
1420 1458 1515 1497 dum
1541 1457 1728 1500 humanae
1747 1473 1902 1503 naturae

284 1526 452 1575 ingenita
476 1520 646 1573 superbia
674 1517 771 1556 vitiis
799 1518 960 1570 propriis
974 1528 1057 1553 non
1079 1516 1204 1553 solum
1225 1511 1436 1565 ignoscens,
1465 1527 1598 1553 verum
1622 1518 1739 1555 ctiam
1753 1519 1902 1558 cultum

284 1579 472 1630 quendam
489 1575 729 1628 prophanum
745 1575 953 1611 attribuens
963 1585 973 1613 3
1003 1571 1180 1609 laborum
1197 1573 1233 1608 ὃ(
1248 1568 1464 1619 inqui-rendi
1477 1572 1514 1607 δε
1528 1572 1744 1621 experiendi
1758 1573 1903 1624 fugam,

285 1647 357 1686 pro
385 1647 427 1672 ea
453 1644 548 1682 quae
574 1627 795 1681 prudentizle
819 1639 949 1666 comes
972 1624 1014 1664 sit
1038 1622 1263 1673 diffidentia,
1292 1635 1516 1662 veneretur:
1547 1638 1675 1676 neque
1700 1629 1753 1666 ita
1773 1630 1904 1668 multo

285 1691 366 1743 post
382 1686 550 1727 socordia
572 1683 808 1735 singulorum
828 1683 1013 1730 judicium
1029 1683 1067 1719 &
1081 1681 1352 1720 authoritatem
1377 1678 1636 1720 universorum
1651 1683 1903 1734 repraesentet

284 1751 323 1785 ὃ(
343 1740 509 1794 effingat.

341 1803 440 1839 Nos
455 1809 550 1836 vero
562 1797 691 1846 primo
706 1793 800 1831 illud
815 1794 1106 1842 interrogamus.
1162 1791 1231 1829 An
1246 1791 1299 1829 ob
1313 1789 1407 1830 illud
1422 1792 1479 1830 vir
1495 1803 1654 1844 magnus
1668 1791 1907 1844 Aristoteles,

288 1855 393 1907 quod
419 1863 625 1900 utrumque
653 1861 804 1900 tempus
832 1850 1015 1887 traxerit?
1054 1848 1172 1885 Certe
1201 1858 1380 1898 magnus:
1409 1847 1538 1885 Itane?
1572 1848 1631 1887 At
1666 1858 1750 1888 non
1782 1852 1907 1897 major

286 1923 400 1963 quam
422 1905 672 1959 impostorum
698 1906 895 1942 maximus.
954 1902 1162 1953 Impostura
1190 1904 1309 1950 enirn,
1339 1912 1452 1952 atque
1475 1903 1572 1942 adeo
1589 1905 1772 1957 principis
1783 1907 1910 1959 impo-

287 1969 416 2012 sturae,
444 1959 679 2008 Antichristi,
708 1960 800 1998 haec
833 1957 1089 2010 praerogativa
1125 1955 1319 2008 fingularis
1346 1956 1407 1995 est.
1465 1957 1566 1997 Veni
1604 1959 1746 2012 (inquit
1773 1964 1913 2001 veritas

291 2021 378 2075 ipsa)
401 2021 443 2058 in
463 2019 614 2057 nomine
632 2015 770 2070 patris
793 2014 880 2062 mei,
908 2026 978 2053 nec
1004 2013 1182 2066 recipitis
1203 2025 1284 2050 me:
1299 2010 1344 2062 st
1364 2013 1454 2066 quis
1473 2015 1632 2053 venerit
1658 2016 1810 2057 nomine
1820 2015 1910 2070 sne,

290 2088 375 2116 eum
403 2073 612 2127 recipietis.
672 2069 888 2110 Audistisne
906 2069 997 2108 filii?
1027 2068 1134 2108 sensu
1150 2081 1233 2107 non
1257 2071 1414 2121 proprio
1441 2079 1553 2117 certe,
1583 2069 1645 2110 sed
1667 2073 1909 2121 pio&ve10‚

290 2135 357 2185 qui
380 2130 420 2170 in
449 2130 617 2174 nomine
631 2125 864 2178 paternitatis
887 2135 951 2164 aut
981 2123 1214 2174 antiquitatis
1237 2123 1395 2171 venerit,
1423 2137 1508 2163 non
1535 2136 1731 2179 receptum
1755 2127 1814 2175 iri,
1839 2131 1910 2178 qui

290 2199 417 2226 autem
445 2187 570 2236 priora
602 2182 888 2234 prosternendo,
916 2180 1154 2228 destruendo,
1183 2179 1456 2218 authoritatem
1498 2177 1564 2218 fibi
1599 2181 1844 2233 usurpaverit,
1871 2185 1911 2223 δι

293 2243 333 2281 in
346 2244 505 2280 nomine
526 2238 685 2293 proprio
706 2239 864 2285 venerit,
893 2248 983 2275 eum
1012 2236 1191 2274 homines
1222 2235 1336 2284 sequi.
1393 2234 1523 2287 Atque
1546 2234 1572 2273 fi
1587 2238 1672 2286 quis
1687 2249 1856 2287 unquam
1870 2240 1912 2277 in

292 2297 527 2351 philosophia
542 2297 582 2333 in
594 2295 755 2333 nomine
770 2291 929 2346 proprio
942 2293 1059 2339 venit,
1088 2290 1116 2329 is
1127 2290 1176 2329 cst
1191 2289 1422 2338 Aristoteles,
1451 2304 1515 2344 per
1532 2294 1667 2330 omnia
1676 2290 1745 2330 fibi
1759 2294 1912 2341 author,

293 2356 434 2405 quique
449 2353 714 2400 antiquitatem
732 2351 785 2387 ita
799 2348 977 2401 despexit,
1006 2357 1047 2385 ut
1076 2348 1276 2384 neminem
1290 2358 1333 2383 ex
1353 2348 1518 2395 antiquis
1539 2348 1599 2384 vel
1618 2347 1822 2389 nominare
1831 2349 1913 2388 fere

293 2412 484 2459 dignetur,
512 2404 580 2445 nisi
600 2406 645 2444 ad
663 2405 970 2444 confutationem
986 2404 1024 2441 δε
1053 2400 1313 2452 opprobrium.
1370 2403 1477 2454 Quin
1497 2404 1535 2440 δε
1554 2401 1699 2442 disertis
1717 2404 1839 2442 verbis
1857 2404 1910 2443 di-

294 2476 379 2501 cere
402 2475 484 2501 non
513 2460 697 2499 erubescit
722 2461 834 2508 (bene
854 2457 1045 2497 ominatus
1074 2468 1175 2496 certe
1200 2458 1316 2495 etiam
1337 2458 1378 2495 in
1393 2457 1610 2506 maledieto)
1628 2456 1825 2497 verisimile
1838 2460 1910 2498 ess'e

297 2521 457 2564 majores
473 2516 620 2555 nostros
634 2529 677 2554 ex
698 2514 799 2554 tetra
826 2512 952 2564 aliqua
966 2524 1028 2552 aut
1045 2513 1143 2550 limo
1158 2522 1376 2565 procreatos
1399 2512 1516 2558 fuisse,
1547 2523 1587 2551 ut
1608 2527 1651 2552 ex
1667 2513 1914 2563 opinionibus

299 2577 336 2610 δε
361 2572 536 2611 institutis
563 2584 698 2610 corum
722 2571 887 2622 stupidi5‚
917 2571 954 2607 ὃ(
981 2580 1068 2608 vere
1091 2566 1222 2607 terreis
1245 2569 1435 2613 conjicere
1456 2569 1556 2605 licet.

353 2630 390 2666 N
401 2639 525 2679 EQJE
544 2638 673 2665 tamen
698 2628 793 2665 illud
806 2637 940 2665 verum
963 2624 1025 2666 est,
1053 2622 1298 2673 antiquorum
1321 2621 1638 2673 philosophorum
1652 2636 1779 2676 opera,
1817 2624 1912 2678 post·

299 2695 414 2732 quam
434 2681 656 2720 Aristoteles
683 2682 729 2720 de
758 2684 803 2720 iis
822 2694 866 2719 ex
886 2679 1113 2718 authoritate
1133 2681 1287 2729 propria
1306 2679 1576 2731 triumphasset,
1604 2678 1727 2718 statim
1749 2682 1912 2719 extincta

298 2737 416 2776 fuisse.
445 2737 630 2776 Videmus
645 2739 750 2776 enim
761 2738 881 2789 qualis
895 2735 1009 2774 fuerit
1024 2735 1162 2787 opinio
1176 2735 1224 2773 de
1238 2734 1440 2787 prudenti-3
1452 2735 1669 2774 Democriti
1684 2736 1766 2787 post
1781 2735 1912 2775 Caesa-

301 2805 386 2832 rum
404 2803 590 2842 tempora,

793 2844 918 2900 Cujus
928 2843 1145 2899 prudentia
1168 2841 1365 2895 monstrat,

466 2898 638 2953 Magnos
648 2899 752 2953 poffe
769 2903 892 2949 viros,
924 2897 972 2945 (ᾤ’
987 2914 1127 2956 magna
1142 2898 1319 2952 exempla
1333 2898 1506 2948 daturos,

468 2957 684 2997 Vervecum
703 2957 744 2994 in
751 2958 903 3009 patria,
932 2954 1126 3012 craffoque
1134 2953 1210 3010 fi‘b
1233 2955 1323 2994 ae'v‘re
1343 2954 1463 3008 nasce}

296 3056 312 3062 -
1778 3011 1915 3068 Atque
