2040 3439
118 188 298 250 rann.
523 185 853 236 NOVUM
923 187 1411 243 oRGANvM.

116 287 258 338 ,sensu3
291 282 357 323 nisi
372 284 475 334 quod
496 282 535 322 in
556 285 630 323 illis
657 286 807 323 accedat
829 283 975 335 spiritus
998 287 1169 324 animalis
1190 286 1237 324 ad
1256 298 1391 339 corpus
1417 288 1468 326 ita
1491 283 1732 340 dispositum3

110 336 166 397 in
186 342 244 393 bis
264 350 392 379 autem
414 338 514 377 abfit.
571 340 687 378 Adeo
706 351 750 378 ut
770 352 865 389 quot
889 339 959 378 {int
976 341 1176 380 consensus
1199 343 1240 379 in
1268 344 1490 394 corporibus
1503 342 1730 393 inanimatis,

123 402 182 436 tot
205 393 346 447 poffint
369 395 439 433 effe
466 394 590 432 sensus
622 395 662 432 in
683 393 917 441 animalibus,
947 394 972 434 fi
992 396 1106 434 ess'ent
1120 397 1391 447 perforationes
1410 399 1451 436 in
1469 410 1632 449 corpore
1649 402 1729 438 ani-

121 462 239 499 mato,
271 451 316 488 ad
336 449 542 488 discursum
567 448 716 500 spiritus
730 451 902 488 animalis
930 451 970 488 in
987 452 1201 490 membrum
1218 454 1288 491 rite
1301 451 1530 504 dispositum,
1545 464 1727 504 tanquam

119 505 161 545 in
179 515 377 556 'organum
411 505 606 542 idoneum.
662 506 710 542 Et
734 505 868 552 rursus,
897 517 992 555 quot
1020 505 1088 544 sint
1118 506 1241 546 sensus
1267 508 1306 545 in
1329 509 1565 556 animalibus,
1579 520 1640 548 tot
1655 508 1726 549 sint

118 559 371 613 proculdubio
390 570 519 598 motus
534 558 573 597 in
596 571 753 609 corpore
769 561 992 609 inanimato,
1013 563 1077 599 ubi
1093 561 1240 614 spiritus
1252 563 1421 600 animalis
1431 564 1591 602 abfuerit
1607 582 1620 607 ς
1637 565 1725 604 licet

104 614 259 654 'neccsse
274 614 315 654 fit
335 616 462 653 multo
484 616 607 666 plures
635 614 706 652 effe
729 624 860 653 motus
875 617 916 653 in
942 615 1161 667 corporibus
1176 619 1405 663 inanimatis,
1421 631 1534 667 quam
1551 619 1673 657 sensus
1685 622 1725 659 in

115 671 300 721 animatiS,
329 680 483 723 propter
505 671 730 722 paucitatem
759 682 991 720 organorum
1017 672 1150 710 tensus.
1208 672 1338 721 Atque
1357 673 1467 717 hujus
1496 672 1548 712 rei
1563 673 1724 714 ostendit

115 726 155 764 se
173 727 387 776 exemplum
412 725 518 763 valde
544 725 780 763 manifestum
806 726 844 762 in
874 726 1083 765 doloribus.
1140 727 1291 764 Etenim
1312 740 1431 779 quum
1451 726 1520 766 {int
1544 730 1649 779 plura
1662 742 1724 780 ge-

113 788 208 820 ·nera
223 778 366 818 doloris
388 781 428 817 in
443 778 676 827 animalibus,
701 783 738 818 ὃ(
765 790 945 830 tanquam
961 781 1047 819 varii
1070 781 1170 819 illius
1197 781 1432 830 charadrercs,
1463 783 1597 834 (veluti
1630 785 1724 823 alius

116 835 166 874 est
187 836 301 874 dolor
321 834 485 882 ustionis,
515 836 607 872 alius
622 835 769 885 frigoris
785 834 931 882 intensi,
959 837 1052 874 alius
1076 836 1289 886 punam-ae,
1319 839 1411 875 alius
1421 835 1724 888 compressionis,

112 891 209 943 alius
226 888 460 938 extensionis,
490 888 736 940 &fimilium)
761 888 1008 928 certiflimum
1040 891 1102 937 est,
1132 893 1264 929 omnia
1292 893 1366 939 illa,
1397 895 1522 941 quoad
1557 903 1723 941 motum,

112 944 229 988 inesse
251 945 474 997 corporibus
496 943 730 986 inanimati53
759 944 874 983 veluti
902 946 1022 995 ligno,
1052 955 1116 984 aut
1145 945 1270 998 lapidi,
1297 959 1386 985 eum
1421 949 1555 994 uritur,
1585 959 1646 986 aut
1658 961 1725 1001 per

112 1001 202 1052 gelu
228 998 505 1050 constringitur,
533 1010 595 1037 aut
623 998 814 1049 pungitur,
844 1011 907 1038 aut
936 999 1121 1047 scinditur,
1152 1012 1214 1039 aut
1235 1002 1409 1049 flestitun
1440 1013 1503 1040 aut
1531 1003 1723 1046 tunditur3

112 1053 218 1103 &fic
240 1056 287 1094 de
302 1054 405 1093 aliis:
434 1054 519 1093 licet
548 1067 630 1092 non
658 1054 869 1093 subintrent
899 1055 1033 1104 sensus,
1062 1065 1214 1107 propter
1241 1056 1448 1095 absentiam
1483 1057 1628 1110 spiritus
1644 1061 1721 1097 ani-

95 1117 97 1119 '
113 1111 235 1149 malis.

134 1208 136 1210 v
165 1167 293 1204 ITEM
304 1165 494 1203 instantiae
509 1164 725 1202 conformes
738 1163 857 1216 (quod
869 1164 1006 1203 mirum
1021 1165 1167 1203 fortasse
1183 1164 1301 1216 dictu)
1321 1166 1404 1204 sunt
1425 1167 1563 1205 radices
1579 1168 1614 1206 ὃ(
1627 1169 1723 1208 tamti

109 1219 334 1271 plantarum.
392 1222 522 1258 Omne
546 1221 650 1256 enim
674 1221 879 1269 vegetabile
902 1221 1131 1268 intumescit,
1145 1223 1181 1259 ὃς
1197 1222 1358 1259 extrudit
1373 1233 1491 1271 partes
1506 1221 1544 1259 in
1563 1222 1721 1262 circum-

111 1275 324 1323 ferentiam,
340 1285 417 1313 tam
434 1275 574 1313 sursum
590 1286 704 1323 quam
718 1274 907 1312 deorsum.
963 1278 1099 1324 Neque
1123 1277 1194 1313 alia
1210 1277 1258 1314 est
1274 1276 1484 1314 differentia
1502 1278 1669 1315 radicum
1683 1281 1720 1317 &

87 1335 321 1378 ramorum,
349 1342 464 1382 quam
492 1330 595 1379 quod
615 1329 714 1366 radix
743 1330 954 1368 includatur
970 1332 1009 1367 in
1024 1341 1133 1378 tetra,
1161 1333 1198 1368 &
1213 1333 1307 1368 rami
1323 1342 1556 1381 exponantur
1577 1334 1651 1370 aeti
1683 1336 1722 1372 ὅ(

111 1384 194 1431 soli.
254 1387 292 1424 Si
314 1387 395 1434 quis
410 1383 510 1422 enim
527 1385 681 1435 accipiat
695 1396 842 1422 ramum
858 1395 1032 1423 tenerum
1048 1388 1084 1422 δε
1099 1396 1274 1436 vegetum
1290 1387 1444 1432 arboris,
1470 1398 1582 1436 atque
1609 1389 1721 1426 illum

87 1439 274 1483 ‚reflei’tat
295 1439 333 1478 in
360 1441 522 1489 aliquam
551 1449 669 1476 terrae
693 1440 926 1488 particulam,
956 1442 1044 1479 licet
1070 1452 1152 1478 non
1176 1441 1372 1478 cohaereat
1389 1439 1452 1491 ipsi
1472 1442 1573 1488 loco,
1603 1442 1725 1492 gignit

109 1493 230 1532 statim
250 1508 332 1533 non
360 1507 521 1542 ramum,
551 1494 611 1531 scd
638 1495 812 1532 radicem.
868 1494 998 1543 Atque
1021 1497 1102 1533 vice
1130 1494 1242 1541 versa,
1275 1494 1300 1533 fi
1316 1506 1413 1533 terra
1428 1507 1591 1546 ponatur
1617 1498 1719 1549 supe-

110 1548 196 1597 rius,
212 1560 323 1600 atque
346 1551 397 1587 ita
416 1548 621 1587 obstruatur
651 1549 784 1600 lapide,
814 1560 876 1586 aut
901 1552 1021 1601 aliqua
1044 1551 1136 1587 dura
1159 1550 1366 1597 substantia,
1396 1562 1437 1589 ut
1464 1553 1591 1603 planta
1619 1553 1722 1590 colii-

99 1605 252 1652 'beatur,
281 1617 353 1643 nec
373 1601 486 1655 possit
514 1603 749 1641 frondescere
773 1603 939 1645 sursum3
970 1605 1055 1642 edet
1077 1617 1202 1642 ramos
1221 1607 1262 1643 in
1282 1608 1403 1643 a'e'rem
1425 1606 1613 1644 deorsum.

165 1661 212 1697 IT
225 1671 292 1697 ΕΜ
323 1659 514 1698 instantiae
534 1659 753 1696 conformes
773 1659 869 1706 sunt,
898 1659 1047 1709 gummi
1070 1661 1262 1707 arborum,
1282 1663 1319 1698 ὃ(
1338 1662 1534 1710 pleraeque
1549 1674 1722 1711 gemmae

110 1716 273 1767 rupium.
331 1715 505 1763 Utraque
530 1713 632 1751 enim
667 1713 720 1750 nil
741 1714 842 1752 aliud
862 1713 947 1752 sunt
974 1726 1087 1763 quam
1114 1714 1354 1753 exudationes
1382 1718 1419 1754 δ(
1444 1718 1722 1768 percolationes

110 1768 335 1808 succorum:
364 1771 407 1807 In
438 1771 566 1821 primo
586 1780 722 1818 genere
747 1767 897 1815 scilicet,
927 1769 1126 1807 succorum
1154 1783 1195 1808 ex
1226 1771 1446 1812 arboribus;
1474 1770 1512 1808 in
1542 1772 1720 1819 secundo,

108 1836 152 1861 ex
176 1823 285 1868 saxis;
314 1825 416 1862 unde
436 1822 601 1873 gignitur
623 1824 807 1861 claritudo
833 1823 1061 1875 &splendor
1081 1827 1122 1862 in
1138 1825 1314 1873 utrisque,
1339 1838 1403 1875 per
1423 1828 1722 1875 percolationem

108 1878 292 1917 nimirum
321 1889 475 1917 tenuem
501 1881 537 1916 &
560 1888 780 1916 accuratam.
838 1880 941 1916 Nam
966 1879 1054 1916 inde
1073 1878 1115 1916 fit
1135 1881 1262 1926 etiam,
1290 1880 1391 1931 quod
1414 1880 1478 1930 pili
1497 1880 1717 1919 animalium

108 1946 189 1971 non
217 1932 287 1972 sint
316 1944 394 1971 tam
423 1932 580 1984 pulchri,
610 1935 646 1970 ὃ(
674 1943 753 1970 tam
780 1931 893 1972 vividi
916 1935 1066 1982 coloris,
1094 1946 1208 1983 quam
1231 1936 1356 1972 avium
1373 1937 1521 1984 plumae
1546 1938 1717 1985 complu·

109 2001 164 2027 res
180 2002 190 2030 3
214 1988 297 2038 quia
315 1988 411 2027 succi
428 2001 507 2026 non
520 1999 597 2026 tam
613 1988 770 2024 delicate
787 1990 1023 2038 percolantur
1038 2001 1104 2040 per
1121 2000 1259 2035 cutem,
1280 2002 1393 2041 quam
1411 2002 1475 2042 per
1490 1992 1688 2028 calamum.

160 2045 287 2082 ITEM
307 2043 498 2081 instantiae
517 2043 733 2080 conformes
750 2042 845 2090 sunt,
885 2043 1051 2081 scrotum
1070 2046 1110 2080 in
1125 2045 1347 2082 animalibus
1362 2045 1556 2085 masculis3
1598 2047 1633 2082 ὅ(
1650 2057 1726 2083 ma-

106 2100 179 2137 trix
200 2101 240 2136 in
262 2098 460 2137 focmellis.
516 2097 630 2135 Adeo
663 2108 703 2135 ut
731 2098 871 2135 nobilis
902 2097 964 2136 illa
989 2098 1139 2146 fabrica,
1169 2111 1233 2150 per
1259 2111 1371 2148 quam
1405 2099 1507 2137 sexus
1527 2099 1723 2145 differunt,

108 2152 310 2203 (quatenus
341 2154 386 2191 ad
416 2154 590 2190 animalia
618 2151 811 2201 terrestria)
842 2152 896 2190 nil
927 2152 1028 2191 aliud
1061 2154 1229 2191 videatur
1262 2154 1343 2200 elie,
1372 2167 1486 2203 quam
1516 2154 1721 2192 secundum

107 2207 267 2246 exterius
287 2207 490 2246 &interius
505 2224 518 2249 ,-
549 2209 586 2245 vi
615 2207 753 2245 scilicet
768 2209 909 2254 majore
932 2210 1066 2245 caloris
1088 2207 1264 2258 genitalia
1280 2211 1319 2246 in
1333 2209 1417 2247 sexu
1432 2209 1601 2247 masculo
1634 2222 1720 2261 pro-

107 2264 284 2301 trudente
313 2265 353 2301 in
380 2264 551 2309 exterius,
579 2263 644 2300 ubi
665 2263 706 2299 in
726 2262 913 2300 foemellis
943 2262 1057 2301 nimis
1080 2264 1215 2301 debilis
1246 2263 1295 2301 est
1312 2266 1428 2312 calor,
1455 2277 1569 2317 quarn
1584 2274 1624 2302 ut
1641 2264 1716 2303 hoc

103 2319 225 2356 facere
249 2314 384 2368 possit;
413 2318 513 2356 unde
533 2316 678 2362 accidit,
706 2318 810 2368 quod
838 2319 1107 2356 contineantur
1127 2316 1293 2356 interius.

159 2374 290 2410 ITEM
322 2371 514 2410 instantiae
533 2373 751 2409 conformes
774 2372 857 2410 sunt
876 2373 1013 2425 pinnae
1040 2372 1208 2425 piscium,
1237 2375 1274 2410 δε
1289 2374 1399 2425 pedes
1418 2373 1717 2426 quadrupedum,

104 2438 168 2465 aut
187 2428 299 2478 pedes
315 2430 351 2466 ὅ(
370 2429 448 2465 alae
462 2429 676 2474 volucrum,
705 2426 838 2476 quibus
865 2428 1009 2465 addidit
1034 2428 1254 2466 Aristoteles
1279 2440 1438 2477 quatuor
1461 2427 1657 2466 volumina
1676 2431 1718 2467 in

103 2493 215 2521 motu
241 2482 468 2535 serpentum.
524 2482 638 2519 Adeo
654 2492 694 2519 ut
716 2484 755 2520 in
771 2482 909 2520 fabrica
929 2481 1099 2528 universi,
1125 2493 1250 2520 motus
1265 2482 1478 2522 viventium
1493 2485 1717 2534 plerumque

107 2537 273 2576 videatur
302 2537 466 2587 expediti
486 2549 549 2587 per
575 2539 841 2586 quaterniones
860 2547 1012 2576 artuum
1027 2535 1098 2575 five
1112 2538 1332 2575 flexionum.

158 2593 286 2631 ITEM
308 2593 439 2632 dentes
459 2594 499 2630 in
519 2592 744 2630 animalibus
767 2592 1009 2640 terrestribus,
1037 2595 1074 2630 ὅ(
1108 2593 1219 2630 rostra
1246 2595 1283 2629 in
1308 2592 1446 2640 avibus,
1473 2592 1555 2630 sunt
1583 2592 1719 2631 instan-

104 2649 178 2686 tiae
192 2648 436 2689 conforme53
465 2647 565 2685 unde
581 2645 817 2685 manifestum
833 2647 881 2685 est
909 2646 948 2685 in
974 2648 1152 2686 omnibus
1169 2649 1392 2686 animalibus
1411 2647 1580 2699 perfeffis
1602 2648 1720 2687 fluere

109 2702 243 2741 duram
265 2702 455 2754 quandam
481 2701 715 2740 substantiam
743 2702 867 2740 versus
891 2715 946 2740 os.

156 2759 287 2796 ITEM
302 2770 383 2795 non
400 2758 552 2796 absurda
576 2757 624 2794 est
640 2755 848 2795 similitudo
866 2760 903 2796 &
923 2757 1171 2795 conformitas
1196 2758 1270 2804 illa,
1286 2767 1327 2795 ut
1342 2758 1464 2796 homo
1478 2756 1519 2796 {it
1532 2769 1715 2807 tanquam

105 2813 229 2862 planta
250 2812 404 2850 inversa.
464 2814 567 2851 Nam
590 2812 690 2849 radix
717 2824 923 2850 nervorum
944 2815 981 2850 δ(
1002 2812 1222 2850 facultatum
1241 2812 1474 2861 animalium,
1497 2812 1547 2851 est
1577 2823 1715 2865 caput;

106 2878 224 2918 partes
239 2878 365 2905 autem
382 2866 574 2904 seminales
590 2866 674 2904 sunt
690 2866 853 2914 infimae,
881 2879 962 2919 non
978 2867 1202 2916 computatis
1225 2867 1518 2906 extremitatibus
1531 2870 1710 2906 tibiarum

105 2922 143 2958 ὅ(
169 2922 418 2960 brachiorum.
474 2922 529 2959 At
553 2924 593 2959 in
617 2923 754 2973 planta,
782 2922 882 2960 radix
913 2921 1020 2974 (quae
1044 2923 1154 2960 instar
1181 2921 1308 2975 capitis
1321 2921 1386 2973 cst)
1417 2925 1635 2974 regulariter
1651 2924 1706 2959 in-

106 2974 199 3020 fimo
225 2977 316 3017 loco
342 2978 574 3020 collocatum
603 2977 745 3016 semina
764 2987 888 3016 autem
918 2977 1102 3030 supremo.

1456 3088 1715 3137 Dnnrqua

1814 210 1910 261 343
