2040 3439
203 234 298 281 130

406 219 505 268 DE
542 215 1046 264 AUGMENTIS
1082 210 1711 262 SCIENTIARUM.
1750 206 1949 264 Libris„-

343 315 380 351 &
407 314 542 362 quibus
564 311 738 350 citiusad
760 311 877 349 finem
899 307 1146 347 desideratum
1175 310 1415 359 pervcnitur3
1451 320 1500 346 eo
1527 311 1631 359 quod
1653 309 1800 361 spiritus
1827 312 1953 351 subito

337 369 537 420 patiantur,
567 371 603 405 ὅ(
622 380 642 404 a
663 367 875 418 vaporibus,
905 367 942 402 ὅ(
957 365 1004 402 ab
1023 363 1228 410 affefflbus,
1257 375 1351 411 quae
1372 365 1478 400 miris
1494 364 1615 402 modis
1637 367 1677 402 in
1693 379 1758 404 cos
1778 368 1925 416 poss'unt
1943 383 1951 405 ε

337 433 466 475 partes.
486 424 590 470 item,
627 434 692 473 per
719 422 862 466 balnea,
899 430 961 458 aut
984 430 1189 469 unguenta,
1224 429 1287 456 aut
1316 418 1521 470 emplastra,
1558 432 1652 470 quac
1677 421 1813 459 subitas
1839 422 1953 460 etiam

339 474 601 527 impressiones
616 475 768 514 faciunt.

393 534 588 569 TERTIO
604 533 861 581 praecipimus,
892 529 995 578 quod
1013 528 1255 566 malacissatio
1270 531 1433 579 partium
1450 541 1515 581 per
1533 529 1701 577 exterius,
1729 530 1809 568 fieri
1824 531 1952 579 debet,

339 599 406 638 per
421 584 755 633 consubstantialia,
783 585 1038 634 imprimentia
1054 586 1091 622 &
1105 585 1356 622 occludentia.
1416 584 1755 623 Constibstantialia
1771 588 1874 623 enim
1890 588 1952 624 be-

341 642 485 679 nevolo
504 641 667 690 partium
687 642 861 691 amplexu
886 640 1047 676 libenter
1065 640 1313 689 excipiuntur,
1353 642 1389 678 ὅ(
1413 641 1567 689 proprie
1587 640 1824 678 malacissant.
1879 643 1953 679 Im-

341 697 546 746 primentia
569 706 698 734 autem
719 698 756 734 δε
778 694 958 734 virtutem
979 693 1300 742 malaeiffandum,
1336 706 1516 743 tanquam
1540 695 1720 742 vehicula,
1750 696 1892 733 facilius
1915 699 1954 736 ἄ

342 751 455 788 altius
474 751 678 798 deducunt,
706 761 819 800 atque
833 750 908 800 ipsa
927 758 1048 801 partes
1062 749 1241 786 nonnihil
1261 751 1488 801 expandunt.
1545 750 1796 787 Oecludentia
1816 762 1956 799 autem,

344 803 524 843 virtutem
547 816 797 857 utrorumque
819 806 996 852 retinent,
1025 807 1062 842 ὅ(
1083 803 1266 856 paulisper
1288 804 1421 855 figunt,
1451 807 1487 842 ὅτ.
1510 804 1831 856 pei-spirationem,
1860 819 1956 855 quae

345 859 396 898 est
419 873 478 898 res
502 861 785 899 malaeiss‘ationi
804 858 984 912 opposita,
1024 859 1123 908 (quia
1146 860 1348 897 humidum
1373 858 1539 906 emittit,)
1577 860 1770 898 cohibent.
1825 862 1955 910 Itaque

345 926 412 967 per
437 915 527 954 haec
555 918 624 954 tria
646 917 720 964 (sed
748 915 872 968 potius
892 915 1027 953 ordine
1051 913 1223 967 disposita
1249 918 1285 952 ὅ(
1307 915 1554 961 succedentia,
1593 927 1707 962 quam
1734 918 1955 964 commixta)

344 982 404 1008 res
422 971 639 1009 absolvitur.
696 970 851 1009 Interim
875 972 916 1008 in
932 970 1000 1007 hac
1021 981 1124 1020 parte
1139 982 1361 1012 monemus3
1401 982 1483 1008 non
1508 982 1590 1008 earn
1606 970 1675 1007 css‘e
1699 972 1959 1009 intentionem

346 1025 660 1072 malacissationis,
689 1038 730 1065 ut
751 1027 892 1064 nutriat
906 1036 1026 1077 partes
1048 1037 1111 1075 per
1127 1028 1309 1066 exterius;
1346 1025 1406 1063 sed
1422 1036 1571 1063 tantum
1595 1035 1637 1062 ut
1653 1037 1712 1062 cas
1736 1026 1867 1063 reddat
1881 1039 1958 1063 ma-

347 1082 404 1129 gis
430 1078 582 1118 idoneas
607 1083 653 1119 ad
680 1081 937 1119 nutriendum.
995 1081 1187 1132 Qiicquid
1206 1083 1309 1117 enim
1338 1081 1457 1130 magis
1484 1080 1632 1118 aridum
1659 1081 1718 1127 cst,
1758 1083 1884 1118 minus
1909 1081 1959 1119 est

348 1135 511 1173 adivam
526 1137 572 1173 ad
587 1133 877 1174 assimilandum.
933 1135 1063 1186 Atque
1077 1136 1123 1173 de
1138 1137 1432 1188 prolongatione
1448 1134 1554 1184 vitae,
1584 1148 1678 1185 quac
1691 1134 1740 1173 cst
1753 1147 1836 1188 pars
1850 1139 1960 1174 tertia

345 1190 571 1238 medicinae,
599 1193 750 1230 noviter
765 1191 931 1242 ascripta,
959 1190 1049 1227 haec
1064 1191 1161 1228 diCta
1175 1188 1256 1228 sint.

401 1246 673 1284 VENIAMUS
692 1247 738 1284 ad
760 1245 1016 1292 cosmeticam,
1052 1258 1147 1294 quae
1170 1254 1271 1282 certe
1297 1256 1417 1295 partes
1438 1245 1549 1283 habet
1570 1245 1704 1292 civiles,
1733 1256 1856 1295 pitres
1879 1259 1958 1285 rur-

347 1298 407 1337 sus
425 1298 698 1338 effoeminatas.
755 1301 941 1350 Corporis
963 1301 1068 1337 enim
1089 1301 1289 1347 munditia,
1318 1303 1356 1338 ὃ(
1376 1301 1489 1338 decor
1508 1300 1695 1348 honestus,
1723 1302 1821 1338 rede
1845 1301 1958 1340 existi-

346 1364 472 1392 matur
487 1367 711 1406 promanare
727 1368 748 1393 a
762 1355 940 1394 modestia
953 1357 1114 1406 quadam
1133 1367 1301 1402 morum,
1329 1358 1366 1393 &
1381 1368 1400 1392 a
1415 1357 1621 1394 reverentia
1634 1369 1643 1397 ς
1673 1356 1858 1406 imprImis
1873 1369 1961 1408 erga

345 1410 488 1457 Deum,
518 1412 622 1457 cujus
636 1423 824 1449 creaturae
845 1410 991 1451 sumus;
1021 1421 1104 1449 tum
1121 1423 1206 1460 erga
1231 1410 1459 1458 societatem,
1489 1413 1530 1449 in
1553 1423 1626 1460 qua
1649 1412 1845 1462 degimus5
1874 1422 1960 1450 tum

348 1466 465 1502 etiarn
486 1478 573 1516 erga
588 1466 739 1504 nosmet
761 1466 870 1516 ipsos,
899 1479 994 1515 quos
1018 1479 1100 1504 non
1116 1468 1255 1513 minus,
1284 1468 1367 1504 imo
1387 1465 1515 1516 magis,
1543 1478 1656 1515 quam
1677 1466 1769 1504 alios
1793 1467 1956 1505 revereri

346 1519 538 1558 debemus.
595 1523 741 1559 Verum
756 1523 962 1560 adulterina
977 1523 1039 1559 illa
1053 1522 1258 1568 decoratio,
1287 1534 1381 1570 quae
1402 1522 1508 1559 fucos
1525 1524 1560 1559 ἃ
1575 1523 1771 1573 pigmenta
1787 1522 1954 1570 adhibet,

348 1575 463 1624 digna
478 1586 577 1613 certe
594 1576 641 1613 est
656 1578 731 1614 illis
744 1576 960 1624 defeffibus,
988 1576 1052 1626 qui
1066 1589 1147 1614 eam
1169 1576 1312 1628 semper
1326 1579 1580 1617 eomitantui·;
1612 1590 1700 1614 cum
1714 1588 1797 1615 non
1811 1575 1865 1625 fit,
1895 1588 1960 1616 aut

347 1630 394 1666 ad
418 1630 626 1668 fallendum
651 1632 736 1670 satis
754 1631 958 1683 ingeniosa,
987 1642 1049 1670 aut
1070 1632 1114 1668 ad
1138 1633 1322 1669 utendum
1343 1631 1426 1669 satis
1449 1633 1667 1678 commoda,
1704 1643 1767 1670 aut
1793 1633 1839 1669 ad
1864 1632 1960 1671 salua

350 1685 527 1723 britatcm
551 1686 634 1724 satis
654 1698 734 1726 tuta
754 1691 790 1726 ὅ(
812 1687 988 1726 innocua.
1047 1688 1236 1724 Miramur
1258 1698 1398 1734 autem,
1426 1699 1578 1739 pravam
1601 1688 1698 1724 hanc
1723 1687 1960 1726 consuetudi-

347 1752 439 1778 nem
465 1741 630 1789 fucandi,
657 1744 757 1793 leges
777 1743 975 1790 censorias,
1003 1752 1082 1780 tam
1102 1740 1352 1779 ecclesiasticas
1372 1755 1485 1791 quam
1506 1743 1645 1790 civiles,
1677 1741 1790 1792 (quac
1810 1742 1896 1781 alias
1918 1746 1960 1782 in

348 1797 534 1833 luxuriam
554 1797 650 1835 eirca
664 1799 786 1845 vesteS,
814 1809 883 1836 aut·
897 1799 1018 1835 cultus
1038 1799 1264 1847 capillorum
1278 1797 1555 1843 effoeminatos,
1585 1799 1793 1835 admodum
1814 1798 1959 1837 suerint

351 1850 513 1900 severae)
539 1853 590 1889 ita
605 1852 670 1891 diu
694 1853 836 1903 fugiss'e.
890 1852 1066 1903 Legimus
1087 1863 1187 1889 certe
1202 1853 1248 1889 dc
1265 1852 1454 1906 Jezabcle,
1483 1853 1588 1902 quod
1603 1854 1809 1905 pigmentis
1822 1853 1959 1893 faciem

354 1906 555 1948 obliverit5
583 1920 712 1946 verum
727 1909 774 1946 de
788 1908 935 1946 Esthera
949 1911 985 1946 ὃ(
995 1907 1152 1961 Juditha
1166 1909 1223 1945 nil
1237 1910 1310 1945 tale
1325 1909 1552 1960 perhibetur.

403 1962 677 2001 PERGAMUS
690 1964 737 2001 ad
753 1963 990 2001 athleticam:
1018 1965 1111 2001 Eam
1133 1962 1240 2000 sensu
1253 1962 1501 2014 intelligimus
1520 1965 1634 2016 paulo
1649 1962 1814 2014 largiori,
1845 1975 1961 2014 quam

347 2017 466 2068 accipi
482 2017 686 2058 consuevit.
743 2020 828 2057 Huc
842 2018 946 2057 enim
963 2018 1172 2059 referimus,
1199 2019 1379 2070 quicquid
1394 2019 1554 2058 versatur
1570 2020 1667 2057 cirea
1681 2017 1960 2058 conciliandam

348 2073 652 2122 qualemcunque
677 2072 806 2124 (quam
833 2087 967 2124 corpus
995 2075 1208 2112 humanum
1238 2073 1400 2126 suscipit)
1427 2075 1686 2115 habilitatem3
1725 2072 1796 2112 five
1821 2072 1863 2112 fit
1888 2077 1965 2126 agi-

348 2126 464 2166 litatis
486 2126 557 2166 five
580 2131 813 2167 tolerantiae.
870 2132 1042 2183 Quarum
1069 2130 1214 2179 agilitas
1235 2129 1326 2167 duas
1348 2129 1459 2167 habet
1478 2140 1613 2182 parteS,
1652 2130 1770 2167 robur
1799 2132 1836 2167 &
1859 2133 1962 2169 velo-

349 2186 524 2221 citatem:
552 2196 595 2221 ac
608 2186 808 2222 tolerantia
823 2185 956 2223 itidem
972 2186 1072 2233 duas,
1092 2185 1151 2222 vel
1166 2184 1464 2234 indigentiarum
1479 2186 1706 2223 naturalium
1727 2185 1959 2235 patientiam,

351 2239 411 2277 vel
437 2240 477 2276 in
498 2241 735 2281 crucitatibius
758 2239 1037 2278 fortitudinem.
1092 2241 1271 2292 Quorum
1294 2242 1473 2278 omnium
1495 2241 1666 2279 videmus
1690 2240 1960 2290 saepenumero

352 2295 522 2344 exempla
543 2292 710 2344 insignia,
738 2297 780 2333 in
799 2296 958 2346 praitica
977 2295 1303 2341 funambulorum,
1332 2296 1373 2332 in
1397 2296 1497 2333 duro
1519 2297 1618 2333 viCtu
1639 2296 1845 2333 hominum
1864 2308 1964 2345 >quo·

353 2349 514 2387 rundam
531 2349 788 2398 barbarorum,
815 2352 856 2388 in
870 2350 1056 2402 stupendis
1074 2351 1214 2388 viribus
1230 2349 1500 2397 maniacorum,
1530 2353 1567 2388 &
1581 2349 1620 2388 in
1641 2350 1844 2388 constantia
1865 2363 1962 2388 nom-

355 2406 552 2442 nullorum
579 2406 676 2443 inter
704 2404 879 2454 exquisita
903 2415 1107 2443 tormenta.
1164 2407 1251 2443 Imo
1270 2403 1295 2442 fi
1321 2407 1445 2454 aliqua
1471 2407 1541 2443 alia
1569 2408 1771 2458 reperiatur
1797 2406 1964 2454 facultas,

356 2472 451 2508 quae
466 2461 507 2497 in
521 2461 688 2512 priorem
707 2462 954 2513 partitionem
969 2474 1051 2499 non
1071 2460 1183 2508 cadit,
1213 2458 1350 2509 (qualis
1367 2463 1408 2500 in
1424 2462 1677 2498 urinatoribus
1700 2461 1802 2512 saepe
1817 2461 1962 2511 conspi-

355 2516 464 2562 citur,
493 2517 559 2564 qui
582 2516 740 2554 mirifice
755 2516 965 2554 anhelitum
990 2516 1167 2553 cohibere
1187 2516 1349 2567 possimt)
1376 2517 1419 2554 ad
1436 2516 1532 2553 hanc
1557 2516 1673 2568 ipsam
1696 2527 1814 2553 artem
1839 2529 1964 2566 aggre-

355 2571 434 2618 gari
459 2571 645 2608 volumus.
703 2572 834 2621 Atque
859 2572 963 2620 quod
982 2572 1070 2608 talia
1084 2569 1165 2607 fieri
1187 2571 1416 2619 quandoque
1430 2567 1586 2622 possinr,
1623 2568 1962 2610 manifestiffimum

357 2622 431 2661 est:
469 2634 505 2661 at
529 2625 762 2675 philosophia
785 2629 823 2665 ὅ(
846 2624 1039 2675 inquisitio
1063 2625 1254 2663 causarum
1278 2627 1376 2663 circa
1399 2626 1531 2663 eadem
1554 2626 1632 2663 fere
1655 2627 1822 2676 neglecta
1845 2628 1963 2672 jacet;

357 2678 456 2723 hanc
477 2681 700 2717 arbitramur
714 2683 768 2719 ob
790 2682 948 2729 causam,
978 2680 1084 2731 quod
1098 2681 1320 2718 hominibus
1339 2680 1550 2730 persuasum
1565 2679 1620 2722 sit,
1649 2681 1864 2720 huiul'inodi
1887 2695 1963 2719 ma—

358 2733 499 2782 gisteria
528 2745 690 2782 naturae,
728 2736 974 2775 solummodo
1004 2737 1063 2774 vel
1094 2749 1137 2773 cx
1163 2734 1339 2785 peculiari
1364 2746 1556 2773 certorum
1584 2736 1790 2773 hominum
1819 2739 1963 2785 indole,

361 2788 470 2837 (quae
493 2788 559 2826 sub
578 2789 811 2841 disciplinam
831 2804 912 2830 non
933 2792 1058 2838 cadit,)
1096 2792 1156 2829 vel
1175 2802 1195 2827 a
1218 2789 1374 2838 diutina,
1412 2792 1458 2828 ab
1476 2794 1584 2828 annis
1610 2792 1726 2840 usque
1745 2793 1963 2843 puerilibus,

356 2843 642 2890 consuetudine,
682 2846 789 2894 (quae
809 2849 934 2899 potius
958 2848 1146 2896 imperari,
1184 2858 1298 2894 quam
1318 2847 1446 2884 doceri
1473 2846 1582 2894 solet)
1607 2848 1790 2884 obtinere.
1848 2849 1964 2899 Quod

358 2896 424 2936 etfi
437 2910 566 2936 verum
589 2899 734 2949 prorsus
749 2914 830 2939 non
844 2901 898 2948 fit,
928 2913 1056 2941 tamen
1076 2901 1240 2938 defectus
1254 2901 1470 2945 hujurinodi
1491 2914 1616 2938 rerum
1633 2900 1721 2950 quid
1741 2903 1875 2939 attinet
1897 2915 1964 2939 no-

357 2956 457 2991 tare?
489 2954 709 2992 Certamina
730 2959 832 2993 enim
854 2958 1059 3008 Olympica
1084 2958 1158 3002 jam
1177 2956 1242 2993 diu
1256 2956 1456 2994 cess'arunt:
1487 2967 1567 2994 tum
1585 2959 1698 2997 etiam
1717 2958 1756 2993 in
1777 2956 1963 3004 cjulmodi

357 3009 467 3046 rebus
490 3009 731 3046 mediocritas
758 3008 891 3050 sufficit
912 3014 958 3052 ad
980 3011 1110 3052 usum:
1150 3012 1369 3051 excellentia
1393 3022 1518 3050 autem
1539 3013 1790 3050 mercenariae
1814 3013 1964 3050 cuidam

358 3063 599 3104 ostentationi
616 3063 693 3103 fere
709 3064 869 3104 inservit.

1698 3122 1966 3159 Posrnnno

1942 3253 1960 3292 3
