2040 3439
71 277 287 341 Gapzm.
330 277 427 322 DE
463 272 989 319 AUGMENTIS
1039 270 1667 319 SCIENTIARUM.

558 406 632 445 De
654 405 850 460 exemplis,
880 402 928 449 όν
954 418 978 444 u
997 419 1021 444 u
1035 417 1170 445 eorum.

122 479 268 534 Aphor.
285 493 347 520 21.
377 484 449 520 DE
479 484 655 532 exemplis
682 485 758 529 jam
786 484 988 521 dicendum
1023 484 1082 530 cst,
1111 495 1154 520 cx
1178 482 1312 531 quibus
1336 483 1391 527 jus
1413 480 1660 519 hauriendum

68 537 121 584 fir,
150 536 213 574 ubi
236 539 292 574 lex
319 537 454 575 deficit.
510 538 640 586 Atque
668 540 714 575 de
741 538 1022 585 consuetudine,
1051 550 1144 586 quac
1171 539 1260 587 legis
1290 537 1424 587 specics
1449 536 1509 583 est,
1539 536 1660 586 deque

69 591 242 641 exemplis
270 605 362 638 quae
386 605 449 642 per
478 592 715 642 frequentem
745 593 864 640 usum,
902 595 941 631 in
971 593 1282 630 consuetudinem
1312 589 1544 637 transierunt,
1581 602 1659 629 tan-

69 659 181 697 quam
205 647 326 695 legem
350 646 511 693 tacitam,
542 647 608 684 suo
631 649 720 685 loco
744 647 920 687 dicemus.
978 650 1093 686 Nunc
1123 658 1249 684 autem
1264 647 1310 683 de
1339 645 1514 697 exemplis
1539 645 1659 694 loqui-

70 714 166 748 mur,
197 714 289 749 quae
305 713 389 738 raro
417 705 452 739 ὃ(
476 701 618 752 sparsim
642 701 906 749 interveniunt,
936 704 1059 740 necin
1086 703 1177 751 legis
1191 703 1269 739 vim
1283 702 1516 747 coaluerunt,
1545 713 1659 749 quan-

69 758 122 794 do
137 759 170 793 ὃ(
188 768 258 804 qua
278 758 463 803 cautione,
493 769 628 794 norma
643 759 731 802 juris
749 759 794 794 ab
809 757 888 809 ipsis
903 758 1060 807 petenda
1080 755 1132 802 fit,
1162 769 1250 794 cum
1265 758 1321 793 lex
1336 755 1493 792 deficiat.

123 809 347 864 Aphor.22.
379 813 627 849 EXEMPLA
656 825 676 849 a
696 813 931 865 temporibus
962 811 1069 850 bonis
1098 814 1134 848 &
1157 811 1361 848 moderatis
1375 809 1534 861 petenda
1563 811 1660 859 sunt,

71 875 152 903 non
180 867 381 914 tyrannicis
414 877 476 903 aut
505 865 660 904 factiosis
689 878 750 905 aut
781 866 971 905 dissolutis.
1029 865 1257 911 Huiusmodi
1286 866 1454 914 exempla
1479 865 1662 915 temporis

70 919 314 973 parrus‘spurii
331 920 426 967 sunt,
457 924 493 958 ὃ(
510 923 625 971 magis
641 932 782 959 nocent
801 934 913 974 quam
937 923 1088 959 docent.

121 972 267 1027 Aphor.
283 986 301 1011 2
311 986 344 1025 3.
376 977 432 1013 IN
449 979 636 1026 exempliS‚
668 979 874 1014 recentiora
901 976 1070 1014 habenda
1085 975 1168 1012 sunt
1186 986 1257 1024 pro
1280 973 1489 1012 tutioribus.
1545 975 1663 1028 Quod

25 1051 27 1057 ι
71 1032 176 1068 enim
203 1031 315 1079 paulo
329 1041 412 1068 ante
433 1032 570 1068 fastum
587 1030 646 1078 est,
677 1033 775 1069 unde
798 1033 947 1069 nullum
970 1029 1010 1068 fit
1041 1032 1208 1068 secutum
1236 1030 1540 1077 incommodum,
1569 1031 1662 1079 quid

63 1084 112 1122 ni
124 1084 259 1123 iterum
289 1090 493 1135 reperatur?
524 1088 593 1123 Sed
613 1097 740 1123 tamen
765 1089 892 1124 minus
908 1086 1046 1123 habent
1072 1085 1308 1122 authoritatis
1335 1084 1503 1122 recentia.
1560 1086 1607 1122 Et
1636 1083 1664 1122 si

71 1140 170 1177 forte
195 1151 250 1177 res
268 1141 307 1176 in
336 1142 469 1178 melius
494 1141 627 1178 restitui
645 1155 736 1193 opus
756 1139 810 1188 fir,
838 1143 999 1178 recentia
1024 1141 1190 1192 exempla
1208 1139 1325 1188 magis
1356 1139 1540 1178 saeculum
1555 1139 1665 1178 suum

72 1194 229 1248 sapiunt,
259 1207 372 1243 quam
399 1197 535 1233 red-am
561 1198 756 1233 rationem.

127 1247 273 1301 Aphor.
289 1260 350 1299 24.
383 1252 457 1287 AT
493 1252 687 1289 vetustiora
724 1252 891 1300 exempla
924 1260 1030 1288 caute
1065 1253 1103 1287 ὅ(
1132 1261 1219 1286 cum
1257 1249 1402 1286 delectu
1431 1250 1663 1300 recipienda:

73 1304 258 1342 Decursus
272 1303 451 1352 siquidem
475 1308 601 1342 aetatis
616 1307 733 1342 multa
750 1315 881 1351 mutat,
911 1315 950 1342 ut
966 1306 1069 1351 quod
1090 1315 1261 1354 tempore
1275 1301 1438 1341 videatur
1453 1304 1663 1352 antiquum,

73 1360 114 1397 id
140 1359 418 1411 perturbatione
443 1362 478 1397 ὃς
499 1360 805 1398 inconformitate
820 1360 865 1396 ad
887 1358 1099 1411 praesentia,
1128 1357 1169 1396 fit
1192 1360 1301 1410 plane
1328 1370 1483 1395 novum.
1542 1360 1664 1396 Medii

74 1413 199 1461 itaque
226 1416 407 1463 temporis
435 1417 602 1466 exempla
627 1416 710 1453 sunt
741 1417 896 1464 optima,
924 1416 981 1452 vel
1006 1416 1117 1451 etiam
1133 1415 1215 1451 talis
1237 1414 1428 1463 temporis,
1457 1414 1559 1463 quod
1576 1426 1664 1451 cum

74 1479 247 1519 tempore
262 1479 434 1506 currente
461 1472 666 1519 plurimum
687 1471 904 1510 conveniam
932 1469 1035 1520 quod
1050 1468 1249 1520 aliquando
1271 1467 1420 1517 praestat
1441 1477 1588 1518 tempus
1610 1480 1664 1505 re-

71 1525 227 1569 motius,
256 1525 371 1572 magis
386 1536 497 1572 quam
514 1523 553 1561 in
567 1523 751 1573 proximo.

127 1575 352 1630 Aphor.25.
382 1580 553 1616 INTRA
577 1579 668 1616 fines
697 1580 868 1628 exempli,
899 1579 957 1616 vel
988 1581 1080 1616 citra
1107 1579 1231 1628 potius
1252 1577 1287 1614 se
1316 1575 1504 1623 cohibct0,
1533 1589 1603 1614 nec
1624 1577 1665 1614 il-

72 1633 134 1671 ·los
150 1634 233 1670 ullo
252 1634 373 1670 modo
387 1634 569 1670 excedito.
626 1634 710 1673 Ubi
730 1631 831 1670 enim
848 1646 928 1670 non
948 1634 1043 1671 adest
1058 1645 1192 1671 norma
1208 1633 1311 1681 legis,
1341 1630 1469 1669 omnia
1483 1629 1581 1680 quasi
1594 1644 1664 1682 pto

75 1686 243 1740 suspectis
270 1687 440 1726 habenda
459 1688 562 1726 sunt:
591 1690 719 1737 Itaque
748 1698 789 1726 ut
813 1689 854 1725 in
883 1687 1058 1736 obscuris,
1087 1686 1289 1725 minimum
1313 1686 1488 1738 sequitor.

130 1740 355 1795 Aphor.26.
388 1743 691 1782 CAVENDUM
718 1744 764 1780 ab
793 1745 1056 1795 exemplorum
1085 1743 1302 1792 fragmentis
1339 1744 1375 1779 &
1408 1741 1663 1792 compendiis:

74 1807 188 1847 atque
214 1799 403 1847 integrum
423 1799 649 1848 exemplum,
680 1801 715 1835 ὃ(
737 1797 924 1835 universus
945 1799 1021 1843 ejus
1042 1798 1225 1847 processus
1251 1795 1568 1846 introspiciendus.
1627 1797 1666 1833 Si

76 1855 182 1891 enim
207 1851 354 1891 incivile
383 1851 436 1900 fit,
466 1852 532 1890 nifi
547 1863 626 1890 tota
642 1854 722 1902 lege
743 1852 935 1904 perspech,
965 1853 1011 1889 dc
1034 1863 1137 1902 parte
1157 1853 1233 1896 ejus
1252 1852 1424 1897 judicare,
1454 1851 1578 1887 multo
1591 1862 1668 1886 ma-

77 1910 134 1957 gis
159 1907 233 1946 hoc
258 1910 377 1947 valere
400 1908 510 1945 debet
525 1910 565 1945 in
591 1907 784 1960 exemplis:
813 1909 918 1960 Quae
941 1906 1106 1957 ancipitis
1130 1907 1213 1944 sunt
1237 1905 1333 1953 usUS,
1363 1904 1429 1942 nifi
1451 1905 1556 1942 valde
1582 1915 1668 1956 qua-

77 1963 200 2000 drent.

133 2015 355 2070 Aphor.27.
389 2019 446 2055 IN
477 2016 652 2068 exemplis
678 2019 884 2068 plurimum
914 2017 1073 2063 interest,
1104 2028 1168 2066 pcr
1187 2027 1276 2066 quas
1295 2027 1428 2052 manus
1456 2010 1666 2051 transierint

82 2075 119 2110 &
147 2073 321 2110 transaita
356 2071 435 2111 sint.
495 2074 534 2111 Si
568 2071 668 2110 enim
701 2073 798 2122 apud
822 2071 951 2108 scribas
977 2082 1137 2118 tantum,
1167 2073 1203 2108 ὅ(
1231 2068 1416 2107 ministros
1435 2066 1595 2114 justitiae,
1625 2079 1669 2105 ex

81 2128 188 2165 cursu
204 2130 337 2173 curiae,
367 2128 499 2178 abique
517 2127 651 2165 notitia
668 2125 852 2164 manifesta
880 2126 1122 2176 superiorum,
1151 2123 1402 2164 obtinuerint3
1430 2133 1491 2160 aut
1507 2124 1618 2160 etiam
1634 2134 1668 2159 a-

81 2183 156 2233 pud
172 2195 343 2220 errorum
368 2181 575 2231 magistrum
591 2184 793 2234 populum3
823 2182 1075 2219 conculcanda
1100 2180 1181 2218 sunt
1203 2182 1237 2216 &
1253 2181 1353 2229 parvi
1368 2178 1545 2215 facienda.
1603 2176 1667 2214 Sin

80 2238 178 2286 apud
204 2236 387 2274 senatores
410 2247 472 2274 aut
500 2238 636 2281 judices
669 2248 731 2274 aut
754 2238 872 2273 curias
892 2235 1118 2287 principales,
1149 2234 1196 2272 ita
1217 2234 1282 2271 sub
1308 2233 1423 2270 oculis
1451 2230 1565 2281 posita
1592 2231 1668 2269 fue-

82 2292 168 2338 rint,
199 2303 239 2329 ut
268 2292 406 2329 necesse
429 2293 541 2328 fucrit
570 2291 642 2338 illa,
672 2291 939 2341 approbatione
962 2290 1128 2335 judicum
1150 2289 1278 2326 saltem
1293 2289 1413 2334 tacita,
1442 2288 1587 2324 munita
1614 2285 1669 2323 fu-

83 2348 156 2394 isse,
185 2348 267 2398 plus
282 2346 506 2394 dignationis
535 2347 682 2383 habent.

138 2400 362 2453 Aphomss.
396 2403 421 2438 E
439 2412 682 2446 XEMPLIS,
711 2412 804 2450 quae
830 2397 1011 2448 publicata
1040 2396 1187 2443 fuerint,
1217 2407 1406 2444 utcunque
1440 2394 1562 2431 minus
1590 2394 1668 2432 fue-

84 2454 158 2494 rint
190 2458 228 2493 in
257 2457 335 2503 usu,
364 2469 452 2493 curn
480 2467 605 2493 tamen
638 2453 868 2492 sermonibus
888 2456 923 2490 ὅ(
951 2451 1275 2504 disceptationibus
1304 2453 1506 2488 hominum
1534 2451 1668 2499 agitata

85 2513 123 2548 &
151 2513 324 2549 ventilata
350 2510 548 2557 extiterint,
578 2512 658 2560 plus
685 2507 915 2546 authoritatis
934 2507 1193 2544 tribuendum:
1222 2508 1327 2558 Quae
1351 2518 1442 2543 vero
1466 2506 1505 2540 in
1529 2503 1669 2541 scriniis

88 2568 125 2603 &
150 2565 300 2603 archivis
328 2566 542 2603 manserunt
557 2575 734 2613 tanquam
753 2563 904 2615 sepulta,
935 2564 969 2598 ὃ(
986 2563 1104 2612 palam
1122 2563 1160 2598 in
1181 2562 1416 2598 oblivionem
1438 2556 1669 2606 tranfierunt,

89 2622 225 2658 minus.
282 2622 457 2670 Exempla
475 2623 577 2657 enim
599 2618 685 2657 sicut
715 2629 840 2667 aquae,
871 2619 909 2654 in
934 2617 1145 2666 profluente
1171 2611 1363 2652 sanissima.

142 2674 287 2728 Aphor.
308 2687 369 2722 29.
401 2677 657 2720 EXEMPLA,
687 2686 781 2722 quae
807 2673 852 2709 ad
880 2673 977 2721 leges
1006 2671 1177 2721 spediaut,
1206 2682 1285 2706 non
1316 2671 1434 2719 placet
1459 2669 1504 2705 ab
1529 2667 1670 2705 histori-

89 2731 140 2767 cis
159 2733 246 2780 peti,
275 2730 334 2767 sed
360 2731 405 2767 ab
438 2729 520 2766 affis
548 2727 701 2781 publicis
731 2731 766 2764 δ(
801 2725 1057 2764 traditionibus
1085 2723 1388 2774 diligentioribus.
1443 2722 1615 2760 Versatur
1635 2735 1669 2759 e·

87 2786 172 2822 ‘nim
190 2784 380 2822 infelicitas
401 2785 579 2833 quaedam
604 2783 700 2820 inter
729 2780 917 2818 historicos
941 2782 996 2818 vel
1023 2781 1198 2829 optimos,
1230 2789 1269 2816 ut
1290 2781 1431 2828 legibus
1446 2780 1482 2814 ὃ(
1506 2779 1592 2814 actis
1620 2779 1672 2822 ju·

92 2839 278 2877 dici-ilibus
295 2852 374 2876 non
391 2839 469 2876 satis
496 2841 758 2883 immorentur,
793 2846 854 2872 aut
872 2834 896 2872 fi
920 2835 1016 2872 forte
1039 2833 1269 2883 diligentiam
1294 2835 1478 2884 quandam
1502 2832 1674 2869 adhibue-

93 2893 177 2939 rint,
207 2905 333 2934 tamen
347 2896 392 2931 ab
408 2892 625 2931 authenticis
642 2894 754 2940 longe
776 2888 926 2928 varient.

150 2947 292 3000 Aphor.
307 2960 369 3000 30.
400 2951 427 2985 E
442 2961 463 2985 x
478 2960 500 2984 E
518 2959 583 2984 MP
598 2959 659 2983 LU
675 2958 718 2992 M,
747 2945 849 2996 quod
878 2954 972 2981 actas
994 2954 1309 2992 contemporanea
1335 2954 1397 2980 aut
1425 2942 1594 2994 proxima
1623 2953 1672 2976 te-

94 3002 198 3051 spuit,
228 3016 312 3040 cum
341 3003 439 3041 casus
470 3003 622 3039 subinde
644 3009 856 3045 recurreret,
886 3011 964 3036 non
993 2997 1098 3035 facile
1119 2998 1395 3034 admittendum
1424 2998 1482 3034 est.
1540 2997 1672 3044 Neque

98 3056 197 3094 enim
213 3068 358 3095 tantum
370 3057 515 3109 proillo
529 3056 624 3102 facit,
653 3055 752 3107 quod
765 3055 939 3091 homines
954 3054 1046 3092 illud
1059 3053 1281 3103 quandoque
1292 3051 1530 3102 usurparunt;
1562 3059 1673 3096 quam

99 3123 239 3158 contra,
269 3113 372 3161 quod
388 3111 523 3163 experti
551 3113 795 3160 reliquerunt.

94 3186 97 3189 ·
154 3169 262 3207 VoL.
292 3170 319 3204 l.
843 3162 883 3200 Ii
913 3173 933 3200 2
1533 3153 1678 3207 ΛΜΝ-

1742 287 1832 335 251
