2040 3465
71 104 163 145 κη
433 78 951 152 REDARGUTio
983 71 1717 152 ,PHILOSOPHIARUM

240 189 400 236 compos
412 195 476 234 per
494 193 573 220 rem
589 180 752 226 facilem,
780 182 817 216 ὃς
832 189 961 216 tamen
983 176 1047 214 ista
1066 178 1199 214 omnia
1221 174 1407 213 beneficio
1430 177 1466 212 ὅς
1482 174 1679 227 usulonge
1695 177 1863 229 [Πρω-ριγ-

242 250 341 277 tem:
373 238 446 276 hoc
463 237 523 284 cst,
553 247 594 274 ut
609 235 807 279 descendat
824 235 860 272 &
877 233 924 270 ad
943 244 998 269 tes
1013 232 1170 284 propius
1195 230 1356 268 accedat.
1412 230 1544 279 Atque
1567 244 1668 271 certe
1692 236 1730 271 in
1753 238 1862 275 intei-

244 295 358 333 lectus
374 292 439 331 usu
456 291 581 329 similis
599 302 669 327 nos
685 294 830 327 exercet
852 287 1120 337 imprudentia.
1851 306 1859 317 ,

301 350 489 399 NEQUE,
517 346 598 393 filii,
629 345 811 396 postulare
841 342 1024 380 debemus
1045 352 1086 379 ut
1115 350 1248 378 natura
1275 340 1386 377 nobis
1405 341 1557 378 obviam
1582 352 1664 379 cat:
1697 344 1756 381 scd
1783 346 1868 384 latis

249 404 439 448 habemus,
470 400 494 438 si
518 400 782 438 accedentibus
810 398 924 435 nobis
953 397 1067 445 idque
1099 397 1206 433 cultu
1234 395 1368 433 debito
1400 395 1434 432 se
1461 396 1767 445 conspiciendam
1791 402 1865 440 det,

248 458 365 509 Quod
385 456 409 494 si
422 458 482 494 cui
498 458 539 493 in
561 465 730 492 mentem
747 455 871 491 veniat
886 450 1034 502 opinari
1050 452 1123 489 tale
1136 450 1340 500 quippiam,
1370 449 1482 488 etiam
1498 453 1674 500 antiquos
1689 465 1799 506 atquc
1816 460 1866 506 ip:

251 513 330 551 sum
348 510 591 549 Aristotelem
611 508 866 562 proculdubio
884 519 904 544 a
921 507 1220 544 meditationum
1234 504 1382 543 suatum
1398 505 1584 558 principio
1599 519 1775 558 magnam
1789 513 1867 549 vi-m'

253 571 289 605 ὃ(
318 569 468 617 copiam
496 566 759 616 exemplorum
789 561 860 600 sive
894 559 1171 612 particularium
1207 560 1391 611 paravisse,
1421 572 1534 609 atque
1563 564 1722 601 eandem
1756 568 1871 614 viam,

252 635 367 671 quam
391 634 461 659 nos
482 621 599 658 veluti
621 631 761 658 novam
790 616 997 655 indicamus
1012 619 1049 654 ὃς
1074 614 1270 665 signamus,
1300 627 1429 657 revera
1457 617 1575 654 iniisse
1591 619 1627 655 ὃς
1656 618 1874 670 confecisse,-

253 677 349 715 adco
367 688 407 715 ut
434 676 556 713 astum
577 687 685 725 agere
706 674 825 712 videri
841 668 1046 722 possimus:
1076 681 1191 716 certe,
1219 668 1298 717 filii,
1326 670 1417 708 haec
1436 671 1483 708 de
1514 673 1586 708 illis
1606 675 1773 723 cogitare
1789 688 1870 714 non

255 731 304 769 cst
324 734 534 782 integrum:
564 730 730 768 formam
754 730 859 766 enim
875 730 912 765 δε
929 728 1117 764 rationem
1143 725 1246 763 suam
1273 724 1487 773 inquirendi
1511 725 1626 779 &ipsi
1647 730 1872 778 profitentur

255 786 434 836 &scripta
450 797 586 824 eorum
603 786 811 835 imaginem
834 781 1034 833 expressam
1064 793 1150 831 prae
1166 780 1201 818 se
1222 781 1359 819 ferunt.
1415 782 1473 818 Illi
1498 784 1602 819 enim
1623 783 1743 822 statim
1758 787 1806 823 ab
1819 789 1873 824 in-

255 841 494 880 duciionibus
513 841 775 892 nulliuspretii
790 840 835 876 ad
847 835 1107 875 conclusiones
1131 837 1295 873 maxime
1316 838 1507 885 generales
1522 848 1702 887 tanquam
1717 840 1875 891 disputa*-

255 897 407 935 tionum
424 899 533 947 polos
553 896 789 941 advolabant,
819 894 864 932 ad
880 904 1040 941 quarum
1055 890 1289 929 constantem
1305 894 1339 928 ὃ(
1357 893 1559 929 immotam
1580 896 1775 932 veritatem
1792 899 1875 934 reli-

258 965 331 1000 qua
351 953 607 1003 expediebant.
665 952 812 988 Verum
839 949 992 986 scicntia
1014 944 1224 994 constituta,
1253 957 1336 983 tum
1363 947 1521 984 demum
1547 946 1644 996 siqua
1659 950 1877 989 controve'r'ss

258 1006 304 1046 sia
319 1009 365 1045 de
382 1009 509 1058 aliquo
525 1006 699 1057 exemplo
720 1006 777 1042 vel
793 1004 965 1053 instantia
986 1013 1091 1040 mota
1106 1001 1204 1048 ess'et,
1235 1013 1274 1038 ut
1299 1000 1426 1052 positis
1447 1002 1517 1040 suis
1534 1004 1762 1054 refragante:
1792 1006 1873 1044 non

263 1063 298 1100 id
316 1063 474 1114 agebant
490 1072 531 1099 ut
546 1058 708 1113 positum
730 1060 822 1097 illud
845 1059 1130 1098 emendaretur3
1161 1056 1220 1094 sed
1237 1055 1362 1108 posito
1385 1057 1486 1095 salvo
1509 1058 1724 1105 hujusmodi
1746 1059 1878 1099 instan-

262 1120 330 1155 tias
345 1131 437 1167 quae
460 1118 660 1167 negotium
687 1110 883 1161 faciebant,
912 1123 976 1151 aut
1001 1125 1067 1163 per
1091 1110 1371 1150 dissinflioncm
1389 1111 1551 1162 aliquam
1581 1113 1759 1153 subtilem
1774 1118 1810 1154 ὅ(
1826 1118 1881 1155 la-

260 1175 426 1223 pientem
448 1175 488 1210 in
518 1170 694 1210 ordinem
717 1171 948 1220 redigebant,
977 1179 1041 1206 aut
1070 1180 1135 1220 per
1163 1166 1424 1218 exceptionem
1445 1170 1555 1218 plane
1581 1169 1878 1220 (hominesnon

260 1230 365 1276 mali)
382 1229 637 1265 dimittebant.
693 1227 811 1278 Quod
825 1223 851 1262 si
867 1223 1059 1262 instantiae
1074 1233 1138 1261 aut
1156 1223 1386 1274 particularis
1402 1226 1454 1261 rei
1471 1236 1552 1262 non
1567 1226 1882 1267 contradictoriae

263 1284 536 1329 reconciliatio,
565 1282 626 1320 sed
643 1281 820 1319 obscurae
831 1279 926 1318 ratio
941 1289 1195 1330 quaereretur,
1225 1291 1307 1316 eam
1323 1280 1368 1316 ad
1386 1277 1656 1329 speculationes
1671 1281 1750 1320 suas
1764 1278 1880 1331 quan-

263 1340 389 1388 doque
406 1337 602 1388 ingeniose
621 1336 985 1388 accommodabant:
1014 1335 1244 1383 quandoque
1260 1334 1393 1372 misere
1411 1335 1661 1383 torquebant:
1688 1343 1784 1389 quae
1799 1350 1880 1375 om-

264 1396 321 1431 nis
342 1394 516 1431 industria
537 1395 572 1431 ὅ(
588 1393 788 1430 contentio
802 1404 857 1429 tes
871 1388 946 1428 sine
967 1389 1221 1429 fundamento
1237 1389 1346 1426 nobis
1371 1390 1530 1428 videtur.

319 1452 506 1501 ITAQJE
527 1449 647 1485 nolite
668 1445 918 1493 commoveri,
947 1445 1050 1494 quod
1066 1445 1243 1494 frequens
1265 1443 1401 1482 alicubi
1422 1447 1520 1483 inter
1536 1448 1722 1484 nonnulla
1739 1447 1883 1486 Aristo-

265 1504 346 1542 telis
376 1504 507 1556 scripta
543 1503 755 1541 inveniatur
790 1502 1052 1552 exemplorum
1084 1502 1120 1537 δε
1148 1501 1431 1552 particularium
1474 1503 1634 1539 mentio.
1692 1503 1886 1541 Nox-eritis

265 1558 380 1607 enim,
411 1560 448 1597 id
467 1559 548 1597 sero
564 1561 600 1596 ὃ(
612 1555 806 1610 postquam
822 1557 1017 1595 decretum
1033 1556 1169 1603 fuifl'et,
1198 1556 1337 1593 fastum
1356 1556 1480 1593 fuiss'c:
1511 1558 1567 1593 illi
1581 1559 1686 1595 enim
1703 1570 1786 1596 mos
1801 1570 1879 1598 crat

266 1627 348 1652 non
363 1615 518 1653 liberam
534 1611 800 1663 experientiam
817 1611 1024 1657 consulere,
1054 1611 1115 1648 sed
1131 1609 1314 1662 captivam
1335 1611 1538 1653 ostentare3
1568 1624 1645 1650 nec·
1663 1624 1747 1650 eam
1760 1614 1807 1651 ad
1823 1626 1884 1652 ve-

269 1671 388 1707 ritatis
404 1667 687 1718 inquisitionem
701 1666 955 1718 promiscuam
975 1668 1012 1707 &
1032 1678 1203 1715 aequam,
1233 1665 1295 1703 scd
1322 1667 1367 1703 ad
1387 1667 1578 1704 dictorum
1600 1666 1754 1706 suorum
1768 1668 1885 1706 fidem

269 1724 505 1762 sollicitatam
527 1725 563 1761 &
578 1722 734 1761 clettam
755 1722 950 1760 adducere.
1008 1723 1147 1770 Neque
1162 1720 1286 1759 rursus
1307 1722 1382 1758 tale
1398 1722 1556 1771 aliquod
1574 1721 1769 1761 vobiscum
1784 1724 1895 1774 cogi*

269 1790 355 1826 tate,
383 1791 465 1816 earn
479 1790 593 1829 quam
612 1790 683 1815 nos
700 1787 898 1829 tantopere
914 1773 1163 1814 desideramus
1178 1774 1477 1815 differentiarum
1498 1775 1745 1816 subtilitatem
1759 1780 1799 1816 in
1813 1778 1888 1817 dis-

267 1834 515 1873 tinftionibus
534 1832 851 1886 philosophorum
881 1830 1187 1870 scholasticorum
1220 1830 1359 1879 haberi,
1389 1842 1501 1881 atque
1531 1833 1628 1871 adeo
1655 1833 1885 1872 elucescere:

269 1903 393 1939 neque
408 1891 512 1927 enim
535 1887 746 1927 existimetis
771 1888 817 1926 ab
844 1888 917 1926 hac
939 1886 1167 1939 praepostera
1181 1885 1385 1925 subtilitate
1409 1889 1550 1938 primae
1570 1887 1824 1940 negligentiae
1844 1892 1883 1928 δε

270 1945 498 1983 festinationi·
511 1947 547 1983 &
567 1944 772 1982 temeritati
791 1941 1016 1982 subventum
1033 1942 1118 1980 effe.
1170 1943 1305 1992 Longe
1318 1943 1427 1990 abest,
1455 1943 1537 1990 filii,
1566 1954 1607 1982 ut
1623 1943 1697 1982 hoc
1714 1944 1793 1981 fieri
1805 1945 1888 1997 pos-

270 2000 332 2042 sit3
361 2002 467 2049 quin,
496 2001 638 2037 credite
653 1998 762 2046 mihi,
791 1998 894 2048 quod
910 1999 957 2036 de
986 1997 1140 2036 fortuna
1155 1997 1230 2035 dici
1253 1997 1362 2044 solet,
1390 1999 1427 2036 id
1443 1998 1489 2036 de
1505 2010 1636 2037 natura
1651 1995 1885 2037 verissimum

271 2057 332 2103 cst,
361 2068 443 2094 eam
461 2068 480 2093 a
495 2056 622 2093 fronte
638 2054 860 2106 capillatam,
888 2053 934 2091 ab
949 2054 1130 2103 occipitio
1151 2054 1294 2090 calvam
1310 2053 1391 2091 effe.
1449 2055 1590 2092 Omnis
1605 2057 1707 2092 enim
1728 2053 1790 2092 ista
1809 2055 1886 2093 scra

274 2112 456 2149 subtilitas
485 2113 521 2148 &
545 2109 751 2160 diligentia,
779 2109 974 2159 postquam
1004 2120 1135 2146 verum
1163 2119 1312 2158 tempus
1340 2108 1611 2147 observationis
1646 2112 1886 2160 praeterierit,

274 2177 444 2204 naturam
460 2165 630 2218 prensare
647 2175 708 2202 aut
724 2175 870 2214 captare
885 2164 1016 2214 potest,
1047 2163 1108 2201 sed
1125 2175 1320 2212 nunquam
1337 2165 1612 2216 apprehendere
1627 2175 1690 2203 aut
1710 2177 1851 2215 capere.
1901 2171 1907 2178 ·’

328 2223 569 2273 EQHDEM
598 2220 682 2257 satis
706 2219 795 2267 scio,
824 2219 939 2268 idque
967 2231 1034 2257 vos
1061 2231 1142 2256 non
1164 2221 1215 2256 ita
1242 2220 1370 2256 multo
1399 2219 1481 2269 post
1503 2220 1766 2272 experiemini:
1795 2220 1889 2271 post-

276 2289 388 2325 quam
405 2288 510 2315 vcrac
525 2279 561 2314 ὃ(
581 2273 727 2313 nativae
740 2286 867 2312 terum
890 2273 1096 2320 subtilitati,
1125 2277 1161 2312 ὅ(
1189 2272 1412 2312 differentiis
1436 2274 1475 2313 in
1491 2276 1718 2327 experientia
1741 2273 1890 2327 signatis

277 2336 313 2369 ὅ(
329 2329 512 2381 expressis,
543 2334 580 2370 ὅ(
595 2328 714 2368 sensui
726 2328 906 2376 subjectis,
935 2340 997 2368 aut
1012 2328 1141 2367 saltem
1159 2342 1223 2379 per
1239 2328 1386 2367 sensum
1402 2332 1441 2368 in
1456 2333 1579 2368 lucem
1595 2330 1772 2376 extrastis,
1800 2342 1887 2382 pau·

281 2388 399 2423 lulum
415 2386 639 2428 insuevistiss
666 2386 854 2423 continuo
877 2383 1121 2424 subtilitatem
1150 2386 1255 2423 illam
1276 2385 1432 2422 alteram
1455 2385 1753 2437 disputationum
1770 2389 1892 2424 &ver-

280 2442 429 2490 borum,
459 2454 553 2490 quae
573 2440 824 2491 cogitationes
853 2440 982 2478 vestras
1005 2453 1086 2477 non
1107 2438 1182 2477 sine
1207 2451 1344 2488 magna
1371 2441 1617 2478 admiratione
1642 2441 1835 2491 occupavit
1855 2445 1893 2479 δε

280 2499 413 2543 tenuit,
441 2495 539 2548 quasi
555 2510 624 2549 pto
640 2508 677 2533 re
692 2495 833 2533 ludicra
853 2497 998 2547 &larva
1012 2496 1171 2544 quadam
1194 2498 1231 2533 ὅ(
1250 2497 1505 2533 incantatione
1525 2496 1684 2533 habituri
1699 2495 1780 2534 sitis.

338 2554 513 2600 QUARE
535 2549 650 2589 missis
668 2550 736 2588 istis
752 2551 999 2603 philosophiis
1020 2551 1212 2596 abstraffls,
1242 2563 1307 2587 vos
1329 2552 1364 2587 ὅ(
1381 2563 1465 2600 ego,
1496 2550 1574 2597 filii,
1605 2552 1712 2588 rebus
1729 2550 1808 2601 ipsis
1821 2563 1897 2588 nos

283 2605 543 2654 adjungamus:
573 2618 697 2655 neque
712 2607 756 2643 ad
786 2606 899 2643 seciae
922 2606 1145 2644 condendae
1172 2604 1332 2656 gloriam
1361 2608 1534 2644 animum
1562 2606 1802 2656 adjiciamus;
1832 2606 1892 2644 sed

284 2662 454 2698 utilitatis
491 2665 526 2699 ὅ(
562 2661 818 2712 amplitudinis
854 2661 1039 2699 huma-nae
1065 2673 1192 2699 cutam
1227 2660 1324 2698 serio
1352 2656 1610 2711 suscipianiu53
1640 2673 1762 2710 atque,
1792 2663 1891 2698 inter

285 2727 454 2753 mentem
471 2718 692 2754 &naturam
713 2715 951 2754 connubium
973 2717 1110 2755 castum
1132 2719 1168 2754 &
1197 2718 1413 2766 legitimum
1436 2717 1618 2767 (pronuba
1642 2716 1893 2754 misericordia

281 2772 421 2818 divina)
452 2770 664 2812 firmemus5
694 2774 832 2821 precati
863 2774 978 2810 ctiam
1007 2773 1146 2819 Deum,
1176 2772 1280 2816 cujus
1307 2773 1464 2809 numine
1495 2775 1531 2809 ὅ(
1556 2782 1650 2809 nutu
1672 2773 1762 2809 haec
1781 2771 1889 2813 fiunt,

281 2828 422 2875 quique
437 2836 477 2864 ut
498 2826 699 2863 bominum
711 2829 747 2864 ὅ(
764 2839 902 2874 rerum,
933 2830 984 2865 ita
999 2828 1190 2865 lumintun
1208 2830 1244 2864 &
1260 2826 1568 2867 consolationum
1585 2837 1686 2877 pater
1702 2826 1761 2871 est,
1792 2836 1832 2863 ut
1847 2838 1890 2863 ex

283 2883 352 2917 illo
367 2879 574 2928 connubio,
604 2893 683 2919 non
700 2880 903 2930 phantasiae
924 2882 1101 2929 monstra,
1130 2882 1191 2919 scd
1214 2881 1315 2932 stirps
1336 2882 1510 2930 heroum,
1538 2894 1632 2931 quae
1648 2880 1810 2919 monstra
1825 2882 1891 2917 do-

282 2946 360 2972 met
380 2938 416 2974 &
436 2938 641 2986 extinguat,
670 2936 744 2973 hoc
767 2935 826 2982 est,
857 2939 1009 2975 inventa
1029 2938 1198 2975 salutaria
1221 2939 1255 2975 &
1273 2939 1379 2974 utilia
1397 2938 1442 2975 ad
1458 2934 1690 2975 neceiiitates
1710 2937 1891 2974 humanas
1911 2944 1914 2950 ·

284 2990 484 3083 (quantuitn
499 2991 580 3030 ficri
594 2991 715 3039 datur)
734 2991 970 3032 debellandas
986 2995 1021 3032 ὅ(
1043 2992 1256 3032 relevandas
1279 2991 1501 3043 suscipiatur.
1559 2994 1645 3031 Hoc-
1658 2990 1894 3042 epithalamii·

279 3054 415 3083 <fotum
449 3056 485 3084 it.
543 3051 552 3056 ’
705 3048 707 3050 ’
1730 3048 1892 3093 Canta,

1740 3296 1959 3405 wax

1716 3387 1733 3405 ,r
