2040 3439
82 211 232 261 Lib21.
295 208 394 254 DE
444 204 947 254 AUGMEN'TIS
994 202 1604 253 SCIENTIA-RUM.

82 308 254 358 pluribus
284 303 524 356 suppeditasse
560 301 713 351 vietum,
755 316 872 353 quam
911 306 1065 354 Syllam,
1111 305 1324 351 Caesarem,
1366 316 1430 344 aut
1476 307 1702 357 Augustum,

80 365 171 402 licet
186 371 246 399 tot
267 360 471 410 congiaria,
492 369 552 397 tot
562 359 751 406 donativa,
767 368 827 396 tot
843 371 1020 409 agrorum
1033 356 1298 410 aiiignarioncs
1317 363 1440 413 largiti
1459 359 1537 399 sint.
1587 364 1703 402 Certe

80 414 239 456 difficile
258 416 360 453 die'tu
383 414 444 461 est,
472 426 574 452 arma
602 426 650 452 an
678 416 806 452 literae
832 415 999 463 plurium
1024 416 1196 453 fortunas
1212 417 1488 454 constituerint.
1544 419 1650 471 Quin
1680 419 1701 455 {i

81 473 130 510 dc
151 472 297 510 summa
315 469 496 523 potestate
522 470 737 518 loquamur,
765 469 964 511 videmus;
1002 469 1025 507 ss
1046 483 1160 518 arma,
1191 483 1254 509 aut
1276 473 1331 516 jus
1355 472 1594 510 haereditatis
1625 487 1688 523 reg

81 539 177 567 num
202 527 460 571 contulerunt,
491 534 527 562 at
556 523 749 563 literarum
773 523 864 562 sorti
895 525 1035 575 saepius
1051 523 1156 564 cellit
1173 528 1441 576 fircerdorium,
1470 529 1577 577 quod
1593 533 1699 578 regni

81 583 229 633 semper
249 579 319 619 fuit
345 580 471 617 rivale.

135 639 343 682 RURsus,
373 632 398 671 fi
427 632 717 672 delectationem
738 636 1088 685 jucunditatemque
1111 636 1286 674 scientiae
1315 640 1506 686 intuearis,
1537 640 1703 676 multum

82 692 168 732 sanc
184 693 248 729 illa
266 692 477 741 voluptates
498 688 584 727 alias
603 702 738 727 omnes
753 699 937 739 exuperat.
994 693 1097 744 Quid
1114 694 1244 729 enim?
1273 705 1367 729 num
1384 694 1483 731 forte
1499 693 1702 732 affectuum

80 749 292 797 ,voluptates
325 754 434 783 tanto
463 744 664 782 intervallo
698 746 975 783 obleetamcnta
1002 746 1177 784 stnsuum
1210 748 1407 795 excedent,
1445 761 1591 797 quanto
1619 752 1698 787 voti

81 802 257 843 assecutio
285 801 374 838 felix
403 801 686 838 cantiunculam
714 811 778 838 aut
807 813 993 837 coenam:
1023 804 1060 839 ὃ(
1086 815 1167 840 non
1198 805 1274 853 pari
1305 804 1526 852 gradatione
1556 806 1700 842 intelle-

80 858 158 895 &tus
179 858 400 906 voluptates,
431 867 491 892 eas
525 867 618 903 quae
648 855 733 893 sunt
762 855 979 903 affeetuum,
1008 858 1302 894 transcendent?
1348 860 1390 894 ln
1420 860 1573 895 caeteris
1598 860 1700 896 oble-

80 912 310 952 stationibus
335 910 479 948 satietas
507 908 557 947 cst
575 910 751 957 finitima,
783 913 820 948 δε
850 910 1047 962 postquam
1068 914 1183 963 paulo
1213 912 1516 960 inveteraverim,
1548 914 1619 950 {ios
1649 916 1701 963 ip-

80 967 206 1008 sarum
230 969 268 1005 &
291 964 456 1004 venustas
485 965 702 1002 marcescit:
731 978 811 1014 quo
835 966 1019 1003 doeemur
1045 979 1127 1004 non
1153 968 1233 1004 illas
1255 967 1414 1015 liquidas
1431 981 1556 1005 revera
1571 970 1701 1021 volup-

81 1032 178 1062 tates
214 1034 256 1060 ae
288 1019 443 1059 sinceras
470 1019 587 1066 fuisse,
632 1019 694 1058 scd
722 1021 873 1058 umbras
895 1031 1046 1058 tantum
1075 1024 1111 1059 δε
1140 1022 1302 1060 fallacias
1336 1024 1589 1075 voluptatum,
1619 1036 1702 1061 non

81 1088 159 1116 tam
185 1078 362 1126 qualitate
388 1075 461 1123 sua,
490 1088 604 1123 quam
634 1071 802 1113 novitate
826 1076 1005 1121 jucundas
1028 1091 1035 1113 ε
1067 1077 1168 1115 unde
1198 1081 1234 1115 δε
1262 1079 1466 1130 voluptarii
1494 1079 1635 1131 saepius
1663 1080 1701 1116 fi-

84 1143 155 1171 unt
184 1130 372 1177 monachi,
404 1133 440 1168 δε
464 1129 754 1169 ambitiosorum
784 1133 999 1183 principum
1030 1131 1197 1170 sencecus
1225 1132 1361 1170 tristior
1394 1133 1473 1171 fere
1494 1134 1542 1171 cst
1568 1137 1604 1171 δε
1626 1147 1701 1172 me-

82 1187 273 1226 lancholia
293 1185 441 1224 obsessa.
502 1187 686 1224 Scientiae
707 1196 835 1224 autem
864 1199 946 1224 non
968 1187 1016 1224 est
1032 1187 1187 1234 satietas,
1219 1196 1350 1226 verum
1368 1191 1404 1226 δε
1420 1189 1572 1226 fruendi
1589 1192 1625 1227 δε
1641 1194 1701 1242 ap'-

81 1241 236 1295 petendi
273 1251 457 1294 perpetuo
494 1243 531 1278 &
569 1240 727 1278 subinde
767 1253 959 1279 recurrens
996 1238 1238 1284 viciffitud05
1283 1254 1324 1280 ut
1353 1243 1494 1281 neeess'e
1525 1243 1565 1281 {it
1591 1245 1701 1288 hujus

80 1296 338 1346 delestationis
363 1298 511 1333 bonum
535 1293 686 1348 simplex
703 1296 783 1342 ess'e,
822 1309 904 1334 non
929 1309 972 1334 ex
993 1297 1198 1344 accidente,
1229 1309 1292 1335 aut
1308 1311 1396 1336 eum
1420 1298 1563 1336 fraude.
1623 1302 1700 1337 Nc-

83 1365 158 1402 que
182 1354 246 1391 illa
270 1353 454 1402 voluptaS‚
485 1363 599 1400 quam
627 1351 797 1402 depingit
812 1352 1019 1400 Lucretius,
1049 1351 1228 1390 ultimum
1257 1355 1445 1391 inanimo
1467 1356 1595 1391 locum
1627 1355 1699 1392 sor-

27 1427 32 1437 ·
82 1409 193 1446 titur.

304 1459 435 1500 Suave
455 1459 556 1500 mari
575 1469 712 1513 magno
732 1457 985 1499 turbantibus
1003 1472 1170 1514 aequora
1190 1462 1340 1509 ventis,
1370 1459 1452 1505 &a

85 1571 218 1623 Suave
231 1568 283 1622 est
300 1568 564 1624 spectaculum
587 1570 740 1619 (inquit)
749 1567 922 1620 stantem
944 1577 1017 1609 aut
1035 1569 1297 1610 ambulantem
1316 1571 1359 1610 in
1378 1570 1526 1619 littore,
1556 1585 1698 1611 navem

85 1627 232 1675 intueri
261 1624 483 1680 tempestate
511 1627 553 1665 in
575 1626 676 1664 mari
685 1623 892 1678 jactatam
909 1640 920 1663 .·
946 1624 1078 1678 fitave
1099 1624 1239 1665 itidem
1263 1640 1312 1666 ex
1339 1625 1448 1665 edita
1477 1629 1580 1666 turri
1602 1626 1701 1666 duas

84 1694 238 1728 cernere
261 1683 367 1721 acies
390 1680 660 1734 concursantes
692 1681 734 1718 in
746 1679 922 1733 planitie
938 1695 949 1718 .·
976 1688 1022 1719 at
1045 1680 1108 1720 nil
1132 1680 1285 1720 dulcius
1320 1681 1371 1731 eslf
1398 1680 1557 1730 homini,
1589 1696 1702 1736 quam

87 1749 195 1778 mens
208 1746 282 1791 per
301 1735 516 1776 doetrinam
536 1737 578 1775 in
598 1747 687 1775 arce
710 1736 904 1775 veritatis
932 1735 1132 1786 collocata,
1162 1735 1263 1776 unde
1291 1736 1455 1776 aliorum
1483 1751 1629 1776 errores
1654 1737 1701 1782 (jv

85 1791 236 1834 labores
257 1788 443 1846 dispicere
462 1788 590 1846 poffit.

140 1905 274 1942 DENI
285 1915 347 1956 QU
355 1915 390 1951 E,
420 1913 462 1942 ut
477 1905 675 1941 mittamus
689 1902 854 1952 vulgaria
870 1903 933 1941 illa
946 1914 1180 1953 argumenta,
1210 1904 1315 1953 quod
1331 1916 1396 1956 per
1412 1904 1623 1942 doeh-inam
1642 1905 1703 1942 sei·

86 1959 189 2008 iicet,
217 1957 326 1997 homo
344 1956 490 1997 homini
509 1959 552 1996 in
571 1969 612 1995 eo
623 1955 812 2009 praestat,
841 1958 883 1996 in
906 1970 978 2011 quo
996 1957 1073 2011 tpsb
1096 1956 1222 1996 brutis
1240 1973 1250 1996 .·
1279 1960 1383 2008 quo-i
1405 1972 1478 2011 ope
1507 1960 1702 1996 doetrinae

88 2013 259 2052 ascendat
283 2014 405 2052 homo
426 2013 619 2051 intelleetu
639 2012 754 2062 usque
776 2014 822 2050 ad
846 2016 988 2061 coelos,
1017 2027 1096 2062 quo
1119 2026 1281 2065 corpore
1309 2027 1391 2051 non
1415 2015 1545 2064 potest,
1576 2018 1611 2051 ὃ(
1636 2015 1703 2051 alia

86 2068 246 2107 fimilia:
274 2081 362 2108 cum
387 2082 434 2108 eo
457 2068 729 2107 concludamus
751 2068 858 2106 bono
881 2070 976 2107 hanc
991 2069 1287 2107 differtationem
1304 2070 1350 2106 de
1367 2071 1558 2106 literarum
1587 2071 1703 2106 excel-

86 2125 213 2172 lentia,
243 2125 289 2162 ad
304 2126 408 2174 quod
422 2125 587 2162 humana
607 2133 741 2161 natura
754 2134 841 2162 ante
859 2123 1150 2173 omniaaspirat,
1181 2125 1255 2162 hoc
1275 2125 1335 2171 est,
1364 2123 1650 2161 immortalitate
1667 2127 1704 2162 δ(

83 2181 315 2217 aeternitate.
361 2182 445 2218 Huc
460 2181 564 2217 enim
582 2178 743 2229 spefitant
758 2181 973 2230 procreatio
986 2179 1139 2226 sobolis,
1156 2181 1378 2217 nobilitatio
1389 2179 1565 2224 familiae,
1581 2179 1704 2216 acdifi-

85 2236 154 2281 cia‚
170 2234 422 2281 fundationes,
439 2243 704 2280 monumenta,
719 2233 831 2281 fama,
848 2246 889 2271 ac
898 2235 1063 2284 denique
1078 2234 1336 2272 humanorum
1349 2244 1528 2271 votorum
1545 2234 1702 2271 summa.

83 2291 208 2339 Atqui
223 2289 392 2327 videmus
406 2298 658 2326 monumenta
673 2287 817 2336 ingenii
830 2291 866 2326 ὅ(
878 2288 1114 2334 eruditionis,
1131 2299 1276 2337 quanto
1287 2287 1424 2326 diutius
1439 2289 1575 2325 durent
1587 2301 1704 2339 quam

86 2355 140 2392 ea,
170 2356 265 2394 quae
280 2356 393 2394 opere
410 2346 444 2382 &
462 2356 577 2381 manu
598 2343 690 2380 fasta
705 2342 801 2380 [unt.
857 2343 1009 2385 Annon
1026 2345 1186 2380 Homeri
1207 2341 1372 2380 carmina
1388 2342 1520 2392 viginti
1537 2342 1703 2392 quinque

87 2411 279 2438 annorum
299 2401 483 2437 centurias
503 2401 540 2436 &
565 2397 681 2450 supra,
709 2397 848 2446 absque
872 2399 991 2435 unius·
1007 2397 1165 2446 syllabae
1189 2409 1252 2435 aut
1269 2400 1398 2435 literae
1419 2398 1566 2444 jachim,
1598 2398 1703 2436 dura-

87 2457 247 2493 verunt?
274 2456 367 2507 Quo
389 2454 506 2506 spatio
526 2455 726 2491 innumera
746 2454 892 2504 palatia,
921 2455 1075 2504 templa,
1105 2454 1258 2499 castella,
1289 2453 1411 2499 urbes,
1440 2452 1600 2505 collapsa
1621 2452 1705 2491 sunt

88 2519 152 2548 aut
166 2510 313 2551 dirutas
335 2510 497 2559 picturae
513 2521 554 2546 ac
568 2507 703 2545 statuae
720 2508 828 2556 Cyri,
854 2508 1074 2555 Alexandri,
1097 2508 1276 2553 Caelium,
1308 2510 1389 2544 imo
1406 2520 1536 2556 regum
1554 2510 1589 2545 ὃς
1604 2508 1703 2560 prin-

89 2566 217 2614 cipum
238 2566 364 2602 multo
380 2566 651 2610 recentiorum,
680 2564 790 2600 nullo
810 2564 884 2609 jam
901 2562 986 2601 sunt
1002 2564 1123 2600 modo
1139 2563 1336 2614 parabiles:
1367 2562 1583 2612 Archetypa
1599 2566 1705 2601 enim

91 2620 166 2671 ipsa
181 2619 402 2663 jamdudum
414 2619 585 2657 confetita
600 2617 777 2657 vetustate
789 2619 1003 2667 perierunt3
1024 2619 1192 2667 exempla
1208 2628 1332 2654 autem
1347 2615 1464 2654 indies
1480 2618 1708 2669 primigenia

91 2673 337 2716 similitudine
348 2675 590 2712 muletantur.
608 2675 662 2710 At
674 2675 919 2722 ingeniorum
930 2674 1112 2722 imagines
1123 2683 1307 2724 perpetuo
1317 2674 1483 2721 integrae
1495 2684 1652 2710 manent
1664 2675 1705 2710 in

92 2730 212 2775 libris,
243 2731 357 2767 nullis
373 2740 591 2779 temporum
611 2726 757 2774 injuriis
773 2728 973 2776 obnoxiae,
1004 2739 1136 2777 utpote
1152 2740 1246 2775 quae
1268 2728 1393 2776 jugem
1410 2729 1707 2765 renovationem

93 2785 257 2837 recipere
274 2784 444 2836 poss'unt:
473 2795 689 2833 quanquam
706 2794 775 2819 nec
791 2785 974 2831 imagines
989 2784 1063 2819 dici
1080 2784 1230 2833 proprie
1247 2779 1399 2831 possint,
1421 2784 1507 2830 qnia
1523 2794 1709 2834 perpetuo

94 2850 273 2888 generant
289 2840 591 2891 quodammodo,
622 2837 839 2886 seminaque
857 2838 918 2875 sua
933 2840 973 2874 in
989 2839 1139 2874 animos
1153 2838 1358 2874 hominum
1376 2836 1564 2888 spargunt,
1593 2849 1708 2886 atque

94 2895 286 2941 aetatibus,
317 2893 623 2942 subsequentibus
647 2892 812 2929 infinitas
835 2893 999 2929 actiones
1020 2890 1296 2941 opinionesque
1320 2891 1495 2929 suscitant
1523 2895 1558 2930 ὅ(
1583 2895 1707 2941 progi-

94 2958 230 2997 gnunt.
285 2950 403 3001 Quod
428 2948 452 2986 fi
478 2950 580 2986 navis
601 2947 811 2994 inventum,
848 2959 905 2983 rcs
930 2946 1130 2984 existimata
1151 2957 1229 2984 tam
1253 2947 1394 2984 nobilis
1419 2949 1456 2984 ὅ(
1481 2947 1708 2984 admirabilis

96 3003 224 3049 fuerit,
251 3015 347 3051 quae
362 3016 451 3055 opes
468 3002 684 3051 mercesque
700 3003 788 3039 hine
809 3002 897 3038 inde
913 3001 1151 3050 transportat,
1181 3003 1353 3051 regiones
1368 3003 1461 3039 locis
1479 2997 1709 3043 diminuim-

98 3069 175 3095 mas
204 3060 492 3110 participatione
524 3058 712 3097 fruetuum
747 3060 784 3094 ὃς
812 3058 1113 3096 commodorum
1145 3056 1357 3098 consociam
1402 3068 1546 3105 quanto
1578 3056 1709 3091 recinis

115 3134 119 3137 -
153 3113 262 3152 VOL.
297 3114 323 3151 I.
886 3112 921 3150 H
1585 3111 1713 3146 literae

1772 203 1840 276 ”57
