2040 3439
668 197 999 248 NOVUM
1063 197 1552 249 20⁸RG2A-NU2M.
1765 198 1947 253 Lib-,IL

328 300 597 354 migrationem
623 298 775 337 indatur
791 314 805 341 ς
835 306 899 335 aut
931 305 1066 334 contra
1080 307 1148 346 per
1169 295 1390 343 hujusmodi
1417 298 1691 348 migrationem
1725 300 1882 340 tollatur
1909 304 1947 341 &

329 357 545 397 destruatur.
601 353 732 404 Atque
752 352 838 391 lieet
854 353 981 389 omnis
1004 349 1166 390 exclusio
1193 362 1416 402 promoveat
1441 348 1716 402 affirmativam,
1730 364 1859 393 tamen
1874 356 1950 397 hoc

332 411 451 463 magis
467 410 606 450 directe
629 408 673 446 fit
697 407 737 446 in
764 407 931 453 subjeeto
958 407 1109 454 eodem,
1138 419 1252 456 quam
1277 407 1318 446 in
1345 405 1506 445 diversis.
1565 409 1703 446 Forma
1726 420 1850 448 autem
1887 405 1958 462 (ut'

331 481 376 507 ex
396 467 588 511 omnibus,
616 475 712 513 quae
730 463 829 500 dieta
855 462 954 508 sunt,
981 462 1180 501 manifesto
1203 463 1338 511 liquet)
1372 463 1537 513 prodens
1557 463 1593 502 se
1612 464 1654 500 in
1674 476 1766 511 uno,
1781 465 1885 504 ducit
1901 467 1948 509 ad

329 524 461 560 omnia
478 535 487 558 :
516 531 596 569 quo
624 529 752 557 autem
773 516 975 568 simplicior
992 516 1104 559 fuerit
1118 518 1309 568 migratio,
1338 530 1386 555 eo
1402 519 1519 568 magis
1533 517 1702 557 habenda
1717 520 1766 557 est
1779 519 1949 568 instantia

332 580 374 615 in
403 574 535 626 pretio.
590 575 784 612 Praeterea
803 571 996 611 instantiae
1023 574 1228 622 migrantes
1245 574 1376 623 magni
1394 572 1479 611 sunt
1499 573 1582 611 usus
1597 573 1642 610 ad
1663 585 1803 624 partem
1819 567 1948 628 opera—

324 631 447 670 .tivam
462 648 472 675 3
502 632 590 679 quia
607 642 695 667 cum
713 637 931 681 proponant
945 627 1111 666 formam
1127 629 1341 680 copulatam
1360 639 1448 666 eum
1474 625 1659 666 efficiente
1678 641 1741 667 aut
1761 631 1946 680 privante,

329 686 519 739 perspicue
535 683 729 735 designant
749 685 880 734 praxin
907 684 949 721 in
977 682 1190 732 aliquibus;
1222 683 1324 721 unde
1348 681 1463 721 facilis
1489 685 1603 721 etiam
1632 683 1681 721 est
1707 683 1879 724 transitus
1902 687 1950 730 ad

327 741 510 794 proxima.
567 740 695 778 Subest
716 750 847 777 tamen
872 740 913 776 in
936 739 1012 777 illis
1034 737 1214 776 nonnihil
1238 736 1405 788 periculi,
1435 739 1537 787 quod
1562 739 1706 788 indiget
1736 741 1946 792 cautione,;

329 800 407 836 hoc
421 795 606 840 videlieet,
635 807 683 833 ne
696 795 862 833 formam
884 792 998 831 nimis
1022 793 1212 831 retrahant
1239 793 1286 831 ad
1305 789 1546 841 efficientem,
1569 793 1851 834 &intellectum
1866 808 1948 847 per-

330 853 505 901 fundant,
535 853 594 889 vel
623 850 753 888 saltem
782 849 1026 899 perstringant
1054 847 1141 886 falsa
1160 848 1346 901 opinione
1375 849 1423 886 de
1456 849 1594 896 forma,
1623 862 1666 886 ex
1699 851 1841 889 intuitu
1870 848 1948 895 cffi-

331 908 475 946 cientis.
531 903 711 945 Efficiens
736 918 827 942 vero
844 904 988 954 semper
1015 903 1170 954 ponitur
1195 905 1250 942 nil
1273 903 1372 942 aliud
1399 903 1469 942 effe
1489 916 1603 953 quam
1629 904 1946 952 vehiculum,.sive

330 964 503 1001 deferens
521 963 680 1000 formae.
738 962 884 1000 Verum
904 960 992 998 huic
1021 959 1086 1006 rei,
1115 971 1180 1009 per
1211 957 1430 997 exclusivam
1463 957 1633 1010 legitime
1662 959 1808 1008 factam,
1837 959 1946 1000 facile

328 1019 527 1056 adhibetur
556 1016 778 1054 remedium.
1916 1058 1917 1063 1

382 1075 778 1111 PRopoNENDUM
806 1070 930 1120 itaque
969 1070 1017 1107 est
1044 1071 1120 1116 jam
1157 1071 1372 1120 exemplum
1399 1069 1590 1107 instantiae
1624 1069 1833 1120 migrantis.
1891 1070 1946 1121 Sit

328 1138 462 1166 natura
485 1125 670 1177 inquisita,
699 1126 842 1163 candor
869 1124 939 1163 sive
977 1125 1138 1163 albedo:
1177 1126 1351 1162 Instantia
1388 1127 1554 1174 migrans
1581 1125 1628 1162 ad
1656 1128 1943 1175 generationem

327 1184 380 1222 est
412 1181 551 1221 vitrum
579 1184 784 1232 integrum,
813 1184 851 1218 &
879 1179 1015 1219 vitrum
1039 1179 1316 1230 pulverisatum.
1375 1182 1569 1227 Similiter,
1598 1193 1692 1229 aqua
1713 1179 1877 1231 simplex,
1906 1184 1945 1222 &

327 1249 423 1290 aqua
444 1237 580 1288 agitata
604 1239 644 1274 in
668 1235 849 1288 spumam.
905 1237 1062 1273 Vitrum
1089 1236 1194 1275 enim
1224 1236 1429 1285 integrum,
1443 1237 1479 1272 δε
1503 1248 1598 1284 aqua
1613 1233 1775 1287 simplex,
1796 1234 1944 1287 diapha-

327 1305 378 1331 na
404 1293 500 1340 sunt,
529 1305 611 1330 non
639 1293 741 1329 alba:
771 1291 828 1329 At
848 1293 991 1329 vitrum
1019 1290 1298 1343 pulverisatum‚
1328 1292 1364 1327 ἃ
1385 1303 1479 1341 aqua
1497 1292 1538 1327 in
1568 1290 1708 1341 spuma,
1737 1293 1831 1339 alba,
1859 1305 1944 1331 non

326 1349 522 1401 diaphana.
579 1349 707 1396 Itaque
734 1347 1006 1396 quaerendum,
1036 1346 1127 1395 quid
1147 1346 1323 1384 acciderit
1353 1357 1397 1383 ex
1425 1345 1487 1383 ista
1507 1348 1735 1396 migratione
1757 1348 1856 1384 vitro
1881 1357 1945 1386 aut

326 1416 454 1453 aquae.
512 1401 756 1440 Manifestum
777 1404 881 1439 enim
904 1402 964 1449 est,
992 1401 1161 1439 formam
1190 1401 1374 1439 albedinis
1399 1401 1538 1438 deferri
1560 1404 1596 1439 &
1619 1400 1743 1439 invehi
1758 1414 1823 1454 per
1837 1401 1945 1448 istam

325 1457 592 1497 contusionem
628 1457 726 1505 vitri,
756 1459 792 1494 ὅ(
813 1456 1058 1507 agitationem
1086 1468 1216 1505 aquae.
1273 1455 1383 1494 Nihil
1399 1466 1524 1494 autem
1541 1458 1722 1508 reperitur
1751 1453 1945 1505 accessisse,

327 1525 474 1566 praeter
503 1515 852 1551 comminutionem
880 1514 1043 1562 partium
1065 1511 1146 1549 vitri
1166 1514 1202 1549 δε
1220 1523 1348 1560 aquae,
1380 1513 1416 1548 ὃ(
1437 1513 1530 1549 a'eris
1555 1511 1812 1550 insertionem.
1860 1514 1942 1553 Ne-

325 1582 401 1619 que
415 1582 507 1607 vcro
521 1581 652 1620 parum
674 1568 888 1620 profectum
907 1566 956 1604 est
979 1568 1024 1604 ad
1050 1568 1318 1606 inveniendam
1341 1566 1507 1604 formam
1525 1567 1719 1614 albedinis,
1734 1568 1839 1616 quod
1858 1579 1944 1605 cor-

326 1636 418 1674 pora
444 1626 522 1662 duo
551 1637 616 1674 per
644 1624 679 1661 se
697 1624 892 1675 diapliana,
920 1622 981 1659 sed
1013 1622 1217 1659 secundum
1247 1620 1363 1672 magis
1389 1624 1426 1659 ὅ(
1453 1623 1592 1668 minus,
1636 1622 1710 1669 (ae'r
1739 1621 1875 1661 scilieet
1903 1625 1942 1661 ὅ(

324 1690 431 1728 aqua,
461 1690 523 1718 aut
557 1683 617 1717 aer
641 1681 678 1716 ὃ(
697 1679 852 1726 vitrum)
883 1676 991 1715 simul
1020 1674 1148 1727 posita,
1175 1689 1242 1729 per
1263 1678 1426 1714 minutas
1451 1679 1644 1726 portiones
1672 1676 1870 1716 exhibeant
1890 1679 1940 1716 al-

325 1735 516 1782 bedinem,
545 1747 610 1785 per
640 1734 903 1771 refractionem
933 1732 1166 1783 inaequalem
1197 1733 1389 1769 radiorum
1424 1733 1528 1769 lucis.

379 1791 569 1828 VERUM
591 1790 711 1826 bacin
734 1801 773 1825 re
799 1788 1093 1838 proponendum
1121 1785 1170 1824 est
1198 1787 1310 1824 etiam
1332 1788 1546 1836 exemplum
1567 1785 1775 1836 periculi&
1798 1788 1939 1826 cautio-

323 1845 395 1891 nis,
424 1845 472 1882 de
501 1845 636 1894 quibus
664 1845 837 1881 diximus,
895 1843 1094 1880 Nimirum
1125 1841 1233 1879 facile
1262 1842 1324 1878 hic
1357 1852 1529 1879 occurret
1563 1842 1769 1880 intellectui
1800 1843 1848 1881 ab
1874 1843 1941 1882 hu-

322 1899 487 1945 jusmodi
511 1897 761 1937 efficientibus
777 1899 989 1948 depravato,
1011 1897 1116 1946 quod
1139 1897 1185 1934 ad
1201 1897 1364 1934 formam
1379 1896 1556 1934 albedinis
1576 1901 1638 1934 a'er
1657 1895 1801 1947 semper
1815 1900 1938 1948 requi·

323 1964 428 1992 ratur
445 1973 458 1998 ς
491 1966 553 1993 aut
573 1955 677 2004 quod
698 1954 834 1991 albedo
857 1963 1057 2003 generetur
1077 1963 1226 1990 tantum
1247 1964 1312 2002 per
1326 1964 1485 2004 corpora
1498 1953 1797 2002 diaphana,quae
1812 1954 1939 1992 omni·

323 2022 378 2046 no
393 2010 479 2047 falsa
497 2010 593 2057 sunt,
609 2012 645 2047 ὅ(
657 2022 722 2059 per
738 2011 873 2047 multas
889 2006 1116 2046 exclusiones
1131 2009 1314 2045 convicta.
1349 2009 1455 2059 Quin
1471 2009 1596 2057 potius
1616 2009 1818 2057 apparebit,
1835 2008 1939 2059 (mis-

322 2064 364 2102 so
379 2067 461 2102 aere
482 2068 519 2104 δε
539 2063 774 2114 hujusmodi)
799 2076 959 2116 corpora
984 2065 1150 2101 omnino
1173 2064 1339 2111 aequalia
1369 2063 1588 2108 (secundum
1616 2064 1812 2112 portiones
1839 2065 1938 2116 opti-

321 2120 394 2167 cas)
411 2121 499 2158 dare
522 2121 752 2171 diaphanum
769 2134 779 2161 3
807 2132 968 2169 corpora
987 2131 1077 2156 vero
1092 2120 1312 2167 inaequalia,
1332 2130 1395 2168 per
1415 2129 1601 2155 texturam
1615 2116 1835 2168 simplicem,
1849 2119 1938 2157 dare

321 2175 473 2217 album;
501 2187 660 2226 corpora
682 2176 889 2224 inaequalia
919 2174 1123 2211 secundum
1146 2184 1332 2212 texturam
1342 2172 1602 2223 compositam,
1633 2173 1693 2210 sed
1708 2174 1936 2222 ordinatam,

321 2230 407 2268 dare
429 2232 593 2280 reliquos
611 2232 770 2278 colores,
799 2240 943 2283 praeter
966 2231 1140 2279 nigrum3
1170 2241 1331 2279 corpora
1363 2241 1455 2266 vero
1488 2230 1695 2280 inaequalia
1726 2241 1792 2279 per
1819 2239 1937 2268 textu·

320 2297 401 2322 ram
432 2284 692 2338 compositam,
722 2285 782 2323 sed
803 2287 970 2323 omnino
992 2283 1246 2322 inordinatam
1265 2286 1302 2321 ὃ(
1326 2283 1535 2329 confusam,
1564 2285 1651 2321 dare
1670 2285 1837 2334 nigrum.
1866 2285 1935 2323 Ita·

319 2352 393 2388 quc
414 2341 461 2378 de
486 2340 655 2379 instantia
675 2343 862 2391 migrante
881 2341 926 2377 ad
941 2342 1226 2391 generationem
1243 2341 1283 2377 in
1299 2349 1430 2377 natura
1450 2337 1622 2388 inquisita
1637 2339 1829 2385 albedinis,
1848 2351 1935 2392 pro-

320 2393 484 2444 positum
512 2395 562 2434 est
588 2398 663 2443 jam
692 2398 918 2448 exemplum.
976 2396 1147 2433 Instantia
1178 2406 1305 2432 autem
1325 2396 1491 2444 migrans
1514 2395 1559 2431 ad
1591 2395 1878 2443 corruptionem
1892 2397 1936 2433 in

322 2451 453 2487 eadem
482 2461 613 2489 natura
632 2452 825 2498 albedinis,
855 2451 905 2489 est
920 2451 1048 2501 spuma
1072 2451 1256 2494 dissoluta,
1289 2460 1351 2487 aut
1380 2452 1442 2487 nix
1471 2448 1662 2487 difl’oluta:
1693 2448 1804 2487 Exuit
1827 2451 1936 2488 enim

321 2505 548 2554 albedinem,
577 2506 757 2545 &induit
784 2507 1013 2556 diaphanum
1043 2518 1147 2555 aqua,
1176 2505 1370 2556 postquam
1396 2505 1437 2542 fit
1458 2503 1636 2554 integrale
1663 2502 1737 2542 sine
1760 2506 1856 2542 a'ete.

376 2561 414 2597 N
426 2571 554 2612 EQUE
573 2575 665 2600 vero
684 2561 777 2599 illud
800 2563 883 2599 ullo
902 2562 1024 2598 modo
1060 2560 1437 2610 praetermittendum
1477 2559 1537 2606 cst,
1567 2559 1671 2608 quod
1699 2559 1766 2597 sub
1791 2559 1934 2598 vinstan-

318 2611 379 2650 tiis
407 2614 652 2665 migrantibus
680 2617 954 2670 comprehendi
987 2616 1148 2653 debcant
1172 2628 1252 2652 non
1274 2626 1424 2652 tantum
1457 2613 1539 2651 illae
1566 2627 1659 2663 quac
1688 2616 1854 2664 migrant
1885 2613 1932 2652 ad

318 2672 603 2716 generationem
626 2675 663 2710 ὅ(
689 2674 973 2723 privationem3
999 2671 1059 2709 scd
1080 2670 1193 2708 etiam
1218 2669 1302 2708 illae
1330 2683 1424 2719 quae
1451 2672 1617 2719 migrant
1645 2670 1690 2707 ad
1709 2670 1927 2715 majoratio-

315 2735 406 2759 nem
432 2726 469 2762 &
488 2728 789 2765 minorationem
807 2745 820 2769 ,-
851 2739 939 2764 cum
969 2726 1052 2764 illae
1069 2727 1184 2763 etiam
1217 2726 1375 2764 tendant
1404 2726 1449 2762 ad
1472 2724 1735 2762 inveniendam
1751 2724 1931 2770 formam,

312 2788 354 2814 ut
373 2790 439 2829 per
469 2780 732 2820 definitionem
755 2784 901 2820 formae
924 2781 1087 2834 superius
1113 2781 1259 2828 factam,
1290 2784 1326 2819 ὅ(
1342 2781 1508 2818 tabulam
1530 2781 1714 2830 graduum
1732 2778 1931 2817 manifesto

311 2832 443 2881 liquet.
500 2836 627 2884 Itaque
646 2849 814 2889 papyrus,
842 2836 1041 2889 quaelicea
1074 2849 1193 2885 quum
1222 2836 1349 2882 fuerit,
1379 2836 1460 2872 alba
1483 2835 1553 2876 est3
1583 2845 1618 2872 at
1635 2834 1837 2872 madefacta
1852 2835 1928 2884 (ex-

317 2887 424 2925 cluso
451 2891 547 2935 aete,
576 2893 613 2928 ὃς
641 2902 786 2943 recepta
814 2894 922 2941 aqua)
945 2894 1070 2930 minus
1088 2893 1172 2929 alba
1199 2890 1259 2937 est,
1290 2894 1327 2929 ὃ(
1346 2892 1464 2940 magis
1485 2892 1603 2940 vergit
1622 2889 1668 2926 ad
1683 2888 1929 2942 diaphanuin;

319 2939 479 2980 similem
495 2943 607 2981 habet
624 2948 812 2983 rationem
832 2960 920 2985 eum
937 2948 1118 2985 instantiis
1133 2945 1355 2999 supradistis.

369 2999 506 3037 XXIV.
538 3001 696 3037 INTER
725 3001 996 3051 praerogativas
1024 3002 1294 3047 instantiarum,
1324 3003 1439 3038 tertio
1469 3000 1557 3036 loeo
1576 3010 1763 3050 ponemus
1798 2998 1928 3036 instan-

314 3052 383 3090 tias
412 3052 614 3102 ostensivas,
644 3055 691 3093 de
724 3056 859 3104 quibus
879 3058 919 3093 in
943 3056 1238 3096 vindemiatione
1261 3057 1383 3109 prima
1407 3056 1454 3095 dc
1478 3054 1602 3093 calido
1621 3056 1863 3094 mentionem
1877 3053 1927 3092 fc·

1785 3119 1928 3149 camum
