2040 3439
75 210 390 264 le.1.QDE
442 205 943 257 AUGMENTIS
991 200 1595 262 SCIENTJARUM.

64 304 212 355 ander„
230 305 468 357 acciperem.
526 303 690 349 Subiecit
711 303 937 349 Alexander,
965 299 1026 338 Et
1048 313 1113 353 ego
1140 298 1304 354 quidem,
1329 297 1373 348 fi
1387 297 1496 351 qffem
1522 299 1682 340 Parme-

76 362 150 411 mso.
191 359 411 406 Postremo,
443 358 646 396 excutiatur
669 371 751 395 acre
776 357 868 395 illud
892 368 1003 406 atque
1024 367 1177 394 acutum
1201 355 1432 405 responsum,
1471 356 1515 393 ad
1541 359 1683 394 amieos

77 419 361 465 interrogantes,
399 415 488 463 quid
517 412 580 450 fibi
610 412 817 459 reservaret,
855 425 943 449 cum
970 422 1030 449 tot
1052 414 1088 449 ὅ(
1113 422 1216 449 tanta
1244 412 1429 448 donaret?
1468 408 1589 462 Spem,
1629 411 1682 449 in-

76 474 182 520 quit5
201 469 347 522 ,quippe
363 471 424 520 qui
442 470 559 520 probe
582 468 700 514 sciret,
730 467 914 504 subductis
930 468 1150 513 rationibus,
1182 466 1282 515 spem
1298 478 1423 503 veram
1445 465 1514 502 ess'e
1530 466 1682 514 sortem,

77 529 113 563 δε
139 537 316 574 tanquam
343 525 608 562 haereditatem
627 523 673 559 ad
699 534 835 571 magna
858 522 1109 572 aspirantium.
1166 523 1267 558 Haec
1281 520 1374 573 julii
1402 520 1566 558 Caesaris
1591 521 1680 570 sors,

77 593 164 618 cum
186 578 419 630 proficiscens
440 580 479 615 in
496 577 669 624 Galliam,
697 577 883 614 universas
903 589 993 628 opes
1009 574 1163 625 profusis
1183 575 1445 625 largitionibus
1460 575 1678 614 exhaufiffet.

78 637 180 674 Haec
206 635 315 678 ctiam
344 634 420 675 sors
447 632 598 670 chrici
626 633 730 669 ducis
758 630 886 679 Guisii,
924 628 1149 668 nobiliffimi
1176 632 1365 681 principis,
1405 633 1491 668 licet
1517 633 1682 670 nimium

78 688 274 736 ambitiolI,
302 690 348 726 dc
374 701 452 736 quo
477 688 570 725 illud
596 688 795 733 increbuit,
824 683 1116 724 Faeneratorem
1139 697 1222 723 eum
1233 683 1357 736 fm'ffe
1381 697 1495 722 unum
1517 687 1681 724 omnium

78 742 278 793 Gallorum
298 744 521 789 maximum,
550 755 590 779 eo
614 739 714 794 quod
731 753 858 779 omnes
878 750 962 793 opes
983 741 1024 778 in
1044 738 1259 777 nominibus
1284 738 1454 786 haberet,
1483 746 1601 793 atque
1615 751 1680 793 pa-

64 799 300 840 ,trimom'am
329 797 550 847 universam
579 798 619 834 in
647 795 898 848 obligationes
928 793 1190 845 convertiffet.
1249 796 1454 832 Caeterum
1482 796 1683 834 admiratio

75 855 183 900 hujus
207 853 395 905 principis,
424 846 514 890 dum
540 865 628 890 eum
653 853 761 898 milii,
791 864 872 888 non
897 861 937 888 ut
953 851 1195 887 Alexandum
1223 851 1423 899 Magnum,
1454 850 1514 886 sed
1541 861 1580 888 ut
1596 851 1684 889 Ari-

74 909 214 947 stotelis
234 907 457 960 discipulum
473 919 662 960 proponO,
693 908 845 956 longius
861 905 1008 943 fortass'e
1024 918 1085 942 me
1102 906 1281 954 provexit.

128 965 390 1016 QUANTUM
413 964 457 1000 ad
486 962 623 1012 lulium
647 961 859 1008 Caesarem,
889 973 971 997 non
998 959 1047 997 est
1062 972 1166 1009 opus,
1197 970 1238 997 ut
1261 959 1307 996 de
1324 958 1539 1010 praestantia
1564 961 1684 998 crudi-

74 1021 190 1066 tionis
214 1020 304 1065 ejuS,
334 1029 394 1056 aut
416 1030 458 1055 ex
476 1011 706 1056 'educatione
726 1027 788 1053 aut
810 1028 852 1053 ex
876 1013 1118 1052 familiaribus
1133 1024 1195 1052 aut
1219 1027 1262 1051 ex
1284 1013 1462 1064 responsis
1480 1015 1562 1061 suis,
1593 1028 1682 1053 con-

76 1075 254 1120 jesturam
275 1074 462 1112 faciamus.
521 1075 620 1110 Haec
636 1070 816 1120 liquidem
833 1073 976 1107 eminet
998 1072 1037 1106 in
1054 1071 1132 1115 ejus
1148 1069 1290 1119 scriptis
1307 1072 1343 1106 ὃ(
1365 1070 1484 1106 libris:
1516 1083 1682 1119 quorum

74 1128 136 1167 alii
159 1139 299 1176 extant,
328 1130 389 1166 alii
410 1127 611 1165 infeliciter
632 1125 895 1164 desiderantur.
956 1124 1085 1162 Primo
1105 1126 1209 1161 enim
1234 1124 1348 1162 hodie
1369 1125 1408 1162 in
1425 1125 1598 1162 manibus
1621 1125 1682 1164 lia-

75 1184 182 1223 betur
197 1181 348 1233 insignis
364 1184 427 1220 illa
442 1184 631 1220 bellorum
649 1182 800 1219 suorum
817 1181 976 1227 historia,
1006 1182 1065 1217 cui
1082 1191 1226 1217 nomen
1248 1182 1283 1217 ὃς
1299 1178 1453 1217 titulum
1471 1180 1682 1218 Commen-

73 1241 256 1276 tariorum
279 1239 454 1275 duntaxat
479 1238 666 1289 praefixit:
697 1239 734 1273 in
752 1248 830 1285 quo
854 1248 989 1273 omnes
1004 1234 1137 1285 posteri
1154 1234 1317 1272 solidum
1339 1247 1465 1272 rerum
1480 1236 1629 1285 pondus
1646 1239 1683 1274 δε

73 1295 154 1332 viva
180 1305 258 1331 tam
288 1294 480 1333 affionum
508 1305 621 1341 quam
647 1290 893 1342 personarum
918 1289 1148 1337 simulachra,
1187 1301 1274 1327 cum
1303 1286 1496 1327 castissima
1521 1293 1682 1342 puritate

72 1348 269 1395 sermonis,
300 1348 598 1396 narrationisque
623 1347 882 1396 perspicuitate
905 1347 1051 1392 eximia,
1081 1345 1283 1391 conjuncta
1305 1345 1560 1383 admirantur:
1592 1358 1681 1395 quas

72 1405 227 1452 quidem
253 1404 373 1450 dotes,
403 1415 484 1440 non
507 1415 526 1440 a
542 1411 674 1439 natura
696 1401 835 1438 infusas
856 1400 972 1446 fuiss'e,
1001 1400 1063 1437 sed
1079 1412 1099 1437 a
1121 1400 1325 1449 praeceptis
1348 1398 1594 1449 institutisque
1615 1402 1683 1439 do-

73 1457 211 1496 urinae
227 1457 425 1507 acquisitas,
453 1457 603 1494 testatur
624 1457 720 1493 liber
741 1457 819 1502 ejus
838 1456 885 1492 dc
906 1456 1101 1504 analogia:
1131 1455 1196 1502 qui
1213 1454 1307 1491 nihil
1329 1453 1428 1492 aliud
1450 1466 1538 1502 erat,
1568 1468 1683 1504 quam

74 1513 375 1550 Grammaticalis
397 1513 578 1561 quaedam
603 1510 865 1563 philosophiam
895 1511 935 1547 in
959 1522 1038 1559 quo
1062 1508 1192 1546 sedulo
1213 1509 1316 1546 dedit
1341 1521 1508 1558 operam,
1547 1520 1588 1547 ut
1612 1524 1685 1549 vox

73 1568 120 1605 ad
148 1569 340 1618 placitum,
379 1567 594 1604 redderetur
621 1579 691 1605 vox
718 1567 762 1603 ad
789 1567 960 1606 licitum3
999 1567 1034 1602 &
1060 1563 1296 1601 consuetudo
1325 1565 1605 1615 quoquomodo
1631 1567 1686 1604 lo-

72 1623 225 1673 quendi,
257 1623 310 1660 ad
336 1621 613 1672 congruitatem
643 1631 878 1672 revocaretur
906 1620 1104 1656 emendate
1125 1619 1333 1667 loquendi;
1372 1621 1408 1656 δε
1432 1620 1554 1666 verba,
1591 1633 1686 1672 quae

71 1678 157 1716 sunt
173 1690 301 1716 rerum
322 1676 517 1728 imagines,
554 1677 663 1714 rebus
683 1673 764 1726 ipsis
780 1676 1042 1723 convenirent,
1082 1686 1165 1712 non
1185 1675 1290 1724 vulgi
1313 1674 1463 1725 prorsus
1488 1674 1685 1714 arbitrium

76 1733 331 1783 sequerentur.
746 1760 754 1766 ,

124 1790 209 1826 ITA
231 1787 343 1826 etiam
357 1789 473 1826 veluti
497 1798 794 1826 monumentum
809 1786 1014 1834 doetrinae,
1042 1797 1124 1823 non
1140 1785 1265 1822 minus
1289 1797 1401 1834 quarn
1417 1787 1623 1837 potentiae,
1652 1799 1687 1825 e-

72 1844 290 1882 mendatam
311 1844 388 1889 eius
409 1843 534 1880 edicio
558 1843 739 1881 habemus
759 1843 1089 1894 computationem
1111 1842 1222 1881 anni3
1251 1852 1345 1889 quae
1367 1841 1501 1878 diserte
1522 1841 1685 1889 testatur,

73 1911 192 1948 aeque
214 1910 302 1936 cum
322 1899 463 1948 gloriae
487 1896 551 1934 fibi
573 1898 723 1946 duxisse,
753 1896 914 1936 fiderum
933 1898 976 1935 in
995 1897 1113 1935 coelis
1127 1897 1227 1945 leges
1241 1896 1426 1948 pernosse,
1456 1908 1498 1934 ae
1520 1895 1684 1934 homini-

74 1955 141 1992 bus
162 1955 202 1991 in
218 1955 326 1991 terris
346 1955 445 2003 leges
460 1953 609 1990 dediffe.

122 2010 185 2047 Ex
210 2009 310 2046 libro
333 2021 499 2058 quoque,
528 2010 588 2045 cui
611 2009 769 2047 titulum
785 2007 998 2061 praeposuit
1018 2005 1251 2052 Anti-Cato,
1281 2005 1389 2043 facile
1411 2005 1566 2047 constat,
1598 2017 1688 2044 eum

72 2074 181 2105 tanto
195 2063 317 2102 studio
340 2063 535 2102 accensum
556 2063 601 2100 ad
620 2064 819 2101 vietor-iam
835 2062 990 2113 ingenii,
1018 2070 1165 2114 quanto
1189 2061 1280 2099 belli
1298 2063 1334 2098 ὃ(
1354 2073 1561 2107 armorum,
1591 2061 1688 2098 obti-

72 2119 260 2161 nendam3
289 2130 479 2157 certamen
503 2119 636 2155 calami
659 2129 744 2156 tum
768 2118 1034 2169 suscipientem
1051 2115 1189 2169 contra
1208 2117 1421 2155 maximum
1445 2129 1492 2153 eo
1515 2127 1689 2165 tempore

73 2174 252 2224 pugilem,
284 2175 518 2211 Ciceronem
534 2184 738 2211 oratorem.

124 2231 319 2267 Ruusus
336 2231 375 2265 in
392 2228 490 2265 libro
505 2228 882 2280 apophthegmatum,
913 2240 1006 2276 quae
1024 2228 1194 2277 collegit,
1222 2226 1406 2273 videmus,
1435 2224 1690 2263 honorificen-

71 2286 146 2322 tius
168 2281 232 2321 fibi
253 2284 403 2336 putasse,
433 2281 459 2319 fi
481 2282 514 2319 se
536 2283 657 2331 ipsum
681 2293 862 2331 tanquam
887 2285 928 2319 in
951 2283 1105 2319 tabellas
1129 2291 1192 2318 aut
1218 2280 1416 2318 codicillos
1440 2290 1616 2327 mutaret,
1647 2282 1689 2318 in

72 2351 169 2389 quos
191 2339 391 2388 prudentia
414 2339 578 2375 aliorum
598 2338 695 2376 dista
715 2339 914 2388 graviaque
936 2337 1189 2375 referrentur5
1220 2348 1334 2384 quam
1361 2334 1386 2372 fi
1406 2336 1502 2373 dicta
1524 2335 1585 2372 sua
1605 2347 1689 2385 pro-

74 2396 166 2446 pria,
203 2395 305 2432 velut
326 2394 477 2431 oracula
500 2391 742 2438 sacrarentur,
772 2390 861 2430 ficut
887 2393 1008 2444 inepti
1034 2392 1221 2443 principes
1243 2392 1439 2438 nonnulli,
1470 2390 1690 2428 adulatione

72 2448 249 2499 corrupti,
279 2447 440 2486 fibifieri
463 2447 634 2497 gestiunt.
698 2447 885 2485 Attamen
907 2444 932 2483 fi
948 2446 1139 2484 recensere
1163 2446 1312 2492 vellem,
1343 2446 1519 2497 pleraque
1540 2446 1620 2492 ejus
1635 2445 1689 2483 di-

74 2504 141 2551 cia,
174 2505 227 2552 (ut
247 2504 319 2542 feci
343 2505 383 2541 in
404 2503 638 2551 Alexandro)
657 2501 743 2540 sunt
764 2514 806 2540 ea
826 2512 926 2539 certe
940 2500 1172 2548 hujusmodi,
1202 2501 1325 2548 qualia
1346 2511 1454 2538 notat
1483 2501 1687 2546 Solonion,

77 2556 202 2597 Verba
213 2558 438 2611 sapientum
451 2556 551 2610 fimt
573 2563 762 2610 tanquam
782 2555 908 2595 aculei
934 2553 981 2599 dy·
1006 2563 1193 2609 tanquam
1218 2552 1328 2592 cla-vi
1348 2555 1389 2592 in
1408 2552 1533 2593 altum
1553 2551 1687 2606 defixi.

76 2614 204 2662 Itaque
228 2616 298 2652 tria
319 2615 382 2651 hic
400 2624 551 2651 tantum
569 2625 797 2666 proponam,
828 2625 910 2650 non
932 2622 1012 2650 tam
1035 2612 1231 2661 elegantia,
1267 2622 1380 2659 quam
1402 2612 1438 2649 vi
1465 2612 1502 2649 δε
1528 2607 1691 2648 efficacia

78 2670 278 2706 mirabilia.

128 2725 156 2761 P
165 2735 295 2762 R1Mo
316 2722 442 2773 igitur,
471 2723 641 2774 magister
660 2721 715 2770 fit,
746 2732 914 2774 oportet,
945 2721 1141 2770 loquendi,
1174 2721 1238 2769 qui
1259 2720 1375 2758 unico
1398 2720 1515 2756 verbo
1539 2719 1688 2757 seditio-

78 2781 223 2817 nemin
245 2780 407 2816 exercitu
418 2778 668 2831 comprimere
677 2778 814 2829 potuit.
873 2779 934 2815 Sic
949 2788 1075 2815 autem
1093 2776 1127 2813 se
1139 2788 1196 2813 res
1207 2775 1350 2813 habuit.
1405 2776 1690 2813 Romanismos

77 2832 162 2880 fuit,
199 2846 286 2871 cum
302 2835 510 2872 exercitum
534 2834 645 2871 duces
669 2834 968 2882 alloquerentur,
999 2833 1139 2868 milites
1159 2831 1214 2868 uti
1236 2842 1300 2868 cos
1320 2830 1547 2882 appellarent
1566 2844 1573 2866 ε
1606 2842 1693 2867 eum

80 2889 308 2937 magistratus
322 2891 520 2940 populum,
542 2889 720 2941 Quirites.
778 2887 1125 2925 Tumultuabantur
1140 2884 1277 2923 milites
1300 2885 1480 2931 Caesaris,
1497 2898 1536 2922 ac
1552 2881 1694 2921 millio-

81 2954 172 2979 nem
187 2943 357 2981 seditiose
374 2944 611 2994 flagitabant3
641 2955 723 2980 non
749 2942 852 2992 quod
878 2943 951 2978 boc
976 2939 1040 2990 ipsi
1063 2952 1255 2993 cuperent,
1286 2939 1347 2977 sed
1365 2950 1404 2977 ut
1421 2940 1494 2977 hoc
1511 2939 1696 2990 postulato

84 2997 282 3035 Caesarem
303 2999 345 3036 ad
365 3001 450 3036 alias
465 2999 708 3036 conditiones
725 2999 938 3047 adigerent:
969 2998 1033 3033 ille
1053 2998 1237 3033 immotus
1263 3005 1375 3044 atque
1397 2994 1631 3032 inconcnllns
1657 2990 1693 3042 si—

84 3052 206 3091 lentio
234 3053 332 3092 facto
354 3052 401 3092 fic
429 3053 578 3093 exorsus
601 3052 675 3092 est:
700 3050 799 3106 Eg0,
833 3050 1046 3104 Qirites:
1076 3052 1168 3104 Quo
1182 3050 1311 3098 verbo,
1341 3062 1405 3087 eos
1428 3051 1502 3095 jam
1531 3047 1697 3138 dilsniss'os

1584 3102 1698 3145 lanifi-

1758 219 1818 266 53
