2040 3439
54 168 171 246 bap.
205 169 238 228 1.
347 169 441 229 DE
476 168 922 230 AUGMENTIS
959 169 1494 233 SCIENTIARU'M.

113 284 365 320 SCIENTIA
389 279 517 327 civilis,
548 279 713 318 versatur
738 278 833 318 cirea
860 280 1078 327 subjeetum,
1107 283 1212 331 quod
1238 292 1471 320 caeterorum
1495 283 1670 323 omnium

58 334 217 389 'maxime
233 335 282 373 est
307 337 485 372 materiae
507 333 750 373 immersum:
780 334 941 384 ideoque
964 333 1186 375 difficillime
1201 338 1246 375 ad
1262 340 1447 376 axiomata
1469 339 1667 378 reducitur.

60 392 156 446 §put
183 402 314 429 tamen
334 391 534 436 nonnulla,
565 402 660 438 quae
674 389 770 427 hanc
792 387 1054 429 difficultatem
1069 394 1205 430 levant.
1261 391 1392 431 Primo
1409 393 1524 439 enim,
1541 407 1670 443 quem-

58 446 266 490 admodum
282 446 384 483 Cato
403 446 469 483 ille
486 444 672 483 censorius
690 446 736 482 de
756 445 939 484 Romanis
960 446 1030 484 suis
1044 446 1167 485 dicere
1191 447 1321 486 solitus
1335 448 1403 485 est:
1431 447 1586 487 Ovz‘bus
1605 462 1667 487 eos

49 499 199 553 -fimiles
225 497 308 551 effe,
337 511 499 552 quarum
512 511 671 552 gregem
698 501 891 552 integrum
911 501 1054 539 minore
1069 503 1157 554 quis
1185 500 1352 552 molestia
1375 511 1520 556 ageret,
1550 517 1666 557 quam

60 566 177 595 unam
203 553 403 608 aliquam:
437 552 667 608 quoniamst
677 563 829 607 paucas
849 568 898 593 ex
910 567 1039 608 grege,
1057 564 1102 595 ut
1122 556 1265 595 recJam
1279 559 1416 596 ineant
1438 559 1560 606 viam,
1575 569 1664 612 pro-

50 608 198 665 pellere
215 607 343 663 postis,
380 617 552 647 caeterae
573 608 677 647 ultro
692 609 917 662 fiquentur.
977 611 1169 656 Similiter,
1199 614 1274 650 hoc
1301 615 1455 664 quidem
1489 615 1667 665 respectu,

59 667 203 709 [ethicae
229 677 370 702 munus
389 665 437 702 est
467 665 759 714 quodammodo
779 663 847 702 illo
875 666 1049 717 politicae
1077 664 1271 705 difficilius.
1333 670 1508 707 Secundo
1532 683 1670 722 propo-

59 723 118 763 'nit
133 719 198 759 fibi
223 721 356 765 ethica,
386 731 428 757 ut
448 721 596 757 animus
620 721 790 758 bonitate
805 719 952 758 interna
971 723 1175 767 imbuatur,
1198 725 1233 759 ὅ(
1249 725 1483 761 cumuletur:
1503 735 1540 761 at
1556 724 1671 762 civilis

59 775 210 815 scientia
232 774 327 812 nihil
355 775 513 827 amplius
539 774 698 825 postulat
726 784 869 825 praeter
895 775 1104 813 bonitatem
1135 786 1351 814 externam:
1385 779 1485 816 Haec
1506 777 1608 816 enim
1623 780 1670 817 ad

59 825 274 872 societatem
301 826 445 867 sufficit.
502 831 630 881 Itaque
645 842 727 867 non
756 842 842 868 raro
868 829 1014 876 accidit,
1036 841 1076 868 ut
1092 833 1263 880 regimen
1279 831 1319 869 fit
1341 833 1501 878 bonum,
1522 833 1670 885 tempo-

58 899 100 925 ra
113 887 237 924 mala:
266 883 446 934 liquidem
463 886 504 922 in
524 884 622 922 saera
635 885 786 922 historia
804 883 897 922 illud
917 897 1000 923 non
1022 885 1135 923 semel
1159 888 1323 924 occurrit
1340 887 1442 935 (cum
1457 888 1503 925 de
1524 890 1672 937 regibus

59 939 170 983 bonis
188 943 226 978 ὃ(
245 938 312 990 piis
340 939 527 990 narretur)
557 937 638 978 Sed
661 937 789 978 adhuc
800 937 960 992 populos
981 951 1057 978 non
1078 938 1280 978 direxerat
1295 953 1358 979 cor
1372 940 1488 993 filum
1514 941 1569 980 ad
1580 941 1669 980 Do-

60 996 206 1038 minum
232 993 371 1034 Deum
382 1001 546 1047 patrum
558 993 729 1046 ficorum.
784 996 925 1043 ltaque,
955 997 993 1032 ὅ(
1020 995 1276 1045 hoc-quoque
1299 996 1476 1047 respectu,
1498 996 1668 1035 duriores

59 1061 181 1103 partes
207 1050 292 1089 sunt
319 1050 470 1088 ethicae.
528 1049 674 1095 Tertio,
704 1062 787 1088 non
804 1049 944 1088 habent
969 1049 1208 1103 respublicae,
1225 1062 1266 1089 ut
1281 1062 1462 1101 tanquam
1477 1053 1673 1090 machinae

59 1105 280 1157 grandiores
301 1104 436 1143 tardius
464 1115 702 1151 moveantur,
732 1117 804 1142 nec
834 1103 909 1142 sinc
935 1117 1076 1155 magno
1096 1105 1296 1144 molimine
1313 1124 1325 1149 ς
1356 1107 1456 1144 unde
1477 1107 1573 1145 haud
1594 1118 1674 1145 tam

61 1164 142 1200 cito
160 1161 429 1199 labefactantur
446 1175 454 1198 :
484 1159 576 1198 ficut
603 1159 706 1198 enim
734 1162 776 1197 in
794 1160 987 1210 AEgypto
1002 1161 1142 1213 septem
1158 1163 1249 1198 anni
1270 1162 1420 1207 fertiles,
1436 1161 1570 1200 steriles
1598 1162 1673 1212 scp-

60 1227 142 1257 tcm
164 1216 434 1257 sustentarunt3
463 1217 514 1253 ita
542 1217 584 1253 in
606 1215 874 1268 rebuspublicis
906 1217 1077 1268 priorum
1110 1227 1331 1265 temporum
1360 1217 1461 1254 bona
1490 1216 1675 1255 institutio

61 1268 193 1319 efficit,
221 1282 263 1310 ut
287 1271 522 1323 sequentium
541 1283 685 1308 errores
704 1283 786 1308 non
811 1269 929 1308 statim
942 1270 1147 1321 perniciem
1170 1271 1356 1309 inferant:
1386 1282 1422 1309 at
1442 1270 1678 1321 singulorum

61 1325 268 1365 hominum
295 1327 456 1373 decreta,
487 1328 524 1363 ὃς
551 1338 690 1373 more5‚
719 1327 836 1375 magis
869 1325 994 1363 subito
1023 1324 1186 1364 subverti
1215 1325 1347 1364 solent.
1402 1328 1488 1364 Hoc
1513 1328 1678 1376 denique

63 1381 226 1420 ethicam
239 1393 376 1431 gravat,
404 1380 579 1430 politicae
608 1380 792 1418 succurrit.

123 1438 204 1475 Sel
218 1448 376 1474 ENTIA
400 1437 526 1473 civiles
550 1446 625 1473 tres
643 1436 754 1473 habet
774 1445 905 1487 ρει-τες,
935 1437 1034 1481 juxta
1049 1447 1122 1473 tres
1137 1434 1319 1472 societatis
1337 1436 1502 1473 afflones
1521 1435 1681 1473 summa-

63 1490 156 1536 iias3
184 1491 398 1529 doctrinam
425 1492 472 1528 de
491 1490 801 1532 conversationes
830 1491 1039 1528 doctrinam
1067 1491 1114 1528 de
1133 1490 1323 1539 negotii83
1353 1490 1619 1528 &doctrinam
1633 1491 1680 1527 de

63 1545 229 1602 impexi-o
259 1544 332 1583 five
359 1546 574 1595 republica5
602 1544 671 1582 tria
698 1543 878 1596 liquidem
911 1545 996 1584 sunt
1023 1547 1134 1591 bona,
1164 1558 1258 1594 quac
1301 1558 1344 1582 cx
1373 1545 1550 1583 societate
1580 1545 1683 1582 civili

64 1601 241 1640 homines
262 1599 327 1638 fibi
356 1613 483 1652 parare
502 1611 680 1650 expetunt
697 1614 705 1637 :
736 1602 915 1638 Solamen
929 1612 1063 1638 contra
1077 1599 1332 1646 solitudinem,
1361 1602 1622 1643 adiumentum
1644 1601 1684 1636 in

66 1654 243 1707 negotii8‚
272 1659 310 1694 ὅ(
342 1657 528 1708 ρῑοῑεξὶίο
557 1666 688 1692 contra
716 1656 876 1701 injurias.
937 1658 1109 1705 Suntque
1136 1655 1218 1693 istae
1241 1667 1313 1693 tres
1329 1656 1546 1706 prudentiae
1572 1657 1683 1706 plane

68 1709 236 1750 intetxsc
269 1710 444 1758 diversae,
475 1713 511 1748 ὅς
540 1710 811 1762 saepenumero
839 1712 1070 1758 disjunciae3
1107 1712 1305 1760 prudentia
1339 1713 1379 1748 in
1413 1710 1684 1757 converiiinle

68 1766 276 1820 prudentia
300 1765 340 1804 in
370 1764 615 1816 negotiandO,
644 1768 681 1803 ὅ(
706 1766 902 1817 prudentia
936 1768 977 1804 in
1006 1767 1264 1816 gubernando.

88 1849 98 1876 ⁴-
123 1824 420 1868 ENIMVERO,
450 1822 555 1869 quod
569 1822 613 1857 ad
634 1820 959 1858 conversationem
982 1824 1130 1868 attinet,
1148 1823 1210 1858 illa
1222 1832 1322 1858 certa
1337 1820 1504 1857 affeciata
1524 1821 1593 1858 ess'e
1608 1832 1689 1857 non

68 1877 196 1924 debet,
224 1887 261 1914 at
282 1878 410 1914 multo
428 1875 552 1914 minus
571 1876 762 1925 11eglc6ia3
791 1887 878 1913 cum
899 1877 1153 1927 prudentiam
1176 1878 1253 1919 ejus
1269 1877 1544 1920 moderamine,
1571 1879 1605 1911 o:
1622 1876 1684 1912 dc-

69 1945 138 1971 eus
158 1931 354 1982 quoddam
378 1944 534 1969 morum
557 1929 596 1967 in
619 1930 656 1967 se
678 1929 752 1979 ipsa
779 1943 865 1980 prae
900 1931 936 1968 sc
956 1931 1062 1978 ferat,
1097 1934 1133 1969 ὃς
1159 1932 1204 1968 ad
1232 1929 1396 1980 negotia,
1426 1941 1502 1967 tam
1532 1929 1690 1979 publica,

71 1999 190 2037 quam
220 1989 377 2038 privata,
409 1986 616 2024 commode
659 1985 957 2033 administranda,
1000 1988 1208 2036 plurimum
1242 1987 1353 2031 juvet.
1412 1984 1563 2022 Etenim
1600 1983 1689 2021 sieut

72 2042 172 2081 affio
196 2043 340 2080 oratori
358 2044 453 2079 tanti
471 2041 640 2088 habetur,
671 2042 777 2092 (lieet
801 2039 842 2078 fit
865 2052 1060 2078 externum
1076 2042 1270 2090 quiddam)
1288 2051 1329 2077 ut
1345 2041 1460 2077 etiam
1479 2039 1548 2077 illis
1567 2041 1691 2076 alteris

74 2098 255 2148 partibuS,
284 2109 378 2146 quae
405 2095 587 2146 graviores
617 2099 652 2133 ὅ(
690 2095 886 2133 interiores
918 2098 1105 2143 videntur,
1134 2106 1385 2147 anteponatur
1402 2113 1414 2136 ‚-
1452 2096 1588 2132 eodem
1614 2094 1691 2130 scre

76 2153 210 2200 modo,
240 2154 281 2189 in
296 2154 379 2190 viro
398 2152 513 2198 civili,
529 2150 776 2197 conversatio,
806 2151 955 2199 ejusque
985 2151 1166 2201 regimen,
1200 2153 1406 2198 (utcunque
1436 2151 1475 2186 in
1505 2150 1695 2186 exteriori-

79 2206 149 2245 bus
175 2206 398 2256 occupetur)
422 2205 446 2243 si
475 2218 556 2243 non
579 2205 784 2253 summum,
815 2216 850 2242 at
874 2217 971 2243 certe
996 2206 1176 2243 eximium
1205 2207 1334 2242 locum
1362 2204 1515 2241 invenit.
1572 2205 1693 2255 Quale

79 2264 187 2301 enim
209 2262 358 2314 pondus
386 2262 497 2299 habet
520 2261 644 2299 vultus
674 2260 761 2310 ipse,
790 2259 942 2309 ejusque
968 2259 1221 2312 compositio?
1250 2261 1366 2298 Recie
1386 2261 1522 2310 poeta:

548 2353 639 2394 Nec
669 2354 787 2394 vultu
820 2353 965 2407 destrue
986 2353 1106 2393 verba
1137 2361 1214 2393 tno.

80 2433 227 2482 Poterit
242 2434 347 2471 enim
367 2431 448 2481 quis
472 2430 549 2470 vim
574 2430 753 2469 orationis
776 2432 883 2474 vultu
906 2431 1133 2476 labefactare,
1164 2432 1201 2467 δε
1229 2431 1339 2481 plane
1368 2428 1537 2477 prodere.
1588 2427 1701 2480 ·Qiin

82 2491 122 2528 &
148 2489 254 2536 faeta,
284 2501 366 2526 non
399 2487 524 2525 minus
548 2499 660 2535 quam
682 2487 804 2533 verba,
834 2487 940 2524 vultu
965 2488 1100 2536 pariter
1127 2483 1259 2522 destrui
1287 2481 1440 2533 possinr,
1472 2481 1495 2519 si
1518 2482 1700 2520 Ciceroni

84 2544 305 2583 credamus:
335 2542 425 2596 Qui,
454 2554 542 2580 cum
576 2543 683 2579 fratri
725 2541 984 2578 affabilitatem
1013 2540 1300 2578 commendaret
1335 2551 1419 2587 erga
1447 2536 1705 2589 provinciales,

77 2607 168 2638 *n‘on
191 2601 233 2636 in
252 2599 328 2636 hoc
347 2610 430 2636 eam
445 2593 686 2647 potissimum
700 2595 805 2633 fitam
828 2595 931 2644 dixit,
961 2607 1002 2633 ut
1018 2594 1134 2633 aditus
1154 2596 1342 2646 praeberet
1365 2594 1409 2630 ad
1435 2593 1468 2630 se
1488 2592 1620 2636 faciles,
1639 2591 1703 2629 nili

80 2652 201 2692 'etiam
222 2655 330 2692 vultu
350 2653 432 2706 ipso
455 2651 616 2690 comiter
639 2652 857 2690 accedentes
885 2650 1079 2704 exciperet.
1141 2647 1223 2687 Nil
1239 2646 1396 2699 interest
1416 2645 1554 2685 habere
1574 2646 1705 2697 ostium

83 2706 276 2762 ‘apertum
298 2707 455 2746 vultum
481 2705 659 2760 clausitm.
723 2707 907 2745 Videmus
930 2718 1082 2757 quoque
1098 2704 1286 2750 Atticum,
1317 2703 1382 2740 sub
1404 2704 1572 2756 primum
1601 2701 1707 2740 Cice-

83 2766 194 2802 mnis
217 2776 306 2802 cum
339 2765 496 2802 Caesare
533 2761 782 2812 congress'um,
814 2763 917 2799 bello
956 2762 1075 2798 adhue
1109 2760 1288 2806 fervente,
1318 2757 1516 2808 diligenter
1543 2760 1578 2794 δε
1612 2756 1706 2795 serio

81 2817 326 2857 'Ciceronem
342 2831 411 2871 per
439 2818 632 2868 epistolam
663 2817 861 2863 monuisse,
892 2817 938 2854 de
956 2818 1061 2853 vultu
1092 2818 1128 2851 ἃ
1152 2813 1251 2864 gestu
1269 2814 1313 2851 ad
1330 2812 1553 2864 dignitatem
1579 2815 1613 2848 ὅ(
1632 2825 1707 2863 gra-

93 2875 247 2912 vitatem
271 2873 561 2927 componendi&
619 2874 737 2923 Quod
760 2872 786 2910 si
810 2882 958 2910 tantum
985 2867 1098 2921 poffit
1121 2869 1194 2907 oris
1209 2869 1246 2906 δε
1262 2870 1387 2906 vultus
1410 2867 1521 2905 solius
1540 2868 1708 2904 modera-

83 2929 164 2976 tio,
192 2940 337 2978 quanto
363 2930 482 2979 magis
507 2927 632 2966 sermo
659 2927 859 2974 familiaris,
890 2929 926 2964 ἅ
952 2928 1033 2973 alia,
1062 2938 1156 2974 quae
1184 2925 1229 2962 ad
1253 2923 1578 2961 conversationem
1608 2922 1720 2971 perth

83 2987 218 3021 nent?
245 2983 376 3036 Atque
406 2984 492 3021 sane
512 2983 657 3020 summa
681 2985 717 3019 ὅ(
745 2982 1019 3034 compendium
1051 2980 1179 3017 decori
1206 2982 1241 3017 δε
1268 2978 1472 3029 elegantiae
1497 2988 1649 3014 morum
1675 2980 1717 3012 in·

96 3038 172 3076 hoe
198 3038 277 3078 fere
297 3038 359 3078 fita
376 3039 475 3087 sunt,
505 3049 547 3077 ut
563 3036 662 3090 quasi
691 3049 826 3089 acquae
848 3039 951 3075 lance
976 3039 1012 3075 ὃ(
1037 3037 1225 3087 propriam
1249 3033 1472 3084 dignitatem
1501 3035 1537 3069 ὅ(
1558 3033 1720 3068 aliorum·

1523 3086 1719 3123 metiamur

1749 189 1848 252 <213
