2040 3439
392 164 1008 217 DISTRIBUTIO
1080 168 1402 216 OPERIS.

149 268 313 306 PR1MA
339 276 421 315 pars
449 263 599 302 exhibet
624 263 800 300 scientiae
832 265 911 311 ejus
935 263 1005 304 sive
1035 263 1243 312 doctrinae,
1281 266 1322 302 in
1351 265 1456 311 cujus
1482 263 1711 315 poffeffione

101 319 310 360 humanum
329 331 453 369 genus
473 319 649 356 haetenus
672 317 847 366 versatur,
879 318 1078 367 summam,
1107 317 1179 358 sive
1200 320 1496 373 descriptionem
1522 323 1708 361 universa-

102 378 191 414 lem.
247 375 381 414 Visum
401 375 506 412 enim
533 374 583 411 est
611 373 733 420 nobis,
763 375 878 410 etiam
904 377 945 411 in
970 375 1015 411 iis
1043 386 1139 423 quae
1164 385 1313 428 recepta
1343 373 1441 423 sunt,
1476 378 1710 416 nonnullam

100 432 222 470 :facere
247 442 416 467 moram:
445 441 493 466 eo
516 430 699 466 nimirum
723 426 892 476 consilio,
931 440 971 467 ut
991 430 1136 468 facilius
1161 432 1198 468 δε
1226 431 1414 469 veteribus
1437 431 1631 481 perfestio,
1669 436 1708 471 &

98 485 206 524 novis
224 486 345 523 aditus
367 484 488 522 detur.
543 485 626 521 Pari
650 484 755 520 enim
783 483 860 521 fere
884 483 1003 522 studio
1028 484 1186 523 ferimur
1207 487 1245 523 &
1269 486 1315 523 ad
1340 495 1465 523 vetera
1488 488 1706 536 excolenda,

99 544 138 580 δε
160 541 203 579 ad
227 541 407 579 ulteriora
429 538 656 587 assequenda
713 539 880 576 Pertinet
905 541 1017 577 ctiam
1033 540 1108 577 hoc
1131 540 1176 578 ad
1197 541 1407 578 faciendam
1430 540 1568 584 fidem
1605 544 1706 590 juxta

98 597 217 638 illud3
245 607 325 633 non
343 595 482 645 accipit
505 594 677 630 indoctus
701 593 812 630 verba
832 593 1017 642 scientiae,
1056 592 1124 632 nisi
1147 597 1248 645 prius
1270 608 1312 633 ea
1331 596 1479 643 dixeris,
1508 609 1603 646 quae
1625 612 1705 637 ver-

97 651 223 688 santur
243 652 283 687 in
303 649 417 687 corde
442 649 530 692 ejus.
586 650 715 697 Itaque
737 647 974 687 scientiarum
995 661 1106 699 atque
1133 652 1272 688 artium
1293 661 1526 702 receptarum
1551 665 1633 691 oras
1654 656 1704 692 le-

95 718 194 755 gere,
233 716 385 742 necnon
406 705 511 742 utilia
532 704 715 752 quaedam
736 705 778 741 in
805 704 885 741 illas
903 703 1121 755 importare,
1150 715 1331 754 tanquam
1354 706 1395 743 in
1415 705 1582 756 transitu,
1618 721 1702 748 non

99 760 345 810 negligemus.

111 845 113 847 .
149 817 495 853 PARTITloNEs
514 823 642 851 tamen
663 814 902 851 scientiarum
923 807 1142 852 adhibemus
1156 827 1227 862 eas,
1256 825 1350 863 quae
1364 826 1446 852 non
1462 826 1608 854 tantum
1624 820 1702 865 jam

95 873 248 908 inventa
273 872 310 907 ὅ(
328 878 434 915 nota,
464 868 526 905 scd
550 868 724 907 haetenus
746 869 875 906 omiss'a
898 871 935 906 &
955 870 1079 906 debita
1102 870 1412 920 comple&antur.
1468 871 1620 909 Etenim
1644 876 1700 911 in·

93 928 295 964 veniuntur
315 925 356 961 in
371 924 491 973 globo
510 925 765 970 intellectuali,
793 923 1117 972 quemadmodum
1134 926 1174 962 in
1189 924 1360 971 terrestri,
1390 926 1428 961 &
1446 926 1545 963 culta
1559 930 1698 978 pariter

93 982 131 1021 ὅ(
152 979 304 1018 deserta.
360 981 488 1028 Itaque
507 979 561 1016 nil
576 980 718 1016 mirum
742 979 860 1016 videri
880 979 1003 1026 debet,
1033 977 1058 1016 si
1078 991 1098 1016 a
1113 977 1354 1017 divisionibus
1369 976 1506 1017 usitatis
1529 983 1697 1029 quando-

91 1047 166 1085 que
191 1035 417 1072 recedamus.
472 1033 652 1077 AdjeC‘tio
679 1035 796 1080 enim,
833 1034 925 1071 dum
949 1044 1076 1072 totum
1100 1036 1229 1082 variat,
1265 1035 1380 1071 etiam
1404 1043 1525 1083 partes
1551 1049 1694 1076 earum-

91 1103 164 1143 que
178 1090 357 1128 sectiones
374 1088 573 1126 necessario
588 1089 703 1126 variat
721 1103 728 1125 :
756 1099 923 1141 receptae
952 1100 1077 1127 autem
1093 1087 1304 1137 divisiones,
1332 1100 1500 1139 receptae
1526 1090 1695 1131 summae

91 1147 341 1191 scientiarum,
370 1145 488 1193 qualis
507 1155 609 1181 nunc
624 1143 684 1190 cst,
715 1154 864 1181 tantum
879 1155 1116 1196 competunt.

145 1201 309 1238 CIRCA
333 1211 375 1236 ea
393 1211 497 1244 vero,
524 1211 618 1249 quac
638 1211 707 1236 ceu
730 1198 860 1236 omissa
888 1201 1117 1247 notabimus,
1147 1200 1198 1237 ita
1220 1211 1292 1237 nos
1315 1211 1509 1248 geremus3
1545 1209 1587 1240 nt
1610 1216 1693 1241 non

87 1257 187 1294 leves
201 1265 349 1292 tantum
371 1254 504 1291 titulos
520 1256 556 1291 ὃ(
571 1264 790 1303 argumenta
812 1255 960 1291 concisa
975 1267 1122 1302 eorum,
1153 1267 1247 1303 quae
1263 1252 1527 1302 desiderantur,
1556 1269 1693 1310 propo-

87 1323 243 1348 namus:
281 1311 384 1347 Nam
408 1307 524 1356 siquid
546 1309 644 1345 inter
667 1308 797 1346 omiss'a
816 1310 1065 1356 retulerimus,
1097 1310 1232 1357 (modo
1254 1308 1297 1347 sit
1319 1310 1504 1358 dignioris
1524 1310 1690 1362 subjecti)

86 1368 194 1411 cujus
215 1366 314 1403 ratio
339 1365 451 1414 paulo
476 1363 643 1401 videatur
672 1363 886 1404 obscurior3
926 1364 1035 1410 (adeo
1062 1375 1102 1402 ut
1129 1366 1270 1401 merito
1295 1364 1466 1413 suspicari
1496 1363 1692 1416 possimus,
1735 1391 1738 1394 -

85 1421 262 1459 homines
277 1432 356 1456 non
372 1418 480 1455 facilc
495 1418 763 1464 intellecturos
792 1418 883 1465 quid
899 1419 1010 1455 nobis
1023 1418 1192 1465 velimus,
1221 1429 1282 1456 aut
1297 1420 1406 1470 quale
1421 1417 1464 1456 sit
1485 1422 1579 1459 illud
1596 1435 1691 1475 opus

85 1476 190 1525 quod
218 1476 348 1511 animo
371 1476 407 1510 ὅ(
433 1473 665 1521 cogitatione
689 1473 1009 1524 compleffimurz)
1048 1483 1232 1523 perpetuo
1256 1474 1369 1510 nobis
1392 1485 1500 1511 curae
1528 1479 1599 1514 erit
1625 1489 1688 1516 aut

82 1531 278 1584 praecepta
300 1526 513 1573 hujusmodi
530 1529 654 1578 operis
668 1527 906 1574 conficiendi,
935 1539 998 1565 aut
1013 1530 1126 1565 etiarn
1141 1538 1287 1580 partem
1310 1529 1433 1578 operis
1449 1527 1557 1578 ipsius
1578 1532 1654 1577 jam
1668 1544 1690 1571 a

81 1586 194 1624 nobis
214 1584 437 1628 eonfer‘hm,
467 1582 511 1619 ad
536 1584 750 1632 exemplum
774 1585 891 1620 totius
916 1583 1158 1632 subjungere:
1187 1593 1228 1621 ut
1252 1585 1292 1620 in
1313 1581 1463 1632 singulis
1486 1595 1549 1622 aut
1573 1598 1688 1636 opera

82 1651 145 1678 aut
160 1637 312 1678 consilia
328 1639 506 1684 juvemus.
562 1638 729 1684 Etenim,
750 1639 862 1675 ctiam
878 1638 923 1675 ad
938 1638 1102 1675 nostram
1119 1639 1443 1685 existimationem,
1465 1651 1546 1677 non
1561 1641 1687 1680 solum

81 1697 243 1733 aliorum
265 1695 468 1731 utilitatem
493 1694 681 1744 pertinere
702 1695 934 1742 putavimu53
964 1705 1012 1730 ne
1036 1694 1119 1742 quis
1138 1694 1350 1739 arbitretur,
1381 1694 1502 1731 levem
1523 1697 1689 1745 aliquam

80 1752 126 1788 dc
148 1749 350 1788 istiusmodi
374 1749 482 1785 rebus
498 1749 700 1785 notionem
722 1759 892 1785 mentem
914 1749 1076 1785 nostram
1100 1747 1364 1800 perstrinxiss'e3
1393 1758 1504 1797 atque
1520 1751 1589 1788 effe
1610 1754 1687 1801 illa,

81 1818 175 1855 quac
195 1803 438 1842 desideramus
453 1814 494 1839 ac
517 1802 742 1851 prcnsamus,
772 1814 951 1852 tanquam
973 1805 1070 1841 votis
1093 1803 1235 1841 fimilia.
1291 1805 1344 1840 Ea
1367 1815 1458 1840 vero
1475 1806 1562 1842 talia
1583 1806 1684 1855 sunt,

80 1872 246 1911 quorum
267 1862 303 1897 &
318 1870 432 1910 penes
451 1857 625 1894 homines
644 1857 723 1905 (nisi
747 1857 809 1896 fibi
826 1857 887 1908 ipsi
912 1857 1042 1904 desint)
1060 1858 1216 1909 potestas
1235 1859 1344 1908 plane
1360 1856 1412 1905 sit,
1443 1861 1565 1897 &nos
1586 1864 1683 1911 apud

79 1915 230 1954 nosmet
256 1915 443 1951 rationem
472 1913 660 1961 quandam
684 1924 824 1950 certam
850 1917 887 1951 ὅ(
910 1913 1127 1965 explicatam
1153 1915 1364 1951 habeamus,
1421 1915 1558 1962 Neque
1579 1919 1685 1955 enim

77 1970 249 2021 regiones
263 1969 392 2006 metiri
407 1969 550 2014 animo,
580 1978 620 2005 nt
637 1980 803 2019 augures,
832 1969 1083 2018 auspiciorum
1099 1969 1224 2007 causa:
1255 1969 1314 2006 scd
1330 1970 1481 2015 intrare,
1503 1980 1543 2007 ut
1559 1970 1684 2020 duces,

76 2024 321 2080 promerendi
339 2024 473 2070 studio,
502 2021 736 2075 suscepimus

526 2117 656 2166 Atque
680 2118 769 2155 haec
783 2120 905 2170 prima
925 2118 1046 2169 operis
1061 2131 1141 2169 pars
1164 2117 1223 2156 est.

128 2197 295 2233 Pontio
308 2192 560 2244 praeter-vesli,
588 2202 682 2229 artes
699 2203 849 2239 veteres,
878 2191 1110 2230 intellctstum
1127 2191 1335 2230 humanum
1351 2191 1395 2228 ad
1417 2192 1681 2237 trajiciendum

75 2252 307 2290 instruemus.
364 2248 577 2285 Destinatur
604 2249 727 2295 itaque
750 2250 844 2297 parti
872 2247 1063 2293 secundae,
1101 2245 1268 2284 άοξὶτίηε.
1290 2247 1336 2283 de
1357 2248 1516 2283 meliore
1541 2249 1577 2284 ὅ(
1599 2259 1678 2297 per-

75 2306 232 2344 fectiore
247 2304 313 2342 usu
328 2302 485 2340 rationis
508 2301 545 2338 in
563 2314 688 2339 rerum
708 2301 959 2350 inquisitione,
990 2305 1027 2339 ὃ(
1041 2302 1088 2338 de
1105 2302 1248 2339 auxiliis
1262 2302 1358 2339 veris
1378 2301 1606 2339 intellectus:
1636 2313 1679 2340 ut

73 2374 140 2417 per
168 2361 242 2398 hoc
272 2359 470 2408 (quantum
499 2358 672 2394 conditio
703 2357 944 2394 humanitatis
972 2369 1013 2394 ac
1047 2357 1286 2393 mortalitatis
1314 2357 1465 2405 patitur)
1497 2358 1679 2395 exaltetur

73 2416 284 2454 intellestus
308 2417 345 2451 ὅ(
367 2413 540 2450 facultate
563 2412 811 2460 amplificetur
837 2411 882 2448 ad
908 2422 1060 2449 naturae
1083 2411 1195 2449 ardua
1218 2413 1254 2448 ὃς
1277 2409 1432 2448 obscura
1461 2409 1676 2460 superanda.

73 2471 205 2520 Atque
224 2470 273 2507 est
295 2481 349 2515 ea,
377 2479 490 2517 quam
514 2468 744 2514 adducimus,
773 2479 829 2503 ars
857 2467 984 2516 (quam
1007 2466 1360 2517 interpretationem
1381 2472 1532 2503 naturae
1555 2468 1677 2519 appel-

74 2528 151 2564 lare
166 2521 449 2569 consuevimus)
480 2535 522 2559 ex
548 2534 683 2572 genere
705 2523 870 2572 logicae3
906 2523 994 2559 licet
1009 2523 1228 2572 plurimum,
1266 2531 1376 2569 atque
1396 2520 1492 2557 adeo
1516 2522 1677 2559 immen-

73 2581 156 2620 sum
179 2579 356 2629 quiddam
376 2575 529 2615 intersit.
587 2580 689 2615 Nam
715 2579 751 2614 ὅ(
775 2576 849 2628 ipsa
873 2578 935 2613 illa
960 2577 1081 2626 logica
1104 2577 1264 2625 vulgaris
1284 2576 1417 2613 auxilia
1442 2577 1479 2613 δε
1500 2574 1676 2626 praesidia

74 2636 279 2674 intellectui
304 2631 432 2670 moliri
446 2645 487 2670 ac
512 2644 636 2681 parare
663 2631 881 2681 profitetur:
910 2634 946 2669 δε
970 2633 1009 2668 in
1024 2632 1098 2681 hoc
1122 2643 1202 2668 uno
1222 2630 1476 2668 consentiunt.
1532 2631 1674 2669 Differt

74 2701 199 2729 autem
225 2691 334 2742 plane
361 2700 381 2725 a
400 2689 555 2736 vulgati,
593 2688 698 2724 rebus
724 2688 918 2737 praecipue
942 2686 1082 2724 tribus:
1119 2687 1190 2725 viz.
1221 2684 1302 2737 ipso
1325 2685 1412 2732 fine,
1449 2686 1584 2724 ordine
1612 2687 1674 2724 de·

73 2745 316 2785 monstrandi,
346 2742 608 2790 &inquirendi
631 2743 757 2779 initiis.

129 2802 247 2838 NAM
275 2797 359 2836 huic
382 2798 525 2834 nostrae
550 2797 722 2834 scientiae
743 2797 828 2834 finis
851 2798 1099 2847 proponitur3
1135 2805 1176 2833 ut
1199 2796 1438 2833 inveniantur
1461 2807 1543 2833 non
1569 2808 1674 2845 argu-

75 2865 214 2901 menta,
244 2853 304 2891 sed
319 2863 433 2892 artes;
455 2864 523 2889 nec
540 2853 730 2903 principiis
744 2851 1005 2899 consentanca,
1035 2851 1095 2888 sed
1111 2850 1185 2901 ipsa
1199 2849 1398 2903 principia3
1428 2862 1497 2887 nec
1513 2852 1677 2888 rationes

74 2910 298 2961 probabiles,
326 2908 387 2946 scd
407 2905 678 2956 designationes
694 2909 730 2943 ὃ(
751 2907 999 2943 indicationes
1020 2917 1191 2959 operum.
1247 2906 1374 2955 Itaque
1395 2917 1437 2942 ex
1458 2906 1674 2948 intentione

74 2963 227 3010 diversa,
256 2963 417 3001 diversus
443 2960 605 3009 sequitur
631 2961 792 2998 effeetus.
848 2962 929 2998 lllic
955 2963 1058 2999 enim
1077 2960 1302 3000 adversarius
1322 2960 1575 3012 disputatione
1594 2962 1672 2997 vin-

78 3021 173 3057 citur
194 3021 230 3057 &
245 3018 528 3068 constringitur;
559 3017 620 3053 hic
640 3027 771 3053 natura
787 3028 910 3068 opere.

1522 3068 1678 3119 Arqus

1794 184 1851 237 ¹3
