2040 3439
88 159 309 229 Liban-
487 157 816 238 NOVJUM
887 158 1375 224 oRGA'NUM

91 267 203 320 poris,
232 264 291 304 cui
309 265 576 316 adjunguntur.
619 266 733 316 Aqua
751 265 853 304 'enim
869 268 965 317 regis
994 280 1126 306 aurum
1150 254 1272 315 soivir,
1301 252 1500 320 argentum
1520 269 1704 309 minime:

92 325 149 362 At
167 333 312 369 contra,
342 333 435 372 aqua
462 321 570 359 fortis
590 332 790 372 argentum
820 322 945 371 solvit,
974 334 1106 362 aurum
1131 325 1319 365 minime:
1347 327 1542 365 Neutrum
1576 336 1703 365 autem

91 376 200 418 solvit
219 376 357 415 vitrum
380 389 389 413 ε
444 378 493 414 Et
511 375 560 415 fic
579 377 626 414 de
655 378 816 415 caeteris.

445 467 521 508 Ad
539 467 757 520 vicestmam
776 469 970 525 quartam,
1000 469 1180 524 vicesima
1213 473 1326 511 nona'.

139 545 264 582 FIAT
291 544 591 593 experimentum
608 540 753 593 spiritus
773 540 850 579 vini
872 544 913 580 in
928 540 1051 592 lignis,
1080 556 1122 581 ac
1147 544 1259 582 ctiam
1284 545 1325 580 in
1341 539 1491 593 butyro,
1522 538 1586 584 au't
1605 539 1701 593 cer}

86 609 152 638 aut
179 600 283 648 pice·
274 622 285 639 ‚
314 597 338 636 si
364 598 464 635 forte
481 610 547 648 per
566 598 733 635 calorem
759 596 866 634 suum
881 609 922 634 ea
943 599 1176 661 anquatenus
1196 599 1420 647 liquefaciat.
1479 600 1657 638 Etenim
1647 610 1701 639 m-

85 652 212 692 stantia
235 652 405 691 vicesima
432 663 561 704 quarta
589 652 750 689 ostendit
770 651 988 703 potestatem
1005 653 1082 699 ejus
1109 655 1267 691 imitatu
1272 665 1334 691 am
1356 655 1517 692 caloris'
1509 667 1548 692 m
1579 657 1702 694 incru-

83 701 327 748 stationibus:
356 709 484 756 Itaque
504 707 565 744 fiat
586 705 752 744 similiter
778 708 1078 758 experimentum
1101 710 1141 745 in
1156 707 1498 757 liquefafflo'nibus.
1557 712 1636 748 Fiat
1663 724 1699 750 e-

85 764 180 802 tiam
199 765 502 815 experimentum
529 774 594 812 per
614 763 757 800 vitrum
773 762 958 811 graduum
977 761 1049 800 five
1069 764 1272 810 calendare,
1301 764 1405 812 quod
1435 776 1640 803 concavum
1657 764 1700 805 fit

86 819 129 864 in
144 816 357 857 summitate
380 818 442 855 sua
456 830 521 869 per
546 818 725 859 exterius3
755 819 792 854 ὃ(
811 815 1038 855 immittatur
1054 819 1094 855 in
1118 817 1212 856 iilud
1232 830 1443 856 concavum
1459 822 1616 857 exterius
1632 820 1700 871 spi—

85 871 274 912 ritus-vini
297 875 394 911 bene
421 872 652 917 1·c&iiicatus‚
681 883 769 909 cum
789 872 982 923 operculo,
1013 883 1053 910 ut
1079 871 1213 910 melius
1236 874 1430 910 contineat
1450 875 1618 912 calorem
1645 872 1699 915 su-

85 939 174 970 um3
201 930 240 967 ἀ·
261 939 418 967 notetur
440 938 570 966 utrum
597 939 663 977 per
685 928 852 964 calorem
872 926 980 964 suum
1001 926 1112 966 faciat
1141 939 1274 979 aquam
1294 927 1531 967 descendere.

527 1017 602 1059 Ad
617 1017 835 1071 vicefimam
860 1021 1050 1074 quintam,
1081 1018 1281 1071 tr'iccfima.

119 1088 330 1134 ·-AROMA
343 1096 416 1141 TA,
446 1098 484 1133 &
513 1096 648 1134 herbae
668 1108 768 1134 acres
787 1096 834 1133 ad
851 1098 1030 1148 palatum,
1059 1098 1186 1135 multo
1207 1097 1324 1147 magis
1339 1093 1505 1147 sumptae
1526 1096 1697 1146 interius,

79 1150 335 1203 percipiuntur
357 1150 482 1188 calida.
540 1152 761 1190 Videndum
790 1153 915 1199 itaque
939 1153 978 1188 in
1008 1150 1141 1201 quibus
1163 1151 1243 1189 aliis
1269 1154 1432 1190 materiis
1464 1165 1695 1202 exequantur

79 1213 196 1256 opera
217 1207 361 1244 caloris.
416 1206 547 1255 Atque
578 1206 742 1244 referunt
771 1216 918 1253 nautae,
947 1219 1035 1244 cum
1072 1208 1215 1244 cumuli
1250 1209 1286 1245 ὅ(
1322 1207 1453 1245 mass'ae
1480 1220 1695 1246 aromatum

79 1260 148 1299 diu
167 1261 361 1299 conclusae
391 1260 515 1298 subito
534 1262 761 1310 aperiuntur,
792 1262 1000 1312 periculum
1031 1262 1161 1299 instare
1184 1263 1280 1307 iliis„
1301 1263 1365 1311 qui
1395 1269 1452 1299 eas
1471 1265 1599 1315 primo
1621 1263 1696 1314 agi-

80 1324 163 1353 tant
182 1318 220 1354 δε
239 1317 448 1362 extrahunt,
491 1328 511 1353 a
539 1316 701 1353 febribus
731 1318 767 1353 ὅ(
803 1316 1166 1354 inflammationibus
1195 1315 1350 1368 spirituS.
1409 1316 1588 1355 Similiter
1614 1316 1695 1356 ficti

79 1369 220 1421 poterit
240 1370 552 1422 experimentum,
582 1381 708 1408 utrum
735 1371 903 1420 pulveres
923 1371 1137 1417 hujusmodi
1157 1382 1371 1410 aromatum
1399 1382 1461 1409 aut
1490 1374 1691 1411 herbarum

79 1434 164 1464 non
180 1425 380 1463 arefaciant
407 1425 568 1464 laridum
582 1428 617 1463 ὃς
629 1437 780 1464 carnem
804 1425 1010 1476 suspensam
1029 1425 1133 1477 super
1148 1426 1259 1478 ips05‚
1276 1427 1392 1465 veluti
1411 1427 1537 1464 fumus
1557 1427 1665 1478 igni&

442 1516 519 1558 Ad
535 1515 752 1569 vicesimam
768 1516 943 1571 fhxtam,
974 1517 1106 1568 trzccff
1102 1531 1164 1557 ma
1186 1520 1327 1572 prima.

107 1593 443 1632 Acn1MoN1A
471 1591 542 1630 five
570 1591 779 1643 penetratio
811 1591 900 1630 inest
938 1603 1016 1630 tam
1049 1593 1206 1643 frigidis,
1234 1594 1356 1644 qualia
1379 1592 1463 1631 sunt
1483 1603 1632 1631 acetum
1655 1596 1692 1633 &

77 1649 208 1686 oleum
223 1650 378 1694 vitrioli‚
408 1660 521 1700 quam
549 1647 690 1694 calidis,
719 1646 839 1695 qualia
869 1648 952 1686 iunt
968 1623 1121 1686 oleum³
1122 1649 1281 1698 origani,
1311 1651 1347 1686 δί
1367 1647 1507 1686 similia.
1568 1651 1695 1699 Itaque

75 1701 245 1742 fimiiiter
260 1706 297 1741 ὅ(
319 1705 360 1740 in
375 1701 547 1740 animatis
570 1704 671 1740 cient
686 1703 876 1751 dolorem,
906 1705 943 1741 ὅ(
969 1705 1010 1741 in
1030 1703 1297 1740 non-animatis
1313 1704 1498 1741 divellunt
1514 1715 1635 1756 partes
1655 1707 1693 1742 &

77 1757 318 1797 consumunt.
375 1760 514 1806 Neque
541 1757 629 1795 huic
652 1756 841 1794 instantiae
876 1758 1112 1808 subjungitur
1140 1760 1323 1807 negativa.
1380 1759 1511 1808 Atque
1538 1761 1580 1797 in
1615 1761 1692 1798 ani·

78 1815 189 1851 matis
210 1814 360 1851 'nullum
381 1814 562 1862 reperitur
590 1812 715 1860 dolor,
745 1809 812 1849 nisi
833 1824 922 1850 cum
942 1813 1109 1864 quodam
1130 1812 1237 1850 sensti
1257 1814 1402 1850 caloris.

393 1902 469 1944 Ad
493 1901 709 1955 viccfimam
728 1904 951 1960 sbptimam,
980 1902 1170 1956 tricestma
1188 1904 1373 1957 ficunda.

133 1980 426 2018 COMMUNES
458 1979 543 2017 sunt
569 1981 781 2031 complures
803 1979 970 2016 actiones
1005 1981 1041 2016 δε
1069 1978 1180 2016 calidi
1208 1980 1246 2016 &
1269 1977 1406 2027 frigidi,
1436 1975 1524 2016 licet
1558 1979 1696 2019 diversa

77 2034 286 2074 admodum
315 2037 472 2072 ratione.
531 2037 632 2073 Nam
660 2037 695 2072 ὅ(
723 2036 827 2072 nives
861 2046 1067 2084 puerorum
1097 2046 1230 2070 manus
1258 2034 1435 2071 videntur
1468 2036 1582 2096 paulo
1616 2035 1696 2095 post

78 2091 212 2130 urere3
242 2092 279 2126 ὅς
302 2090 444 2138 frigora
471 2099 625 2126 tuentur
652 2101 782 2127 carnes
805 2101 825 2127 a
849 2087 1131 2139 putrefaCtionc,
1161 2096 1242 2126 non
1270 2090 1397 2126 minus
1425 2101 1539 2137 quam
1572 2091 1601 2138 ig
1587 2089 1692 2132 υἷες

78 2146 116 2182 &
143 2145 285 2195 *calores
314 2144 543 2182 contrahunt
568 2157 729 2206 corpora
754 2147 794 2181 in
825 2146 964 2190 minus,
993 2144 1097 2193 quod
1118 2143 1259 2181 faciunt
1281 2144 1318 2179 ὅ(
1345 2142 1488 2192 frigidi.
1545 2145 1690 2183 Verum

76 2199 167 2236 haec
195 2201 232 2236 &
253 2197 381 2236 similia
408 2201 660 2251 oppoitunius
683 2200 732 2238 est
751 2199 888 2237 referre
907 2200 951 2236 ad
977 2196 1261 2247 inquisitionem
1291 2197 1338 2235 de
1367 2197 1519 2248 frigido.

112 2251 278 2305 Aphor.
299 2255 395 2291 XIII.
426 2256 631 2292 TERTIO
664 2254 832 2292 facienda
853 2252 902 2292 est
926 2255 1183 2302 comparentia
1213 2252 1259 2290 ad
1287 2254 1521 2290 intellectum
1553 2253 1685 2292 instan-

74 2306 213 2346 tiarum
234 2310 274 2345 in
293 2307 424 2359 quibus
450 2317 592 2355 natura,
621 2310 668 2346 de
695 2321 768 2360 qua
795 2309 836 2346 fit
856 2306 1057 2357 inquisitio,
1085 2308 1175 2345 inest
1195 2307 1399 2345 secundum
1420 2310 1538 2358 magIS
1559 2310 1595 2346 ὃς
1617 2308 1684 2346 mi-

74 2373 174 2405 nus-'⁴3
199 2361 270 2401 five
294 2364 387 2401 facta
415 2365 698 2413 comparatione
727 2365 950 2402 incrementi
981 2365 1018 2400 ὅ(
1051 2363 1282 2401 decrementi
1297 2363 1337 2399 in
1353 2363 1489 2400 codem
1506 2361 1683 2411 subiecto,

76 2415 151 2456 five
167 2418 259 2456 faeta
277 2420 561 2470 comparatione
586 2420 631 2457 ad
651 2417 813 2459 invicem
839 2420 880 2457 in
900 2417 1068 2463 subjectis
1082 2415 1238 2456 diversis.
1298 2417 1402 2455 Cum
1432 2417 1534 2454 enim
1555 2419 1683 2458 forma

76 2475 128 2512 rei
149 2471 190 2511 fit
220 2470 393 2525 ipfissima
414 2485 468 2511 res
484 2490 494 2517 ;
524 2486 646 2522 neque
672 2473 821 2512 differat
844 2485 900 2511 res
919 2485 939 2510 a
959 2472 1096 2519 forma,
1127 2473 1233 2510 aliter
1247 2483 1359 2520 quam
1381 2471 1561 2518 differunt
1576 2485 1684 2524 appa-

76 2540 161 2566 rens
186 2531 222 2566 ὅ(
242 2527 407 2573 existens,
437 2539 500 2566 aut
529 2530 688 2566 exterius
718 2531 755 2567 ὅ(
775 2530 942 2576 interius,
970 2538 1032 2566 aut
1062 2528 1102 2565 in
1126 2526 1259 2566 ordine
1282 2526 1327 2563 ad
1355 2526 1552 2565 hominem
1582 2531 1617 2566 ὃ(
1643 2529 1685 2567 in

74 2584 210 2621 ordine
228 2584 274 2621 ad
292 2582 506 2622 universum
527 2600 537 2627 ;
567 2585 733 2623 omnino
750 2583 926 2632 sequitur,
942 2593 983 2621 ut
1003 2594 1085 2625 non
1104 2582 1298 2633 recipiatur
1318 2583 1441 2630 aliqua
1460 2593 1590 2621 natura
1609 2595 1683 2633 pro

73 2644 159 2676 vera
177 2638 313 2685 forma,
344 2636 411 2675 nist
433 2649 616 2689 perpetuo
638 2637 822 2676 decrescat
842 2639 995 2690 quando
1016 2648 1146 2676 natura
1179 2636 1253 2689 ipsa
1273 2636 1461 2683 decrescit,
1491 2640 1527 2674 ὃ(
1557 2636 1683 2676 funili-

73 2701 329 2745 terperpetuo
348 2704 533 2742 augeatur,
563 2694 717 2742 quando
747 2702 879 2731 natura
900 2692 975 2745 ipsa
1002 2703 1166 2742 augetur.
1222 2693 1329 2730 Hanc
1356 2693 1479 2743 itaque
1502 2693 1682 2740 tabulam,

74 2749 238 2786 tabulam
268 2749 451 2798 graduum
470 2746 541 2786 five
560 2749 727 2786 tabulam
755 2749 1028 2798 comparativae
1043 2748 1227 2798 appellate
1256 2745 1526 2786 consuevimus.

368 2838 518 2879 Tabula
532 2838 741 2894 graduum,
755 2839 845 2891 five
865 2841 1154 2893 comparativae
1168 2840 1210 2878 in
1234 2838 1369 2880 calido.

128 2906 191 2943 Pu
204 2916 296 2944 1Mo
317 2908 441 2955 itaque
468 2905 633 2944 dicemus
662 2905 708 2942 de
732 2907 788 2952 iis,
819 2917 913 2954 quae
937 2905 1087 2943 nullum
1110 2903 1258 2954 prorsus
1279 2906 1438 2954 gradum
1459 2904 1591 2943 caloris
1621 2905 1681 2942 ha-

78 2957 169 2998 bent
195 2962 240 2998 ad
264 2962 403 3000 tatium
426 2976 436 3004 3
466 2961 525 2998 scd
547 2961 724 3000 videntur
743 2960 879 2998 habere
907 2959 1155 3010 potentialem
1183 2967 1332 2998 tantum
1356 2960 1547 3009 quendam
1585 2960 1682 2996 calo-

77 3025 170 3064 rem,
195 3014 266 3055 five
288 3015 570 3068 dispositionem
586 3018 622 3054 ἃ
645 3017 968 3067 praeparationem
995 3015 1043 3054 ad
1060 3014 1235 3053 calidum.
1291 3016 1419 3054 Postea
1444 3016 1600 3052 demum
1621 3014 1683 3050 dc-

1467 3069 1683 3106 sccndcmus

1793 179 1889 244 '323
