2040 3439
71 183 414 255 cap.1V.'DE
466 184 964 235 AUGMENTIS
1011 179 1623 233 SCIENTIARUM.

13 318 16 321 .
73 286 165 335 iffet,
194 285 357 338 operolis
379 288 606 336 palatiorum
627 287 859 336 laquearibus
881 283 1137 326 eonfirnilem3
1167 295 1252 322 cum
1275 295 1296 321 e
1315 294 1447 321 eontra
1467 296 1575 334 aegre
1597 286 1679 334 quis

71 339 241 380 ostendat
265 344 306 380 in
325 352 404 379 tam
429 341 584 379 infinito
603 342 791 379 stellarum
814 352 978 380 numero
1000 340 1156 389 figuram
1176 340 1340 388 aliquam
1365 340 1422 376 vel
1447 339 1677 388 quadratam,

68 397 132 434 vel
154 398 437 447 triangularem,
470 398 529 434 vel
550 397 833 434 refitilinearem.
891 397 1014 434 Tanta
1033 393 1082 432 est
1095 394 1316 432 harmoniae
1326 393 1568 446 discrepantia
1580 394 1678 433 inter

70 451 245 503 spiritum
261 450 427 490 hominis
443 454 479 489 ὅ(
496 449 661 504 spiritum
678 452 825 490 mundi.

121 507 262 558 Quor)
288 507 333 544 ad
349 507 453 544 idola
476 506 602 556 specus
616 508 763 553 attinet,
792 507 856 544 illa
879 517 1008 545 ortum
1025 505 1163 543 habent
1187 517 1230 542 cx
1245 505 1396 556 propria
1416 504 1592 553 cujusque
1615 517 1677 542 na-

67 569 152 598 tura
179 564 216 599 ὅ(
240 560 357 598 animi
381 563 418 599 &
437 562 606 610 corporis
621 574 641 603 ;·
668 571 778 610 atque
805 563 918 599 etiam
942 574 986 599 ex
1007 561 1231 597 educatione
1255 562 1292 597 δε
1317 559 1602 607 consuetudine,
1639 563 1678 598 δε

69 614 237 653 fortuitis
254 617 373 662 rebus,
402 628 497 664 quae
512 614 663 665 singulis
677 613 898 654 hominibus
917 613 1102 654 accidunt.
1158 613 1460 651 Pulcherrimum
1475 616 1578 652 enim
1599 627 1676 652 em-

70 669 198 709 blema
221 669 271 708 est
286 670 381 708 illud
403 671 450 709 de
467 671 575 729 specu
594 672 782 709 Platonis:
812 672 1007 720 Siquidem
1023 668 1048 706 si
1071 668 1151 719 quis
1168 668 1285 716 (miffa
1308 670 1372 706 illa
1387 668 1560 719 exquisita
1575 681 1675 719 para-

68 719 181 761 bolae
205 724 420 774 subtilitate)
447 737 468 763 a
492 725 610 777 prima
634 725 801 774 infantia,
838 727 879 764 in
901 736 1012 763 antro
1035 736 1097 762 aut
1121 734 1276 761 caverna
1297 721 1451 761 obscura
1477 727 1514 761 ὅ(
1538 723 1675 762 subter-

69 789 192 828 ranea,
219 780 265 818 ad
291 789 475 818 maturam
491 781 604 832 usque
627 791 786 819 aetatem
801 781 965 830 degeret,
1000 783 1037 818 δε
1052 790 1143 817 tunc
1166 779 1369 830 derepente
1385 780 1425 815 in
1448 789 1570 828 aperta
1589 790 1675 828 pro-

68 832 178 881 diret,
208 837 244 872 ὃ(
259 835 361 873 hunc
381 837 479 873 coeli
500 839 537 873 ὃς
551 848 676 874 rerum
697 847 911 886 apparatum
926 844 1191 873 contueretur3
1220 833 1378 870 dubium
1394 845 1475 870 non
1492 832 1551 879 est,
1580 835 1675 882 quin

67 889 239 927 animum
255 891 333 934 ejus
354 890 520 928 subirent
536 893 572 928 ὅ(
587 890 875 943 perstringerent
896 889 1195 939 quamplurimae
1211 889 1329 925 mirae
1346 890 1383 925 ὅ(
1395 884 1676 925 absurdiffimae

69 942 288 995 phantasiae.
344 947 430 984 Nos
449 958 541 983 vero
561 946 699 983 scilicet
716 945 781 983 sub
800 945 944 996 aspe6³m
959 945 1057 982 coeli
1074 941 1266 992 degimus3
1296 943 1435 979 interea
1455 952 1582 979 tamen
1603 943 1678 980 ani-

69 999 125 1036 mi
137 999 178 1036 in
192 1001 355 1038 cavernis
370 1012 573 1051 corporum
590 999 803 1038 nostrorum
817 1000 1055 1040 conduntur3
1077 1009 1117 1037 ut
1133 997 1295 1035 infinitas
1310 1006 1482 1034 errorum
1499 1000 1534 1034 ὅ(
1549 996 1677 1035 sallita-

68 1062 153 1091 tum
176 1054 359 1104 imagines
379 1056 526 1093 haurire
548 1056 688 1093 necesse
711 1054 765 1101 lit,
795 1054 820 1092 fi
841 1068 861 1092 c
886 1055 994 1105 specu
1015 1055 1074 1092 sua
1089 1065 1173 1091 raro
1192 1062 1342 1090 tantum
1367 1054 1404 1089 δε
1418 1053 1462 1088 ad
1488 1051 1598 1089 breve
1614 1055 1675 1090 ali-

67 1108 175 1156 quod
188 1118 337 1159 tcmpus
351 1111 547 1162 prodeant,
568 1113 605 1148 ὅ(
621 1123 700 1148 non
717 1113 756 1147 in
771 1111 1096 1160 contemplatione
1112 1118 1264 1146 naturae
1279 1118 1474 1159 perpetuo,
1496 1118 1675 1156 tanquam

69 1163 138 1201 iub
162 1163 240 1212 dio,
269 1176 482 1204 morentur.
538 1166 766 1203 Emblemat'i
790 1163 969 1213 siquidem
987 1165 1040 1202 illi
1056 1165 1102 1201 de
1118 1165 1225 1213 specu
1241 1164 1408 1200 Platonis
1424 1161 1566 1211 optimc
1587 1175 1675 1200 con-

69 1219 173 1256 venit
187 1220 364 1269 parabola
387 1222 450 1259 illa
465 1223 670 1263 Heracliti-3
700 1222 805 1270 quod.
824 1221 1000 1258 homines
1023 1219 1187 1257 scientias
1207 1217 1416 1254 inmundis
1440 1217 1609 1267 propriis,
1639 1221 1677 1255 δε

55 1283 154 1314 ,που
172 1272 213 1310 in
233 1276 382 1313 mundo
400 1277 543 1321 majore
564 1272 755 1325 quaerant.

124 1327 198 1366 AT
213 1327 315 1367 idola
329 1330 403 1368 fori
431 1328 688 1369 molestisfima
704 1331 800 1378 sunt,
830 1343 924 1380 quae
940 1343 983 1368 ex
1002 1330 1154 1368 foedere
1169 1327 1284 1366 tacito
1300 1329 1398 1364 inter
1414 1326 1601 1374 homines,
1630 1327 1676 1365 de

68 1383 192 1421 verbis
214 1386 252 1422 &
273 1387 495 1424 nominibus
511 1385 704 1436 impolitis,
734 1386 769 1423 se
786 1389 825 1423 in
849 1386 1083 1423 intellcimm
1100 1382 1343 1421 insinuarunt.
1401 1381 1527 1420 Verba
1549 1392 1677 1420 autem

68 1439 277 1489 plerunque
302 1451 346 1477 ex
365 1451 475 1491 captu
496 1443 598 1491 vulgi
619 1441 824 1482 induntur3
860 1450 972 1489 atquc
992 1452 1056 1490 per
1079 1438 1321 1483 differentias,
1359 1449 1516 1485 quarum
1541 1439 1674 1486 vulgus

67 1500 178 1542 capax
201 1492 262 1540 est,
291 1505 349 1532 res
363 1494 509 1538 secant3
537 1509 627 1534 cum
649 1506 776 1534 autem
791 1495 1003 1533 intellectus
1027 1494 1171 1531 acutior
1196 1502 1258 1530 aut
1279 1491 1491 1530 observatio
1515 1492 1672 1542 diligen-

67 1548 152 1585 tior·
166 1559 224 1585 res
240 1550 376 1587 melius
395 1551 620 1601 distinguere
635 1552 738 1598 velit,
769 1551 880 1588 verba
895 1549 1123 1599 obstrepunt.
1179 1547 1295 1599 Quod
1322 1558 1412 1584 vcro
1427 1546 1534 1592 hujus
1559 1559 1676 1584 remc-

67 1603 254 1651 diumcst,
294 1603 547 1650 (definitiones
570 1606 722 1653 scilicet)
748 1607 788 1642 in
815 1603 985 1654 plurimis
1001 1605 1089 1642 huic
1114 1604 1218 1640 malo
1240 1603 1384 1639 mederi
1411 1604 1555 1649 nequit,
1585 1613 1677 1650 quo-

67 1655 171 1695 niam
195 1661 234 1696 ὅ(
258 1657 356 1708 ipsae
377 1660 617 1699 definitiones
632 1674 675 1698 ex
701 1660 823 1699 verbis
842 1659 1025 1706 constent,
1055 1661 1092 1696 &
1116 1658 1228 1696 verba
1242 1656 1402 1706 gignant
1425 1657 1547 1694 verba.
1604 1655 1679 1694 Etsi

68 1722 197 1752 autem
227 1723 401 1764 putemus
425 1718 547 1754 verbis
574 1716 709 1754 nostris
734 1727 805 1753 nos
832 1714 1042 1766 imperare;
1079 1715 1116 1751 δε
1143 1713 1239 1750 illud
1266 1711 1372 1749 facile
1399 1711 1501 1749 dieiu
1530 1708 1584 1759 fit,
1622 1713 1678 1749 lo-

69 1768 269 1816 quendum
297 1769 367 1807 effe
395 1781 436 1808 ut
465 1773 609 1822 vulgus,
651 1769 887 1808 sentiendum
917 1780 959 1807 ut
988 1769 1180 1820 sapientes.
1247 1768 1468 1819 Quinetiam
1497 1767 1679 1805 vocabula

58 1824 210 1861 -artium
237 1827 346 1873 (quae
369 1826 467 1875 apud
493 1828 635 1877 peritos
658 1826 782 1864 solum
804 1827 944 1873 valent)
972 1825 1059 1862 huic
1080 1825 1132 1861 rei
1157 1822 1356 1860 satisfacere
1377 1820 1493 1859 videri
1513 1818 1675 1871 poflint;

61 1880 108 1917 -&
131 1876 373 1922 definitiones
393 1879 457 1930 (de
482 1882 619 1931 quibus
638 1882 814 1930 diximus)
839 1881 979 1918 artibus
1003 1878 1228 1930 praemissae,
1269 1876 1488 1924 (secundum
1513 1877 1671 1928 pruden-

67 1934 164 1974 tiam
188 1935 560 1985 mathematicorum)
587 1937 861 1976 vocabulorum
886 1946 1011 1985 pravas
1037 1932 1271 1983 acceptiones
1293 1933 1481 1980 corrigere
1506 1932 1675 1972 valeant;

69 1998 237 2027 attamen
259 1989 350 2026 haec
370 1993 501 2029 omnia
529 2005 610 2029 non
631 1988 830 2038 sufficiunt,
859 2003 938 2040 quo
959 1991 1086 2027 minus
1105 1990 1308 2026 verborum
1329 1984 1539 2038 praestigiae
1560 1988 1597 2022 &
1620 1988 1677 2023 in-

67 2046 303 2082 cantationes
326 2046 498 2094 plurimis
514 2048 638 2085 modis
659 2046 847 2093 seducant,
877 2049 913 2083 ὅ(
933 2047 1010 2083 vim
1027 2044 1213 2094 quandam
1235 2042 1440 2079 intellectui
1461 2040 1609 2087 faciant,
1639 2043 1678 2078 δε

66 2100 257 2149 impetum
282 2099 390 2137 suum
416 2101 539 2145 (more
562 2104 807 2139 Tartarorum
832 2100 1093 2150 sagittationis)
1112 2109 1214 2136 retro
1238 2099 1276 2134 in
1299 2095 1533 2133 intellcCtum
1559 2096 1674 2142 (unde

66 2154 234 2206 profecta
258 2153 356 2203 sunt)
387 2167 642 2206 retorqueant.
699 2158 825 2208 Qare
854 2157 999 2202 altiore,
1037 2157 1073 2192 &
1094 2166 1197 2191 novo
1220 2152 1386 2201 quodam
1410 2151 1591 2197 remedio,
1629 2151 1676 2187 ad

66 2211 143 2247 hoc
162 2210 306 2247 malum
321 2222 415 2261 opus
438 2211 497 2249 cst.
557 2213 703 2250 Verum
719 2213 809 2248 haec
832 2212 905 2256 jam
922 2208 1055 2247 cursim
1079 2207 1370 2259 perstringimus,
1407 2206 1563 2242 interim
1588 2203 1675 2242 desi-

66 2264 188 2302 derari
209 2266 502 2313 pronunciantes
517 2266 611 2304 hanc
626 2265 850 2311 doitrinam,
881 2277 993 2315 quam
1010 2263 1186 2301 elenchos
1202 2273 1372 2310 magnOS,
1402 2257 1471 2296 sive
1492 2259 1538 2296 de
1558 2260 1673 2297 idolis

65 2318 184 2358 animi
198 2321 354 2357 humani
375 2319 506 2359 nativis
522 2324 558 2359 ὅ(
573 2321 796 2366 adventitiis,
825 2320 1106 2371 appellabimus.
1161 2317 1249 2361 Ejus
1271 2326 1395 2353 autem
1414 2315 1676 2352 trattationem

65 2372 275 2424 legitimam
290 2375 336 2411 ad
352 2386 539 2424 organum
554 2388 699 2415 novum
715 2375 923 2412 referimus.

113 2431 370 2468 SUPEREST
395 2430 481 2469 artis
508 2431 696 2474 judicandi
719 2430 902 2482 appendix
927 2427 1109 2477 quaedam
1136 2424 1298 2475 insignis,
1336 2435 1448 2476 quam
1474 2424 1588 2460 etiam
1613 2424 1675 2461 dc-

67 2481 213 2523 fiderari
237 2485 440 2523 statuimus.
498 2486 694 2535 Siquidem
724 2485 941 2522 Aristoteles
971 2495 1050 2520 rem
1077 2483 1234 2527 notavit,
1273 2480 1432 2517 modum
1460 2477 1510 2514 rei
1538 2479 1674 2516 nullibi

68 2538 279 2589 persecutus
302 2539 362 2577 cst.
423 2542 474 2578 Ea
495 2541 636 2587 tractat,
674 2542 800 2589 quales
823 2538 1160 2577 demonstrationes
1185 2537 1230 2572 ad
1257 2535 1384 2583 quales
1408 2535 1580 2569 materias
1605 2531 1676 2570 sive

68 2594 228 2641 subjecta
252 2595 427 2646 applicari
452 2596 635 2637 debeant3
681 2606 723 2632 ut
748 2595 838 2632 haec
863 2592 1032 2631 dostrina
1059 2602 1240 2640 tanquam
1270 2588 1511 2633 judicationes
1539 2587 1674 2632 judica-

68 2651 224 2688 tionum
238 2650 442 2689 contineat.
487 2652 646 2701 Optime
660 2652 764 2687 enim
779 2649 1011 2693 Aristotcles,
1034 2649 1169 2695 Neque
1184 2644 1522 2682 demonstrationes
1535 2644 1580 2679 ab
1596 2655 1676 2680 ora-

69 2705 226 2752 toribus,
264 2718 387 2754 neque
408 2704 590 2743 suasiones
616 2718 637 2743 a
660 2705 945 2745 mathematicis,
985 2703 1119 2753 requiri
1140 2700 1273 2737 debere
1300 2707 1444 2735 monet.
1501 2698 1561 2737 Ut
1584 2695 1609 2734 fi
1634 2701 1675 2736 in

70 2760 303 2813 probationis
317 2772 454 2810 genere
466 2762 668 2806 aberretur,
689 2759 865 2805 judicatio
879 2757 952 2810 ipsa
966 2770 1045 2794 non
1059 2755 1276 2793 absolvatur.
1324 2752 1490 2806 Quando
1501 2764 1591 2790 vero
1606 2751 1676 2790 sint

71 2826 233 2868 quatuor
245 2815 609 2853 demonstrationum
621 2827 769 2864 genera,
791 2815 848 2852 vel
861 2826 925 2865 per
937 2810 1158 2849 consensum
1172 2807 1431 2846 immediatum
1448 2810 1675 2846 &notiones

71 2883 308 2917 communes,
328 2872 387 2908 vel
403 2882 467 2922 per
484 2870 756 2916 induitionem,
777 2869 835 2906 vel
851 2880 916 2917 per
932 2865 1203 2916 syllogismum,
1229 2865 1287 2902 vel
1303 2875 1366 2913 per
1383 2873 1464 2898 cam
1483 2863 1608 2910 (quam
1625 2876 1675 2900 re-

73 2928 130 2965 cte
146 2937 256 2965 vocat
270 2925 503 2973 Aristoteles)
529 2924 896 2962 demonstrationem
913 2924 951 2958 in
968 2922 1113 2966 orbem,
1145 2922 1239 2966 (non
1255 2931 1274 2956 a
1298 2917 1509 2956 notioribus
1528 2917 1676 2964 scilicet,

74 2981 136 3020 scd
154 2992 334 3030 tanquam
350 2981 396 3018 de
418 2981 562 3031 plano,)
592 2979 730 3016 habent
752 2978 820 3014 hae
842 2976 1178 3014 demonstrationes
1194 2973 1354 3023 singulae
1381 2982 1480 3009 certe
1506 2971 1674 3017 subjecta,

75 3040 112 3076 δε
130 3038 303 3074 materias
322 3035 558 3074 scientiarum
581 3036 619 3071 in
644 3032 776 3083 quibus
796 3032 965 3082 pollent;
995 3031 1076 3076 alia,
1108 3042 1126 3067 a
1141 3027 1273 3079 quibus
1299 3028 1558 3065 exeluduntur.
1616 3027 1679 3063 Et-

128 3092 236 3131 VOL.
266 3092 293 3128 1.
836 3086 869 3126 U
893 3098 910 3123 2
1575 3083 1678 3119 enixu

1721 200 1816 248 155
