2040 3439
0 124 313 199 '‘Lib-111·
482 142 810 189 NOVUM
883 133 1367 207 ORGANUM.-

88 253 123 293 ’ζ
157 239 229 277 AT
266 237 434 276 instantia
461 237 621 276 foederis
650 239 697 276 cst
729 250 876 277 cometa
910 240 1040 289 aliquis
1070 241 1276 288 humilior-3
1305 245 1371 294 qui
1396 256 1482 293 cum
1513 244 1554 284 fit
1582 248 1698 295 longe

100 294 194 334 infra
216 295 379 340 coelum,
407 304 535 330 tamen
562 303 685 330 rotat:
714 292 844 342 Atque
878 306 1140 334 commentum
1162 297 1381 346 Aristotelis,
1409 300 1456 337 de
1480 291 1697 350 alligatione

98 349 168 401 ἦξε
188 349 392 399 sequacitae
413 359 583 386 cometae
610 347 656 385 ad
693 347 826 386 astrum
855 348 1019 399 aliquod,
1048 352 1269 402 jampridem
1298 354 1491 405 explosum
1513 356 1584 398 est3
1613 371 1696 397 non

98 416 245 455 tantum
274 406 361 453 quia
383 404 479 440 ratio
498 404 575 449 ejus
603 415 684 439 non
705 401 753 440 est
780 403 998 452 probabilisJ
1023 405 1084 443 sed
1107 419 1262 459 propter
1290 411 1557 461 experientiam
1577 415 1695 450 mani-

97 461 221 499 festam
249 458 441 505 discursus,
470 460 507 494 ὅ(
533 458 895 506 irregularis'motus
923 471 1157 498 cometarum
1177 475 1243 512 per
1271 466 1369 502 varia
1393 466 1476 502 loca
1503 468 1612 504 coeli.

149 515 223 552 Ar
245 513 374 565 „rursus
391 514 460 550 alia
488 513 658 550 instantia
691 511 850 550 foederis
872 513 966 551 circa
995 515 1068 553 hoe
1096 516 1313 566 subjeetum,
1343 517 1392 556 est
1424 530 1552 559 motus
1579 524 1691 564 aeti53

95 569 158 619 qui
177 572 274 607 intra
292 567 457 620 tropicos
479 566 557 617 (ubi
583 566 711 605 circuli
739 569 939 607 rotationis
961 568 1045 608 sunt
1074 572 1246 621 majores)
1273 574 1418 611 videtur
1432 575 1553 625 &ipse
1568 588 1693 616 rotare

95 627 145 674 ab.
155 626 300 662 oriente
320 625 359 660 in
384 623 634 660 occidentem.

145 680 210 720 ΕΤ
229 679 299 715 alia
331 678 451 715 rursus
471 677 638 714 instantia
660 677 759 715 foret
782 677 900 716 fluxus
924 680 961 716 δε
988 679 1147 718 refluxus
1170 684 1293 729 matis,
1322 680 1347 719 fi
1363 685 1482 722 modo
1502 698 1616 734 aquae
1641 688 1692 738 ip·

91 734 148 786 sap
173 733 497 784 deprehendantur
524 733 613 770 ferri
634 742 743 769 motu
764 735 962 770 rotationis
996 734 1096 782 (licet
1112 737 1221 773 tardo
1235 740 1272 775 ὃ(
1292 740 1464 787 evanido)
1485 741 1530 777 ab
1545 740 1692 780 oriente

91 790 134 827 in
160 787 421 828 occidentem;
449 790 499 825 ita
522 798 662 834 tamen,
705 798 746 825 ut
775 787 830 824 bis
857 789 899 825 iu
937 789 997 826 die
1026 793 1329 839 repercutiantur.
1385 795 1511 842 ltaque
1543 793 1569 832 fi
1602 795 1692 834 hacc

91 846 143 882 ita
166 843 202 882 se
221 844 378 881 habeant
393 860 404 887 ;
433 842 669 880 manifestum
697 841 757 889 est,
787 853 938 880 motum
963 842 1073 881 istum
1095 845 1291 884 rotationis
1324 860 1405 885 non
1435 849 1626 888 terminati
1650 851 1692 889 in

89 897 318 949 coelestibus,
346 897 407 935 sed
440 898 714 935 communicari
736 896 810 934 aeri
839 899 875 934 δε
902 910 1029 948 aquae.

139 954 312 991 ΕΤΙΑΜ
337 951 400 990 ista
435 954 641 1005 proprietas
671 953 824 1000 levium,
864 953 1049 989 nimirum
1086 964 1126 991 ut
1162 955 1327 993 ferantur
1360 956 1516 1005 sursum,
1543 961 1690 998 vacillat

87 1008 277 1047 nonnihil.
335 1007 463 1056 Atque
484 1009 524 1044 in
555 1009 641 1054 hoc,
668 1006 765 1044 sumi
795 1007 913 1057 potest
937 1019 1007 1056 pro
1034 1007 1202 1047 instantia
1231 1011 1404 1059 foederis,
1435 1014 1534 1051 bulla
1562 1026 1687 1063 aquae.

90 1065 129 1115 Si
152 1062 258 1100 enim
286 1065 345 1100 ac'r
368 1063 480 1101 fuerit
501 1062 623 1100 subter
643 1074 789 1110 aquam,
819 1061 980 1099 aseendit
1006 1062 1127 1112 rapide
1151 1065 1271 1103 versus
1303 1066 1531 1116 superficiem
1561 1081 1688 1117 aquae,

85 1130 152 1172 per
179 1129 328 1156 motum
345 1119 455 1155 illum
477 1119 616 1170 plagae,
647 1117 772 1165 (quam
788 1128 896 1154 vocat
921 1118 1178 1169 Democritus)
1207 1132 1272 1170 per
1292 1133 1405 1170 quam
1428 1134 1521 1170 aqua
1540 1123 1689 1161 descen-

85 1174 178 1215 dens
197 1174 356 1224 pereutit
380 1176 417 1210 ὅ(
441 1172 579 1210 attollit
604 1174 726 1208 aerem
751 1171 919 1212 sursums
948 1184 1029 1209 non
1057 1184 1183 1211 autem
1205 1187 1271 1225 per
1297 1176 1587 1215 contentionem
1623 1189 1687 1217 aut

85 1231 216 1266 nixum
237 1229 327 1265 aei-is
349 1226 466 1280 ipsius.
521 1225 642 1275 Atqui
664 1225 727 1263 ubi
745 1227 790 1264 ad
821 1226 1050 1276 superficiem
1070 1228 1185 1277 ipsam
1213 1243 1328 1278 aquae
1363 1243 1521 1270 ventum
1559 1232 1686 1279 fuerit,

84 1293 168 1321 tum
187 1283 384 1321 cohibetur
408 1285 468 1319 a'er
493 1282 538 1335 al?
566 1283 745 1319 ulteriore
769 1280 916 1319 ascensu
939 1294 1002 1334 per
1024 1283 1144 1319 levem
1173 1282 1422 1333 resistentiam,
1451 1299 1564 1335 quam
1586 1300 1685 1337 repc-

83 1341 134 1376 rit
159 1340 199 1375 in
218 1350 313 1386 aqua
340 1350 421 1375 non
443 1335 562 1374 statim
593 1338 778 1373 tolerante
804 1335 839 1373 se
874 1335 1168 1375 discontinuari:
1211 1341 1261 1376 ita
1288 1351 1328 1378 ut
1349 1339 1449 1378 exilis
1476 1341 1685 1381 admodum

81 1391 124 1443 sit
143 1395 325 1445 appetitus
346 1391 435 1430 aeris
464 1392 509 1429 ad
537 1391 735 1440 superiora.

136 1449 229 1492 SIM
242 1459 420 1485 1L1TER
439 1445 483 1484 fit
504 1457 635 1484 natura
649 1443 830 1497 inquisita,
857 1446 1017 1495 pondus.
1072 1446 1131 1484 Est
1154 1449 1264 1499 plane
1290 1448 1420 1488 divisio
1444 1462 1614 1502 recepta3
1641 1463 1684 1491 ut

81 1502 193 1540 densa
219 1504 256 1540 ὅ(
281 1501 396 1539 solida
422 1502 588 1539 ferantur
609 1501 732 1540 versus
754 1510 927 1538 centrum
945 1512 1075 1548 terrae,
1105 1514 1185 1539 rara
1211 1513 1337 1541 autem
1366 1507 1403 1542 δε
1422 1506 1547 1544 tenuia
1562 1507 1683 1545 versus

81 1558 267 1595 ambitum
294 1556 416 1598 coeli3
446 1567 623 1607 tanquam
657 1556 703 1593 ad.
726 1556 810 1592 loca
830 1555 890 1593 sua
917 1554 1077 1606 propria.
1133 1557 1263 1606 Atque
1292 1560 1375 1596 loca
1391 1561 1494 1608 quod
1523 1560 1654 1600 attinet
1667 1580 1682 1605 3

83 1613 184 1659 (licet
212 1613 252 1650 in
281 1611 415 1649 scholis
442 1611 657 1656 hujusmodi
686 1622 741 1647 res
769 1610 932 1659 valeant)
962 1613 1072 1662 plane
1102 1613 1227 1664 inepta
1250 1616 1286 1650 ὅ(
1313 1616 1467 1663 puerilis
1499 1618 1685 1666 cogitatio

80 1662 142 1714 est,
170 1668 299 1705 locum
323 1667 463 1715 aliquid
495 1665 606 1715 poss'e.
661 1667 790 1714 Itaque
822 1676 1012 1714 nugantur
1038 1665 1264 1719 philosophi,
1293 1681 1381 1706 curn
1409 1670 1550 1718 dieunt,
1579 1670 1683 1723 quod

78 1720 105 1759 fi
132 1722 317 1773 perforata
340 1722 426 1759 ess‘et
453 1731 562 1768 terra,
591 1732 751 1772 corpora
769 1721 893 1770 gravia
919 1720 955 1758 se
975 1719 1135 1759 sisterent
1168 1724 1320 1774 quando
1342 1734 1498 1762 ventum
1523 1725 1608 1764 cffet
1635 1727 1680 1764 ad

78 1787 264 1819 centrum.
320 1776 415 1814 Ess'et
443 1777 545 1813 enim
565 1786 667 1812 certe
686 1774 893 1812 virtuosum
911 1777 1021 1827 plane
1042 1778 1078 1812 &
1099 1773 1225 1815 efficax
1244 1790 1362 1828 genus
1376 1779 1498 1826 nihili,
1514 1791 1575 1818 aut
1589 1794 1684 1832 pun-

78 1832 129 1871 &i
147 1832 401 1870 mathematici
419 1847 428 1874 ;
458 1831 561 1880 quod
577 1841 638 1867 aut
659 1829 726 1867 alia
741 1826 945 1878 afficerent,
974 1840 1036 1867 aut
1064 1831 1185 1869 rursus
1207 1833 1311 1883 quod
1341 1835 1410 1870 alia
1433 1845 1651 1884 appeterent
1669 1851 1678 1873 ;

78 1899 212 1939 corpus
237 1885 339 1924 enirn
367 1898 448 1923 non
482 1883 546 1922 nist
570 1897 589 1922 a
608 1897 768 1935 corpote
799 1885 949 1936 patitur.
1007 1886 1151 1923 Verum
1173 1886 1236 1924 iste
1267 1889 1449 1940 appetitus
1481 1888 1678 1928 ascenden-

78 1941 118 1978 di
139 1945 178 1988 &
195 1941 456 1987 descendendi,
486 1950 547 1977 aut
571 1938 620 1977 est
647 1941 687 1976 in
721 1938 982 1977 schematismo
1008 1942 1177 1989 corporis
1198 1942 1310 1991 >quod
1340 1953 1526 1991 movetur,
1555 1955 1617 1982 aut
1638 1947 1680 1983 in

77 1990 284 2048 sympathia
306 1995 376 2034 five
396 1994 578 2032 consensu
593 2007 678 2033 cum
694 1995 771 2031 alio
784 2006 955 2044 corpote.
1011 1994 1166 2047 Quodsi
1186 1996 1396 2034 inveniatur
1415 1999 1568 2049 aliquod
1597 2011 1678 2036 cor-

77 2063 145 2102 pus
166 2048 322 2089 densum
338 2054 375 2088 &
399 2050 573 2097 solidum,
600 2050 703 2101 quod
719 2049 969 2086 nihilominus
997 2062 1079 2086 non
1103 2050 1240 2088 feratur
1262 2051 1308 2088 ad
1324 2063 1461 2089 terram
1478 2070 1488 2096 ς
1517 2054 1678 2091 confun-

76 2105 178 2145 ditur
198 2106 411 2151 hujusmodi
434 2103 574 2143 divisio.
632 2105 685 2141 At
700 2102 725 2141 fi
745 2105 940 2153 recipiatur
952 2103 1084 2154 opinio
1100 2105 1271 2151 Gilberti‚
1288 2106 1391 2155 quod
1406 2110 1615 2157 magnetica
1626 2110 1679 2147 vis

74 2170 194 2198 terrae
227 2161 273 2198 ad
301 2161 543 2198 alliciendum
571 2160 706 2209 gravia,
749 2171 830 2196 non
860 2160 1077 2196 extendatur
1106 2162 1205 2197 ultra
1235 2162 1369 2198 orbem
1407 2161 1548 2200 virtutis
1578 2163 1674 2210 suae,

77 2214 189 2267 (quae
206 2226 378 2266 operatur
406 2216 549 2266 semper
569 2215 615 2251 ad
634 2214 841 2251 distantiam
860 2224 1009 2259 certam,
1040 2216 1075 2251 ἃ
1109 2227 1188 2252 non
1217 2213 1330 2265 ultra)
1357 2216 1504 2265 hocque
1527 2229 1593 2267 per
1612 2218 1674 2255 ali-

74 2282 188 2321 quam
215 2268 424 2308 instantiam
451 2269 683 2310 verificetur3
712 2281 753 2306 ea
774 2268 930 2305 demum
946 2267 1194 2306 eritinstantia
1214 2269 1373 2307 foederis
1393 2272 1488 2308 circa
1505 2271 1578 2309 hoc
1595 2273 1674 2311 sub-

74 2325 224 2371 jeetum.
281 2327 420 2373 Neque
444 2335 571 2362 tamen
599 2325 762 2361 occurrit
792 2322 1134 2372 impraesentiarum
1150 2325 1272 2373 aliqua
1291 2323 1458 2363 instantia
1481 2325 1586 2378 super
1601 2327 1675 2364 hoc

73 2390 174 2417 certa
197 2381 233 2416 ὃ(
249 2378 450 2417 manifesta.
506 2378 678 2417 Proxime
693 2377 866 2415 videntur
892 2378 1064 2415 accedere
1092 2380 1288 2416 cataraftae
1303 2379 1411 2426 coeli,
1444 2392 1537 2429 quae
1559 2380 1597 2418 in
1613 2394 1674 2419 na-

73 2435 327 2484 vigationibus
349 2447 412 2486 per
428 2446 612 2472 oceanum
632 2433 870 2470 Atlanticum
884 2432 1005 2470 versus
1024 2433 1146 2469 Indias
1167 2433 1336 2482 utrasque
1364 2433 1467 2484 saepe
1497 2435 1674 2485 conspici-

73 2495 199 2527 untur.
258 2491 381 2527 Tanta
400 2491 503 2526 euim
524 2489 669 2526 videtur
699 2487 767 2525 effe
788 2487 839 2526 vis
869 2490 904 2525 δε
927 2488 1050 2524 moles
1069 2500 1260 2537 aquatum,
1286 2501 1380 2537 quae
1408 2502 1471 2538 per
1486 2490 1674 2535 hujusmo-

73 2544 114 2581 di
136 2544 329 2582 cataractas
353 2544 477 2582 subito
497 2542 723 2583 effunditur3
754 2551 793 2580 ut
817 2541 980 2579 videatur
1003 2542 1176 2579 collectio
1203 2555 1382 2591 aquarum
1406 2545 1509 2582 fuiffc
1522 2556 1608 2583 ante
1625 2546 1674 2583 fa-

72 2598 141 2645 sta,
168 2610 280 2648 atque
299 2598 337 2636 in
367 2596 421 2637 his
446 2601 539 2636 loeis
573 2596 715 2635 haesisse
737 2595 774 2633 &
803 2594 979 2643 mansisse,
1009 2598 1045 2633 &
1074 2597 1194 2647 postea
1219 2597 1342 2649 potius
1369 2611 1433 2651 per
1455 2598 1598 2637 causam
1622 2603 1674 2638 vi-

74 2654 242 2691 olentam
270 2654 409 2698 dejesta
446 2656 483 2691 &
508 2652 654 2690 detrusa
683 2652 765 2697 ess'e,
793 2664 906 2700 quam
930 2652 1089 2688 naturali
1124 2663 1234 2690 motu
1264 2655 1450 2702 gravitatis
1481 2654 1669 2692 cecidiss'e:

72 2708 167 2746 adeo
187 2720 227 2746 ut
247 2708 384 2751 conjici
411 2705 524 2760 possit
539 2719 761 2759 corpoream
785 2709 941 2751 molem,
971 2705 1121 2742 densam
1138 2718 1249 2754 atque
1269 2709 1561 2758 compastanbin
1574 2722 1673 2759 mag<

71 2774 120 2799 na
140 2763 306 2801 distantia
328 2776 347 2800 a
366 2774 474 2811 terra,
503 2763 583 2801 fore
598 2759 774 2813 pensilem
792 2772 970 2810 tanquam
986 2770 1122 2797 terram
1145 2761 1280 2811 ipsam3
1309 2775 1379 2800 nec
1406 2761 1581 2810 casuram,
1604 2763 1672 2800 nili

73 2817 274 2867 dejiciatur.
330 2819 473 2856 Verum
502 2818 548 2855 de
583 2817 656 2854 hoc
684 2817 738 2853 nil
776 2819 867 2853 certi
908 2812 1146 2853 affirmamus.
1202 2817 1358 2854 Interim
1393 2819 1433 2854 in
1458 2818 1531 2855 hoc
1563 2821 1598 2855 ὅ(
1632 2817 1672 2855 iu

71 2874 199 2910 multis
219 2874 297 2910 aliis
314 2873 420 2910 facile
437 2873 636 2924 apparebit,
666 2884 779 2919 quam
803 2873 931 2921 inopes
951 2868 1060 2907 fimus
1082 2870 1251 2909 historiae
1274 2873 1460 2917 naturalis,
1481 2885 1566 2912 cum
1584 2874 1672 2910 loeo

72 2925 279 2965 instantiam
305 2938 501 2975 certarum,
541 2938 816 2976 nonnunquam
847 2922 1111 2977 suppositiones
1135 2925 1268 2988 afferre
1301 2939 1369 2978 pro
1397 2929 1573 2978 exemplis
1609 2940 1667 2965 co-

72 2992 213 3030 gamut.

1384 3037 1666 3074 §nimitza

1783 168 1877 218 35Ι
