2040 3439
59 195 282 253 mun.-
484 199 815 251 NovUM
885 178 1371 252 oR'GAN‘uM.

40 301 182 343 'fe'sto
201 315 245 340 ex
256 295 517 364 impresiione
537 300 785 345 coelestium,
811 298 990 351 frigidum
1005 311 1128 340 autem
1144 301 1289 340 fortasse
1307 301 1353 340 ab
1382 298 1610 354 expiratione
1632 311 1705 340 ter-

64 359 172 402 irae3
203 359 240 394 ὅ(
263 355 384 394 rursus
406 357 447 393 in
473 356 596 393 media
627 355 758 406 (quam
783 354 937 405 vocant)
968 355 1121 405 regione
1150 356 1251 404 aeris,
1281 369 1300 394 a
1328 357 1526 414 vaporibus
1555 357 1613 394 fri
1607 359 1702 404 „idis

90 415 130 451 ὅ(
152 412 324 451 nivibus:
354 411 415 451 Ut
453 412 603 448 nullum
632 411 814 457 judicium
835 410 911 448 fieri
935 408 1050 461 poffit
1065 412 1112 449 dc
1137 410 1225 449 ae'ris
1253 422 1382 450 natula
1408 424 1472 462 per
1486 416 1606 449 aerem
1610 415 1700 460 ,qui

87 466 187 505 foras
216 467 265 504 est
284 468 321 503 &
341 465 407 502 sub
432 464 508 513 dio,
537 465 599 503 sed
627 466 747 503 verius
767 465 867 502 foret
894 465 1075 511 judicium
1094 479 1159 518 per
1187 469 1312 504 aerem
1340 467 1572 504 conclulum.
1629 468 1701 504 At

65 524 154 572 *qui
174 533 269 572 opus
299 519 349 558 est
367 521 494 566 etiam,
523 530 565 558 ut
598 522 660 558 aet
682 521 928 558 concludatur
942 523 982 558 in
1010 523 1076 558 tali
1094 521 1175 558 vase
1198 524 1234 558 ὅ(
1252 524 1416 568 materia,
1432 535 1524 572 quae
1545 534 1614 559 nec
1624 522 1699 573 ipsa

57 600 60 606 -
83 578 232 616 ‘imbuat
257 579 382 614 aerem
411 574 534 612 calido
555 577 615 613 vel
644 575 786 624 frigido
814 587 857 613 ex
875 577 911 612 vi
932 576 1092 627 propria,
1108 586 1191 613 ‘nec
1205 575 1311 613 facile
1327 577 1500 614 admittat
1515 579 1593 613 vim
1608 577 1699 615 aeris

85 632 262 670 extranei.
319 632 398 668 fiat
430 629 556 678 itaque
583 630 880 680 experimentum
905 643 972 682 per
1001 632 1116 668 ollam
1146 630 1338 680 figularem
1366 631 1564 680 multiplici
1585 635 1695 670 corio

66 687 286 728 ‚obduftam
307 686 352 723 ad
378 685 626 723 muniendam
646 685 762 735 ipsam
783 687 828 722 ab
852 687 933 722 ae're
961 696 1154 732 extraneo,
1184 686 1276 723 facta
1296 698 1405 723 mora
1433 698 1498 735 per
1527 697 1602 723 tres
1631 698 1694 724 aut

72 751 249 791 -quatuor
281 739 358 777 dies
378 739 418 777 in
437 740 518 778 vase
545 741 642 778 bene
661 741 838 777 occluso:
868 738 1110 792 deprehensio
1140 750 1264 778 autem
1292 740 1333 777 fit
1357 739 1435 790 post
1458 743 1695 792 apertionem

51 819 58 841 ¹·
85 795 193 845 ebafis,
221 796 281 834 vel
299 807 366 846 per
388 807 558 843 manum,
588 797 647 834 vel
665 807 731 847 per
756 796 897 834 vitrum
925 796 1109 845 graduum
1127 796 1259 833 ordine
1289 798 1527 846 applicatum.

485 885 561 926 Ad
584 886 770 926 decimam
803 887 978 934 tertiam,
1006 886 1154 927 decima
1181 900 1290 926 nona.

135 957 324 995 Sunnsr
353 954 523 993 fimiliter
555 955 754 1001 dubitatio,
784 964 912 992 utrum
936 965 1046 1018 tepor
1067 955 1107 992 in
1128 955 1211 992 lana
1236 957 1273 992 δε
1301 955 1460 1006 pellibus
1481 957 1517 993 &
1541 953 1692 1005 plumis,

58 1013 128 1050 ·&-
139 1011 369 1057 hujusmodi,
397 1010 459 1047 fiat
494 1022 543 1047 ex-
567 1010 733 1070 quodam
755 1010 842 1046 exili
875 1010 997 1046 calore
1031 1002 1262 1055 inhaerente,
1292 1021 1472 1061 quatenus
1493 1023 1638 1048 excern·
1641 1024 1694 1048 ιιι

79 1076 143 1105 tur
157 1067 203 1103 ab
222 1064 469 1110 animalibus,
499 1075 562 1102 aut
587 1064 697 1102 etiam
723 1064 773 1101 ob
789 1062 1054 1115 pinguedinem
1071 1065 1259 1115 quandam
1276 1067 1313 1102 δε
1333 1064 1578 1111 ‹ileofitatem,
1599 1078 1695 1114 quae

81 1118 124 1159 fit
148 1131 300 1158 naturae
327 1132 515 1169 congruae
543 1132 631 1157 cum
654 1129 782 1170 tepore
796 1136 806 1163 ;
836 1121 895 1157 vel
919 1121 1026 1171 plane
1046 1120 1098 1157 ob
1118 1118 1401 1157 conclusionem
1417 1124 1453 1157 ξι
1468 1120 1692 1158 frastionem

78 1178 184 1223 acris,
214 1186 254 1214 ut
278 1178 318 1213 in
349 1176 509 1212 articulo
528 1174 771 1224 praecedente
794 1174 937 1211 dietum
967 1173 1026 1211 cst.
1082 1175 1244 1212 Videtur
1274 1176 1378 1212 enim
1407 1174 1532 1212 omnis
1552 1177 1612 1212 aer
1630 1176 1690 1212 ab·

77 1229 205 1268 stiffus·
235 1242 255 1268 a
283 1232 534 1268 continuitate
567 1227 658 1266 aeris
685 1228 860 1266 forinseci
890 1229 1024 1266 habere
1049 1228 1223 1265 nonnihil
1253 1232 1406 1281 teporis.
1464 1232 1594 1279 ltaque
1624 1230 1688 1268 fiat

28 1324 32 1329 ,
70 1287 380 1335 :experimentum
399 1286 440 1321 in
459 1282 610 1331 fibrofis,
639 1296 734 1334 quae
763 1284 858 1321 fiunt
891 1296 934 1321 ex
964 1285 1066 1324 lino;
1095 1296 1175 1321 non
1205 1296 1246 1321 ex
1269 1286 1353 1322 lana
1386 1295 1447 1322 aut
1467 1285 1605 1334 plumis
1625 1296 1688 1322 aut

58 1339 210 1387 serico,
240 1353 334 1390 quae
367 1349 619 1377 excernuntur
651 1339 696 1375 ab
724 1340 906 1376 animatis.
964 1339 1188 1377 Notandum
1216 1338 1264 1375 cst
1292 1342 1418 1386 etiam,
1449 1351 1583 1376 omncs
1611 1341 1690 1390 pul-

76 1406 182 1434 veres
212 1395 290 1441 (ubi
320 1394 516 1432 manifesto
535 1394 741 1431 includitur
754 1391 834 1438 a'e'r)
857 1395 982 1430 minus
1014 1393 1083 1430 effe
1109 1392 1275 1442 frigidos,
1305 1407 1353 1445 ql
1348 1371 1418 1431 ani
1447 1406 1608 1446 corpora
1635 1393 1690 1431 in-

78 1459 184 1500 tegra
210 1448 399 1499 ipsorum:
437 1448 761 1498 quemadmodum
797 1447 909 1485 ctiam
935 1448 1196 1494 existimamus,
1226 1461 1386 1486 omnem
1416 1448 1583 1500 ιριιιιιῑιιιι
1616 1449 1686 1496 (ut-

76 1515 170 1558 pote
186 1516 281 1557 quae
302 1507 426 1543 aerem
449 1502 659 1554 contineat)
689 1505 813 1542 minus
834 1503 904 1541 ess'e
929 1503 1117 1553 frigidam,
1148 1515 1262 1552 quam
1295 1505 1486 1552 liquorem
1515 1502 1647 1554 iplum.

518 1595 594 1636 Ad
619 1593 805 1636 decimam
838 1603 1031 1649 quartam,
1061 1595 1250 1647 vicaefima.

63 1688 82 1703 w
128 1673 264 1711 HUIC
293 1684 374 1710 non
396 1671 631 1721 subjungitur
660 1672 842 1721 negativa.
899 1671 1009 1708 Nihil
1035 1673 1139 1708 enim
1167 1671 1352 1721 reperitur
1393 1672 1491 1725 apud
1519 1683 1589 1710 nos
1619 1670 1690 1710 sive

76 1729 269 1777 tangibile,
297 1726 369 1765 five
403 1727 576 1777 spiritale,
607 1727 711 1775 quod
741 1726 941 1764 admotum
970 1728 1050 1776 igni
1071 1739 1152 1764 uon
1167 1727 1323 1777 excipiat
1348 1729 1524 1764 calorem.
1581 1729 1625 1764 In
1640 1739 1690 1765 co

76 1792 205 1820 tamen
220 1780 411 1829 differunt,
442 1782 545 1833 quod
563 1781 630 1819 alia
650 1783 833 1831 excipiant
850 1782 1012 1818 calorem
1034 1783 1154 1827 citius,
1185 1792 1226 1819 ut
1251 1785 1321 1828 a'e‘r,
1352 1784 1481 1819 oleum
1506 1785 1542 1819 ὃς
1571 1795 1662 1833 aqua
1676 1799 1687 1826 ;

75 1838 151 1875 alia
174 1836 325 1884 tardius,
355 1847 396 1874 ut
420 1838 511 1886 lapis
538 1838 574 1873 δε
602 1838 764 1873 metalla.
796 1837 941 1874 Verum
963 1836 1036 1874 hoc
1059 1839 1220 1886 pertinet
1241 1838 1286 1875 ad
1306 1837 1472 1875 tabulam
1491 1838 1688 1888 graduum.

429 1927 506 1968 Ad
533 1927 718 1968 decimam
743 1928 933 1982 quintam,
972 1927 1150 1980 viccfima
1161 1929 1303 1983 prima.

128 2004 261 2042 Hmc
282 2003 472 2042 instantiae
492 2016 573 2041 non
595 2002 830 2053 subiungitur
857 2004 1033 2052 negativa
1063 2004 1146 2050 alia,
1177 2015 1289 2052 quam
1319 2012 1360 2039 ut
1395 2002 1491 2040 bene
1520 2010 1694 2047 notetur-3

75 2070 156 2096 non
185 2061 335 2097 excitari
369 2060 542 2096 scintillas
579 2071 622 2095 ex
646 2056 743 2095 filice
772 2060 808 2094 ὅ(
837 2057 1004 2106 chalybe,
1037 2068 1098 2095 aut
1126 2060 1195 2094 alia
1219 2057 1340 2106 aliqua
1376 2057 1566 2095 lubstanria
1593 2058 1696 2105 dura,

79 2111 145 2150 nifi
174 2115 239 2151 ubi
267 2117 504 2152 excutiuntur
531 2112 711 2150 minutiae
742 2114 886 2161 aliquae
915 2125 956 2149 ex
979 2112 1051 2162 ipsa
1074 2112 1266 2150 substantia
1286 2111 1414 2161 lapidis
1435 2115 1490 2150 vel
1516 2114 1658 2150 u2-:t..lli
1681 2126 1690 2150 ε

75 2180 199 2217 neque
223 2171 346 2205 ae'rem
376 2171 546 2206 attritum
571 2179 738 2217 unquam
759 2180 822 2219 per
846 2166 882 2203 se
905 2179 1081 2217 generare
1110 2167 1297 2214 scintillas,
1328 2178 1367 2205 ut
1398 2169 1511 2217 vulgo
1526 2177 1685 2219 putant:

75 2222 181 2275 Qin
200 2225 236 2260 ὃ(
270 2223 366 2276 ipsae
395 2224 479 2261 illae
500 2222 678 2260 scintillae
707 2234 749 2259 ex
773 2223 940 2272 pondere
972 2221 1140 2272 corporis
1171 2220 1280 2271 igniti
1305 2224 1421 2270 magis
1449 2233 1607 2271 vergunt
1623 2223 1683 2259 dc-

74 2278 202 2315 orsum
223 2290 338 2328 quam
367 2278 521 2326 sursum,
550 2280 587 2316 &
606 2280 647 2316 in
675 2277 905 2315 extinctione
928 2277 1086 2314 redeunt
1106 2278 1148 2314 in
1170 2277 1358 2326 quandam
1378 2277 1579 2327 fuliginem
1602 2289 1681 2314 cor-

72 2344 240 2384 porcam.

434 2425 510 2465 Ad
533 2424 720 2465 decimam
736 2426 910 2479 sextam,
940 2421 1119 2475 vicefima
1128 2419 1312 2478 ficzmda.

126 2491 488 2531 ExxsnMAMth
519 2493 605 2530 huic
640 2493 829 2530 instantiae
862 2503 944 2530 non
968 2489 1140 2541 subjungi
1168 2493 1391 2540 negativam.
1460 2491 1623 2528 Nullum
1647 2500 1682 2529 c-

75 2546 156 2582 nim
174 2545 364 2584 invenitur
393 2549 491 2599 apud
518 2561 588 2585 nos
615 2560 749 2600 corpus
772 2548 964 2597 tangibile,
994 2547 1097 2596 quod
1114 2559 1194 2583 non
1216 2559 1257 2583 ex
1274 2547 1469 2582 attritione
1485 2546 1683 2583 manifesto

74 2601 254 2646 calescat;
282 2603 377 2639 adeo
408 2613 448 2640 ut
476 2613 618 2641 veteres
649 2602 880 2639 somniarent
898 2614 976 2639 non
993 2601 1104 2638 incffe
1121 2600 1338 2639 coelestibus
1360 2602 1470 2637 aliam
1490 2601 1589 2637 viam
1619 2611 1683 2638 aut

75 2657 252 2694 Virtutem
273 2657 525 2705 calefaciendi,
554 2656 622 2695 nisi
643 2670 686 2695 ex
705 2658 900 2694 attritione
928 2658 1021 2694 aeris
1042 2668 1106 2706 per
1134 2655 1360 2693 rotationem
1380 2655 1546 2708 rapidam
1562 2658 1598 2693 ὅ(
1627 2658 1682 2693 in-

75 2712 240 2749 citatam.
298 2713 443 2749 Verum
472 2711 510 2749 in
532 2712 606 2750 hoc
635 2724 771 2762 genere
790 2713 947 2750 ulterius
968 2711 1239 2759 inquirendum
1271 2709 1332 2757 est,
1360 2720 1489 2747 utrum
1511 2722 1683 2770 corpora,

75 2777 167 2813 quae
193 2768 419 2804 emittuntur
442 2780 485 2804 ex
501 2768 696 2813 machinis,
726 2766 860 2815 (qualia
889 2766 973 2804 lunt
999 2765 1093 2818 pilae
1120 2779 1162 2803 cx
1190 2766 1418 2813 tormentis)
1450 2777 1531 2802 non
1547 2779 1588 2803 cx
1610 2765 1683 2815 ipla

75 2817 309 2884 pcrcussione
339 2822 566 2860 contrahant
594 2823 760 2870 aliquem
788 2822 946 2870 gradum
975 2822 1135 2858 caloris·
1127 2846 1136 2862 ,
1165 2821 1261 2857 adeo
1295 2832 1335 2857 ut
1365 2820 1558 2871 postquam
1589 2816 1683 2858 deci-

77 2874 212 2923 derint,
244 2878 480 2914 inveniantur
504 2875 682 2914 nonnihil
716 2874 842 2914 calida.
899 2875 954 2913 At
975 2879 1036 2914 a'er
1057 2885 1183 2913 motus
1209 2876 1328 2918 maois
1357 2874 1546 2925 infrigidat
1571 2887 1685 2924 quam

76 2929 263 2972 calefactu
291 2942 332 2969 ut
355 2931 393 2968 in
420 2934 540 2969 ventis
579 2935 616 2970 ὅ(
645 2931 799 2968 follibus
828 2932 864 2967 ὅ(
898 2931 987 2968 flatu
1012 2932 1089 2968 oris
1117 2931 1310 2968 contracti.
1380 2931 1526 2968 Verum
1564 2929 1684 2973 hujus-

77 2983 184 3022 modi
204 2995 330 3023 motus
352 2998 432 3023 non
454 2986 503 3023 est
522 2997 600 3024 tam
630 2985 789 3038 rapidus,
818 2996 861 3022 ut
890 2986 1024 3024 excitet
1049 2987 1240 3025 calorem3
1271 2986 1307 3022 δε
1328 2983 1369 3022 fit
1395 2984 1598 3022 secundum
1628 2995 1684 3022 to-

75 3047 170 3132 ςιιιζιῖ,
199 3039 279 3077 n'on
307 3053 372 3093 per
387 3043 610 3092 particulas:
638 3051 680 3080 ut
701 3041 843 3080 mirum
870 3053 965 3133 nons
982 3038 1037 3088 fit,
1065 3038 1196 3081 finon
1214 3050 1368 3092 generet
1389 3040 1565 3080 calorem.
1609 3087 1688 3135 Ad

176 3105 245 3135 οι.
276 3097 304 3134 1.
899 3096 923 3135 S
987 3106 1006 3133 2

1787 183 1886 271 '32³
