2040 3439
170 202 234 250 80

402 186 1042 256 DEAUGM'ENTIS
1077 157 1918 249 SCIENTIARUM.Lib.11.

305 292 459 341 historia
474 307 600 340 autem
615 307 793 347 tanquam
815 293 1113 345 praeteritarum.-
1169 294 1386 333 Parabolica
1406 307 1497 333 vcro
1521 295 1569 333 est
1584 294 1730 334 historia
1750 309 1837 336 cum
1865 310 1920 349 ty-

309 360 375 408 po,
405 366 499 403 quae
523 352 789 390 intellectualia
808 349 961 387 deducit
987 350 1032 387 ad
1060 349 1219 388 sensum.

364 409 542 459 Atqui:
568 406 615 445 de
639 403 740 458 poesi
767 406 964 452 narrativa,
993 403 1065 442 five
1092 417 1177 442 eam
1197 407 1389 443 heroicam
1409 407 1596 458 appellare
1619 403 1750 456 placet,
1781 407 1920 456 (modo

311 464 389 505 hoc
404 461 591 511 intelligas
606 462 652 498 de
668 461 826 498 materia
846 472 928 497 non
947 460 995 497 dc
1010 458 1146 510 versu,)
1177 473 1220 498 ea
1233 474 1254 498 a
1268 461 1523 499 fundamento
1546 461 1695 510 prorsus
1719 465 1843 501 nobili
1865 478 1924 503 ex-

312 522 426 559 citata
440 517 601 562 videtur,
616 516 722 565 quod
737 515 781 552 ad
797 515 1023 564 dignitatem
1041 515 1225 553 humanae
1239 528 1393 554 naturae
1409 518 1596 566 imprimis
1613 517 1758 569 speciat.
1818 521 1924 558 Cum

313 578 419 614 enim
441 571 605 608 mundus
629 568 806 607 sensibilis
829 568 871 607 fir
894 571 1020 607 anima
1035 572 1209 608 rationali
1234 572 1418 621 dignitate
1441 572 1612 618 inferior,
1641 574 1790 611 videtur
1809 574 1927 627 poesis

312 632 404 669 haec
425 627 610 664 humanae
635 637 789 664 naturae
813 626 952 674 largiri,
981 638 1077 674 quac
1101 626 1253 663 historia
1275 627 1435 676 denegat
1456 640 1466 668 3
1495 638 1606 678 atquc
1629 630 1762 666 animo
1782 631 1927 669 umbris

312 696 442 723 rerum
465 692 659 730 utcunque
689 680 905 727 satisfacere,
935 692 1023 718 cum
1048 681 1164 718 solida
1184 681 1311 718 haberi
1338 695 1417 719 non
1435 679 1588 732 poffinr.
1647 684 1687 720 Si
1711 686 1795 733 quis
1820 688 1927 724 enirn

314 752 397 778 rem
426 738 569 776 acutius
598 737 844 786 introspiciat,
873 736 1028 774 firmum
1052 750 1095 773 ex
1114 735 1215 788 poesi
1244 736 1402 774 sumitur
1431 748 1713 787 argumentum,
1739 743 1929 790 magnitw

314 797 446 833 dinem
476 804 602 830 rerum
632 793 749 841 magis
772 790 966 839 illustrem,
994 792 1171 829 ordinem
1187 794 1304 841 magis
1318 793 1537 844 perfeeiuni,
1568 795 1602 830 ὃ(
1619 796 1836 833 varietatem
1852 808 1928 834 ma⁴

316 854 374 902 gis
399 848 607 900 pulchram,
635 845 781 884 animae
801 847 988 884 humanae
1008 848 1256 899 complacere,
1285 860 1398 899 quam
1421 848 1459 885 in
1484 860 1615 886 natura
1647 849 1722 901 ipsa
1749 850 1831 900 post
1855 853 1930 902 lap-

315 906 413 953 sum,
442 904 602 954 reperire
618 903 700 940 ullo
715 903 836 940 modo
850 898 976 954 polilt.
1028 904 1271 954 ‘Quapropter
1286 915 1374 940 cum
1396 916 1453 941 res
1480 903 1598 953 gestae
1613 907 1650 941 ὅ(
1666 917 1836 954 eventus,
1861 906 1929 956 qui

317 973 426 1000 verae
441 958 613 998 historiae
627 957 886 1003 subjiciuntur,
914 971 997 995 nou
1013 955 1082 995 fint-
1098 961 1175 1002 cius
1188 957 1458 1008 amplitudinis,
1487 961 1525 996 in
1541 971 1614 1008 qua
1630 961 1754 998 anima
1767 962 1933 1000 humana

317 1015 386 1055 fibi
408 1015 614 1060 satisfaciat,
642 1013 785 1065 praesto
806 1014 853 1050 est
879 1011 1008 1062 po'e'sis,
1036 1026 1132 1062 quae
1156 1015 1249 1051 rada
1272 1016 1391 1062 nugis
1408 1014 1556 1052 heroica
1575 1014 1794 1065 confingar:
1826 1018 1933 1056 Cum

319 1070 471 1111 historia
490 1081 576 1109 vera
590 1068 766 1106 success'us
781 1081 919 1109 rerum,
949 1071 1110 1106 minime
1126 1082 1196 1119 pro
1213 1071 1356 1106 meritis
1375 1072 1558 1108 virtutum
1576 1072 1613 1107 δί
1628 1069 1824 1120 scelerum,
1852 1085 1931 1110 nar—

318 1137 404 1168 ret3
433 1126 590 1174 corrigit
613 1136 695 1161 eam
723 1122 851 1173 poesis,
881 1127 916 1161 ὕῑ
946 1126 1062 1161 exitus
1092 1128 1126 1162 δ’»
1149 1125 1331 1171 fortium,
1361 1125 1565 1163 secundun:
1593 1127 1728 1164 merita
1755 1130 1791 1165 δε
1821 1140 1863 1165 cx
1884 1131 1935 1165 le-

320 1195 368 1233 ge
390 1179 598 1226 nemeseos,
628 1179 799 1216 exhibet:
839 1179 941 1216 Cum
962 1179 1111 1217 historia
1135 1192 1230 1224 vera,
1268 1180 1380 1217 obvia
1404 1192 1530 1218 rerum
1552 1182 1717 1219 iatictate
1744 1185 1781 1221 &
1807 1181 1933 1222 simili-

318 1238 464 1283 tudine,
494 1236 640 1272 animae
664 1234 849 1272 humanae
870 1234 1015 1271 fastidio
1035 1233 1075 1271 fir
1089 1249 1099 1277 ς
1138 1235 1254 1271 reiicit
1278 1247 1361 1271 cani
1386 1233 1512 1284 poesis,
1541 1235 1783 1286 inexpeetata,
1812 1242 1851 1277 &
1874 1251 1931 1278 va—

317 1294 384 1339 ria,
414 1294 451 1328 &
473 1285 769 1329 vieissitudinum
787 1290 897 1338 plen-a
921 1300 1068 1326 canens.
1126 1289 1241 1327 Adeo
1261 1300 1302 1327 ut
1317 1289 1433 1339 poesis
1457 1289 1531 1337 ista,
1560 1303 1641 1328 non
1663 1291 1785 1330 solum
1802 1294 1848 1332 ad
1871 1295 1932 1332 de-

320 1348 582 1391 lectationem,
613 1345 672 1382 sed
689 1345 804 1381 ctiam
820 1344 867 1382 ad
881 1343 998 1381 animi
1013 1345 1320 1394 magnitudinem
1336 1346 1371 1382 ἃ
1392 1347 1435 1382 ad.
1453 1358 1580 1383 mores
1595 1347 1775 1386 conferat.
1833 1351 1933 1403 Qua-

319 1411 360 1441 re
383 1404 420 1439 6:
448 1403 588 1438 merito
611 1401 726 1438 etiam
752 1400 957 1436 divinitatis
986 1400 1189 1451 cujuspiam
1214 1401 1397 1450 particeps
1422 1402 1540 1438 rideri
1568 1398 1705 1453 posiit3
1742 1405 1829 1451 quia
1856 1405 1935 1442 ani-

319 1469 431 1496 mum
459 1455 567 1505 erigit
597 1458 633 1492 ὅ(
657 1457 697 1492 in
728 1455 886 1492 sublime
908 1457 1026 1504 rapit3
1064 1468 1191 1493 rerum
1218 1455 1435 1493 simulachra
1461 1457 1505 1493 ad
1532 1458 1648 1493 animi
1670 1456 1847 1497 defidcria
1874 1472 1932 1498 ac·

319 1511 621 1557 commodando,
650 1522 731 1547 non
755 1512 928 1546 animum
955 1512 1063 1547 rebus
1089 1511 1207 1559 (quod
1235 1512 1330 1548 ratio
1349 1512 1436 1548 facit
1455 1514 1490 1548 ὅτ
1518 1510 1681 1561 historia)
1711 1513 1933 1553 submitten-

319 1570 386 1606 do.
441 1566 573 1615 Atque
588 1565 642 1602 his
659 1565 812 1613 quidem
827 1565 1012 1602 illecebris
1028 1568 1064 1602 3<
1080 1568 1333 1615 congruitate,
1363 1579 1435 1615 qua
1451 1569 1622 1604 animuin
1637 1568 1848 1607 humanum
1869 1571 1933 1608 de-

321 1624 478 1668 mulcet,
498 1622 629 1658 addit-o
644 1623 758 1658 etiam
774 1620 969 1658 consortio
986 1619 1150 1668 mufiees,
1180 1623 1279 1659 unde
1296 1622 1435 1660 [navim
1452 1616 1624 1660 insinuari
1640 1620 1766 1672 pollis,
1788 1626 1934 1664 aditum

321 1677 389 1716 fibi
413 1675 597 1727 patefecit,
626 1687 668 1713 ut
689 1675 830 1712 honori
854 1675 964 1713 fuerit
988 1678 1101 1713 ctiam
1120 1676 1269 1714 saeculis
1291 1679 1401 1729 plane
1418 1678 1568 1716 rudibus
1592 1680 1628 1715 &
1643 1679 1742 1729 apud
1756 1682 1933 1719 nationes

322 1734 506 1779 barbaras,
536 1744 622 1769 cum
640 1733 732 1768 aliae
747 1731 939 1768 dou-rinae
959 1732 1106 1781 prorsus
1122 1732 1285 1770 exclusae
1300 1732 1425 1770 ess‘cnt.

377 1790 684 1826 DRAMATICA
709 1796 834 1824 autem
858 1785 986 1835 poesffi,
1024 1799 1118 1835 quae
1144 1788 1335 1825 theatrum
1361 1788 1471 1825 hbet
1492 1799 1562 1837 pro
1587 1790 1747 1836 mundo,
1785 1790 1851 1829 usu
1875 1803 1934 1829 ex-

320 1842 410 1881 imia
433 1843 493 1889 est,
532 1841 556 1879 ss
578 1841 662 1879 sana
681 1842 792 1879 foret.
850 1845 946 1880 Non
966 1855 1075 1892 parva
1098 1845 1200 1879 enim
1225 1843 1294 1880 ess'c
1316 1844 1431 1892 poll'ct
1454 1844 1592 1880 theatri
1620 1847 1656 1882 δε
1675 1845 1873 1898 disciplina
1893 1850 1932 1886 &

321 1899 559 1950 corruptela:
581 1898 711 1946 Atque
727 1900 1026 1947 corruptelarum
1043 1900 1081 1934 in
1098 1898 1172 1936 hoc
1186 1911 1335 1948 genere,
1357 1900 1505 1936 abunde
1522 1900 1592 1940 est3
1614 1900 1809 1950 disciplina
1823 1904 1935 1952 plane

323 1954 460 1991 nostris
482 1954 717 2002 temporibus
741 1952 790 1990 est
811 1955 990 2002 negleeia.
1046 1954 1232 1991 Attamen
1262 1955 1349 1991 licet
1380 1956 1420 1991 in
1446 1954 1714 2004 rebuspublicis
1741 1958 1938 1996 modernis

323 2009 502 2046 habeatur
526 2021 596 2060 pro
615 2021 654 2045 re
678 2007 818 2046 ludicra
845 2010 943 2045 aelio
971 2008 1172 2055 theatralis,
1210 2007 1278 2046 nili
1306 2010 1405 2047 forte
1433 2011 1598 2047 nimium
1621 2012 1742 2048 trahat
1772 2024 1792 2048 e
1817 2012 1937 2061 satyra

322 2067 363 2102 δί
385 2065 577 2104 mordeat-3
605 2074 732 2100 tamen
756 2063 854 2115 apud
869 2065 1047 2112 antiquos
1071 2077 1179 2103 curae
1195 2065 1278 2111 fuit,
1309 2075 1349 2102 ut
1366 2066 1515 2102 animos
1536 2066 1738 2103 hominum
1757 2067 1802 2104 ad
1817 2070 1934 2106 virtu-

323 2130 405 2157 tem
428 2118 647 2156 institueret.
707 2117 928 2171 Quinetiam
952 2121 1038 2157 viris
1063 2119 1307 2169 prudentibus
1331 2122 1367 2157 ὃς
1391 2122 1537 2170 magnis
1561 2121 1793 2172 philosophis
1817 2124 1937 2161 veluti

324 2176 544 2212 animorum
565 2174 750 2223 pleftrum
776 2174 968 2223 quoddam
994 2174 1222 2213 censebatur.
1279 2175 1410 2224 Atque
1435 2176 1519 2213 sane
1545 2173 1780 2214 vcriffimum
1800 2178 1862 2225 est,
1898 2181 1937 2216 &

325 2235 514 2278 tanquam*
524 2229 704 2266 secretum
721 2230 914 2278 quoddam
931 2241 1094 2277 naturae,
1120 2228 1321 2268 'nominum
1338 2231 1497 2277 animos,
1526 2243 1613 2268 cum
1629 2235 1850 2283 congregati
1866 2232 1938 2271 fint

324 2287 446 2334 magis
461 2297 574 2334 quam
589 2296 676 2333 cum
693 2283 762 2321 soli
775 2283 858 2333 sint,
886 2285 1078 2323 affeCribus
1094 2289 1129 2323 3<
1146 2282 1453 2336 imprefl'tonibus
1468 2296 1605 2336 patere.

381 2340 453 2377 AT
478 2333 595 2390 poesis
609 2339 829 2390 parabolica,
861 2342 959 2378 inter
978 2341 1134 2391 reliquas
1159 2343 1316 2389 eminet,
1347 2344 1382 2379 ὃῑ
1398 2353 1576 2389 tanquam
1597 2354 1653 2379 res
1670 2340 1766 2381 sacra
1790 2343 1939 2382 videtur

327 2397 365 2432 δε
387 2395 551 2445 augustan
579 2407 667 2433 cum
690 2394 905 2444 praesertim
931 2399 1065 2446 religio
1088 2397 1162 2449 ipsa
1183 2398 1260 2443 ejus
1283 2409 1394 2447 opera
1411 2398 1623 2447 plerunque
1642 2408 1782 2446 utatur,
1812 2401 1849 2436 ὃ(
1868 2412 1937 2452 per

327 2443 411 2486 e'am
433 2452 662 2488 commercia
683 2449 901 2489 divinorum
917 2464 1004 2489 cum
1029 2453 1204 2490 humanis
1227 2463 1406 2490 exerceam
1465 2453 1653 2490 Attamen
1675 2455 1711 2490 ὃ(
1731 2453 1820 2491 haee
1842 2466 1940 2503 quo-

327 2516 414 2553 que,
443 2504 686 2555 ingeniorum
708 2508 806 2544 circa
825 2508 1022 2556 allegorias
1042 2509 1193 2546 levitate
1219 2510 1256 2546 ὅ(
1278 2507 1523 2557 indulgentia,
1553 2509 1811 2546 contaminata
1834 2509 1936 2548 inve·

327 2561 443 2597 nitur.
500 2561 558 2598 Est
577 2572 703 2600 autem
724 2561 808 2600 usus
833 2563 1013 2612 ambigui,
1041 2574 1153 2612 atque
1176 2563 1221 2600 ad
1245 2565 1433 2600 contraria
1452 2563 1659 2600 adhibetur.
1717 2563 1815 2602 Facit
1834 2564 1940 2603 enim

327 2610 375 2651 ad
394 2616 658 2657 involuerum;
687 2615 773 2655 facit
793 2616 905 2654 etiam
925 2618 971 2655 ad
987 2619 1283 2656 illustrationem.
1339 2619 1383 2655 In
1408 2618 1479 2655 hoc
1503 2618 1665 2655 docendi
1680 2620 1861 2670 quaedam
1886 2633 1940 2658 ra-

330 2671 412 2711 tio3
441 2670 481 2706 in
498 2671 567 2707 illo
582 2672 796 2710 occultandi
811 2672 1006 2711 artificium
1024 2675 1151 2721 quaeri
1174 2673 1332 2711 videtur.
1388 2675 1488 2710 Haec
1504 2684 1630 2711 autem
1650 2675 1812 2712 docendi
1830 2674 1939 2724 ratio,

330 2736 426 2773 quae
446 2724 535 2762 facit
555 2726 600 2762 ad
616 2721 913 2776 illustrationem,
942 2727 1103 2778 antiquis
1119 2728 1268 2766 saeculis
1287 2729 1498 2779 plurimum
1518 2729 1774 2767 adhibebatur.
1833 2731 1940 2768 Cum

330 2781 436 2817 enim
455 2781 612 2818 rationis
626 2782 810 2821 humanae
825 2784 990 2832 inventa,
1011 2787 1044 2821 δί
1067 2781 1339 2829 conclusiones,
1370 2784 1500 2830 (ctiam
1517 2796 1580 2821 eae
1599 2797 1693 2832 quac
1714 2797 1815 2823 nunc
1832 2787 1941 2823 tritae

331 2836 553 2884 &vulgatae
574 2836 670 2884 sunt)
694 2847 785 2875 tunc
801 2839 982 2890 temporis
997 2848 1117 2878 novae
1137 2842 1174 2877 ὅ(
1203 2838 1367 2876 insuetae
1396 2839 1522 2886 ess'ent,
1552 2841 1612 2877 vix
1637 2839 1741 2877 illam
1765 2839 1941 2881 subtilita-

331 2899 411 2927 tem
427 2891 619 2939 capiebant
644 2892 794 2941 ingenia
811 2894 987 2941 humana,
1015 2893 1082 2932 nisi
1102 2893 1255 2945 propius
1275 2906 1339 2931 eae
1373 2894 1418 2932 ad
1447 2894 1606 2941 sensum,
1636 2906 1700 2943 per
1723 2895 1941 2938 huiusmodi

329 2942 549 2982 fimulachra
572 2948 609 2983 δε
637 2949 815 2999 exempla,
844 2950 1129 2988 deducerentur.
1185 2952 1309 3001 Qiare
1335 2951 1467 2986 onmia
1487 2949 1582 2999 apud
1607 2949 1703 2996 illos,
1731 2952 1943 2988 fabularum

327 3001 634 3051 omnigenarum,
665 3004 698 3038 ὃ(
716 3005 987 3052 parabolarum,
1017 3008 1055 3043 ἃ
1074 3004 1342 3053 aenigmatum,
1372 3007 1408 3042 ὅ(
1424 3003 1725 3051 similitudinum,
1741 3009 1849 3056 plena
1864 3005 1940 3042 fue-

325 3065 427 3095 runt.
483 3054 583 3097 Hinc
605 3056 755 3096 tesserae
778 3059 1024 3110 Pythagorae,
1049 3062 1290 3111 AEnigmata
1311 3061 1500 3113 Sphingis,
1522 3059 1676 3111 AEsopi
1706 3063 1873 3105 Fabulae,
1903 3063 1941 3096 ὅς

1793 3114 1935 3154 similia.

2032 384 2040 413 l,

2036 479 2039 496 ί
