2040 3439
212 216 238 264 em)

249 215 271 245 Ν

512 193 605 239 DE
641 186 1079 238 AUGMENTIS
1113 187 1644 235 SCIENTIARUM.
1715 185 1950 250 Libivjn.

358 291 512 341 (inquit)
545 299 587 326 cx
622 284 924 340 prudentioribus
939 294 1055 320 nemo
1074 282 1180 321 facile
1199 283 1386 330 conjiciet,
1414 283 1506 332 quid
1525 283 1723 323 verisimile
1739 285 1841 324 foret.
1853 287 1952 324 illius

358 344 476 395 gentis
505 345 679 381 homines
696 341 868 378 facturos.
926 340 1021 376 Sane
1037 350 1118 375 non
1131 351 1217 375 rato
1236 337 1433 376 intervenit
1448 338 1511 376 ille
1529 351 1648 386 error,
1678 343 1715 378 ὅ(
1730 342 1893 378 maxime
1904 341 1955 378 fa-

357 387 513 438 iniliaris
537 398 584 434 est
613 396 698 433 viris
725 392 978 445 prudentibUS,
1011 403 1051 430 ut
1067 405 1110 429 ex
1125 394 1286 431 modulo
1309 392 1448 442 ingenii
1468 392 1608 445 proprii
1625 396 1718 432 alios
1738 394 1954 441 metiantur,

360 468 401 492 ae
424 453 582 506 proinde
606 453 698 488 ultra
718 449 874 500 scopum
889 447 1026 497 saepius
1054 448 1272 495 jaculentur,
1300 448 1551 499 supponendo
1566 450 1668 497 quod
1690 450 1865 487 homines
1881 462 1961 488 ma*

361 512 440 555 jora
459 507 639 556 quaedam
654 504 895 549 meditentur,
923 505 960 540 ὅ(
982 500 1046 539 fibi
1067 501 1262 548 destinent,
1291 502 1595 541 &subtilioribus
1623 503 1764 541 technis
1793 515 1956 552 utantur,

362 574 474 612 quam
506 572 599 609 quae
620 561 774 596 illorum
801 557 948 595 animos
977 569 1146 605 unquam
1169 558 1359 595 subierint.
1417 559 1533 610 Qiod
1553 560 1666 596 etiarn
1687 561 1876 608 eleganter
1901 559 1962 597 ine-

360 616 443 654 nuit
466 616 639 663 adagium
659 615 842 659 Italicum,
858 624 936 660 quo
948 622 1126 652 notatur3
1155 614 1430 660 Nummorum,
1451 613 1681 662 prudentiae,
1711 614 1797 651 fidei
1813 614 1971 666 semper-⁴

360 673 529 708 minores
551 667 710 707 inveniri
733 666 903 713 rationes,
931 679 1044 715 quam
1059 668 1140 715 quis
1163 677 1318 716 putaret.
1375 669 1498 720 Quare
1518 670 1559 705 in
1574 669 1723 706 levioris
1737 667 1876 718 ingenii
1889 670 1968 707 ho»-

361 725 538 771 minibus,
567 726 654 776 quia
667 724 788 760 multa
809 722 962 760 absurda
987 722 1141 769 faciunt,
1168 722 1345 771 capienda
1365 723 1413 759 est
1439 724 1651 767 conjectura
1666 725 1790 775 potius
1803 736 1845 761 ex
1872 735 1973 774 pro--

363 779 602 832 pensionibus
618 780 874 828 ingeniorum,
904 789 1018 825 quam
1040 789 1082 814 ex
1099 776 1405 815 destinationibus
1419 777 1564 815 finium.
1622 779 1757 825 Porro,
1777 777 1969 829 principes·

361 847 515 887 quoque
541 833 620 884 (sed
640 835 755 883 longe
770 834 882 870 aliam
906 833 957 869 ob
980 831 1139 880 causam)
1169 833 1215 869 ab
1229 831 1386 881 ingeniis
1406 831 1548 881 optime
1562 833 1796 877 judicantur:
1823 834 1970 872 Privati*

360 901 489 928 autem
512 902 554 927 ex
582 888 728 926 finibus.
786 886 973 937 Principes
994 888 1098 925 enim
1121 887 1307 937 fastigium
1335 887 1457 937 adepti
1486 887 1741 926 humanorum
1758 885 1954 926 defiderio-

361 957 460 988 rum,
488 945 613 981 nullos
633 944 710 981 fere
733 940 798 980 fibi
826 940 1037 994 propositos
1059 941 1149 979 fines
1172 942 1322 989 habent,
1352 942 1397 979 ad.
1416 954 1511 991 quos
1525 942 1738 992 praesertim
1759 943 1973 982 vehemen·=

361 1010 418 1038 ter
447 1002 484 1037 δ(
508 997 718 1036 constanter
730 996 915 1047 aspirent:
945 1010 988 1034 ex
1017 1010 1181 1046 quorum
1211 996 1345 1035 finium
1366 995 1434 1035 fitu
1463 999 1499 1035 ὃς
1519 997 1699 1044 distantia,
1729 999 1965 1047 reliquarum

360 1055 508 1094 suarum
529 1055 721 1091 aCtionum
745 1049 858 1102 poffit
892 1051 1009 1101 excipi
1037 1055 1073 1090 ὃς
1099 1052 1237 1089 confici
1265 1051 1419 1090 direffio
1447 1054 1484 1089 ὅ(
1522 1052 1615 1089 scala
1636 1066 1644 1089 ε
1674 1052 1717 1089 Id
1736 1053 1840 1102 quod
1859 1054 1959 1092 inter

359 1109 440 1155 alia,
469 1109 572 1146 causa
608 1108 656 1145 est
686 1109 744 1145 vel
768 1108 974 1157 praecipua,
1003 1117 1045 1144 ut
1073 1108 1186 1144 corda
1207 1119 1341 1145 eorum
1372 1107 1489 1158 (quod
1517 1107 1694 1157 scriptura
1721 1107 1960 1158 pronunciat)

361 1163 431 1201 fint
459 1161 719 1200 inscrutabilia.
775 1161 831 1198 At
850 1160 1080 1211 privatorum
1106 1163 1232 1200 nullus
1257 1162 1317 1208 est,
1345 1164 1411 1211 qui
1440 1174 1522 1199 non
1541 1159 1583 1199 fit
1613 1163 1721 1212 plane
1744 1164 1862 1201 veluti
1888 1165 1962 1201 via-

359 1229 434 1265 tor,
464 1221 499 1255 &
514 1217 763 1268 proficiscatur
784 1215 929 1253 intente
948 1217 993 1253 ad
1017 1218 1180 1265 aliquam
1201 1215 1340 1254 itineris
1369 1227 1523 1263 metam,
1551 1217 1616 1254 ubi
1644 1215 1831 1255 consistat:
1853 1219 1965 1256 unde

360 1286 442 1311 non
477 1274 575 1310 male
605 1271 768 1309 divinare
791 1272 874 1319 quis
889 1272 1039 1322 poterit,
1068 1270 1157 1322 quid
1177 1271 1335 1308 facturus
1359 1270 1399 1308 fit
1419 1282 1481 1309 aut
1496 1283 1578 1308 non
1592 1272 1759 1310 fanurus.
1805 1274 1844 1311 Si
1859 1275 1975 1312 enim.

361 1327 400 1365 in
430 1326 561 1364 ordine
586 1324 626 1364 sit
654 1326 848 1376 quidpiam
868 1327 914 1363 acl
940 1325 1055 1363 finem
1085 1325 1205 1373 suum,
1234 1325 1424 1377 probabile
1455 1326 1503 1363 est
1525 1326 1737 1365 facturum:
1770 1329 1836 1366 Sin
1864 1326 1963 1367 {itin

361 1382 593 1420 contrarium
622 1379 716 1427 finis,
745 1379 916 1418 minime.
973 1382 1110 1429 Neque
1138 1381 1184 1418 de
1199 1381 1333 1418 finium
1353 1391 1415 1418 aut
1431 1382 1675 1430 ingeniorum
1689 1384 1729 1419 in
1748 1382 1964 1421 hominibus

363 1434 574 1475 diversitate
607 1435 831 1472 informatio
854 1435 1033 1485 capienda
1071 1436 1119 1473 est
1138 1434 1350 1486 simpliciter
1379 1446 1540 1484 tantum,
1570 1436 1632 1474 sed
1660 1439 1697 1474 δ(
1721 1434 1962 1487 comparate:

361 1491 467 1543 Qid
495 1490 630 1528 scilieet
653 1490 972 1540 praedominetur,
993 1493 1029 1527 ὅ(
1050 1492 1191 1542 reliqua
1205 1493 1245 1528 in
1261 1492 1437 1528 ordinem
1455 1494 1591 1540 cogat?
1622 1492 1694 1539 Sic,
1717 1502 1758 1529 ut
1781 1493 1964 1539 videmus,

362 1547 588 1596 Tigellinus,
616 1557 705 1583 cum
729 1544 766 1582 se
789 1544 970 1582 Petronio
995 1547 1219 1597 Turpiliano
1247 1546 1466 1584 inferiorem
1493 1547 1657 1593 sentiret,
1700 1549 1741 1584 in
1769 1547 1966 1597 voluptati-

362 1602 428 1639 bus
449 1602 599 1639 Neroni
615 1598 857 1637 ministrandis
878 1602 914 1637 ὅ(
946 1600 1224 1652 praegustandis,
1253 1608 1378 1639 metus
1395 1601 1449 1649 (ut
1464 1602 1514 1639 ait
1528 1603 1696 1650 Tacitus)
1727 1599 1900 1642 Neronis
1915 1603 1967 1640 ri·

366 1662 499 1694 matus
527 1653 589 1705 est,
613 1658 649 1692 ὃ(
673 1656 747 1692 hoc
774 1656 882 1705 pasto
909 1657 1102 1693 aemulum
1118 1658 1261 1694 evertit.
1880 1686 1882 1688 .
1963 1683 1973 1687 -

422 1711 497 1748 AD
521 1709 697 1748 notitiam
717 1710 821 1759 quod
850 1711 983 1747 attinet
1008 1711 1054 1748 de
1076 1711 1281 1749 hominum
1302 1712 1437 1748 animis
1474 1711 1740 1759 secundariam,
1768 1711 1971 1760 nimirum,·-

365 1778 461 1816 quae
490 1766 535 1802 ab
562 1764 721 1802 aliorum
749 1766 931 1803 relatione
964 1765 1181 1814 desumitur,
1219 1767 1378 1804 breviter
1414 1767 1538 1804 dicere
1567 1763 1734 1805 sufficiet.
1789 1768 1966 1806 Defectus

362 1824 399 1858 δε
429 1818 516 1858 vitia
557 1819 727 1858 didiceris
756 1819 898 1870 optime
931 1820 976 1857 ab
1009 1820 1198 1858 inimicis:
1238 1823 1406 1859 Virtutes
1440 1824 1477 1858 ὃ(
1516 1821 1707 1860 facultates
1734 1822 1781 1860 ab
1814 1821 1983 1864 amicis}

362 1876 494 1913 Mores
509 1877 545 1912 ὃ(
560 1885 732 1926 tempora
747 1875 926 1912 afamulis
946 1889 954 1911 ι
982 1874 1196 1925 Opiniones
1216 1879 1252 1914 ὅ(
1272 1876 1539 1913 meditationes
1553 1878 1599 1914 ab
1619 1878 1764 1914 intimis
1783 1876 1988 1916 familiari-s

363 1931 443 1977 bus,
472 1942 561 1967 curn
595 1931 730 1978 quibus
757 1929 989 1978 frequentius
1014 1931 1205 1979 colloquia
1238 1929 1408 1968 miscent.
1465 1932 1574 1968 Fama
1593 1931 1781 1984 popularis
1803 1933 1970 1979 levisesk

365 1987 403 2021 ἃ
438 1985 673 2034 superiorum
705 1983 837 2030 judicia
859 1986 986 2022 minus
1013 1996 1131 2023 certa:
1161 1987 1314 2023 Etenim
1334 1997 1462 2023 coram
1490 1985 1563 2023 illis
1589 1987 1764 2025 teffiores
1788 1986 1986 2026 incedam:-

365 2039 551 2077 homines.
605 2040 742 2077 Verior
769 2039 868 2077 fama
896 2051 917 2076 e
945 2039 1155 2078 domesticis
1183 2051 1343 2078 emanat.

419 2096 607 2132 VERUM
631 2094 676 2131 ad
704 2092 986 2142 inquisitionem
1015 2093 1118 2132 istam
1147 2095 1357 2133 universam
1372 2097 1430 2133 via
1458 2097 1620 2134 maxime
1635 2095 1914 2147 compendiaria
1928 2099 1970 2135 in

366 2148 485 2187 tribus
507 2147 678 2186 consistit.
734 2150 920 2194 Primum,
950 2160 991 2187 ut
1013 2149 1189 2188 amicitias
1213 2152 1348 2188 multas
1367 2163 1642 2203 comparemus,
1671 2164 1760 2189 cum
1786 2151 1971 2198 eJusrnodi

367 2203 600 2251 hominibus,
628 2205 693 2255 qui
720 2203 968 2255 multiplicem
986 2207 1021 2242 ὃ(
1042 2204 1180 2243 variam
1199 2205 1338 2243 habent
1374 2216 1451 2243 tam
1492 2218 1631 2251 rerum,
1660 2219 1775 2255 quam
1799 2207 1995 2256 persona-‘-

362 2271 461 2306 rum,
490 2258 690 2296 notitiam:
734 2258 919 2308 Imprimis
947 2270 1037 2297 vero
1070 2261 1305 2307 enitendum,
1346 2271 1390 2298 ut
1420 2260 1548 2298 saltem
1578 2259 1740 2311 singulos
1771 2262 1971 2300 habeamus

368 2314 521 2364 praesto,
551 2312 614 2362 qui
643 2325 714 2363 pro
736 2315 982 2364 negotiorum
1014 2314 1343 2363 atquehominum
1363 2313 1578 2362 diversitate,
1607 2329 1677 2354 nos
1691 2317 1738 2354 de
1753 2329 1970 2368 unaquaque

371 2381 410 2406 re
438 2367 610 2407 certiores
636 2369 756 2406 facere
786 2372 821 2406 ὃ(
844 2368 961 2406 solide
980 2370 1185 2407 informare
1214 2367 1367 2422 possint.
1426 2372 1612 2418 Secundo,
1640 2381 1683 2408 ut
1697 2372 1858 2421 prudens
1877 2381 1995 2410 tems

372 2434 636 2473 peramentum
669 2426 705 2461 ὅ(
737 2423 1035 2461 mediocritatem
1060 2426 1247 2474 quandam
1277 2425 1549 2475 persequamur,
1580 2429 1616 2463 δε
1644 2425 1682 2463 in
1710 2425 1879 2464 libertate
1905 2428 1971 2464 ser-
1994 2434 1997 2436 ’

373 2480 511 2525 monis,
541 2481 577 2516 ὅ(
607 2480 647 2515 in
675 2481 928 2516 taciturnitate
951 2493 958 2515 :
987 2479 1217 2531 frequentius
1249 2481 1461 2518 libertatem
1490 2480 1715 2530 usurpantes,
1744 2492 1780 2518 at
1805 2493 1892 2519 cum
1913 2494 1971 2519 res

372 2533 543 2582 postulat,
573 2531 773 2571 silentium.
829 2533 993 2572 Libertas
1016 2533 1197 2583 siquidem
1230 2537 1270 2572 in
1299 2536 1483 2581 sermone,
1513 2534 1623 2572 etiam
1648 2535 1738 2573 alios
1771 2535 1903 2574 invitat
1923 2539 1971 2575 δε

371 2599 562 2638 provocat,
591 2598 631 2626 ut
654 2587 729 2640 pari
758 2587 924 2626 libertate
952 2601 1038 2638 erga
1058 2602 1127 2626 nos
1147 2600 1320 2627 utantur:
1349 2590 1396 2626 Et
1426 2588 1470 2626 sie
1499 2592 1616 2627 multa
1630 2591 1782 2628 deducit
1807 2592 1851 2628 ad
1872 2593 1973 2629 noti*

372 2642 465 2678 tiam
488 2642 670 2680 nostram:
700 2644 756 2681 At
771 2642 997 2681 taciturnitas
1017 2643 1131 2681 fidem
1160 2643 1347 2690 conciliat,
1377 2640 1565 2692 efficitque
1581 2657 1622 2682 ut
1642 2656 1771 2682 ament
1797 2646 1970 2683 homines

374 2694 510 2732 secreta
539 2696 598 2733 sua
626 2699 720 2748 apud
743 2711 824 2744 nos,
858 2709 1037 2746 tanquam
1058 2701 1097 2735 in
1117 2697 1207 2744 finu,
1228 2700 1430 2748 deponere.
1486 2699 1630 2747 Tertio,
1661 2700 1689 2737 is
1718 2701 1828 2737 nobis
1849 2703 1970 2750 paula-

374 2751 446 2786 tim
467 2752 710 2798 acquirendus
725 2753 772 2790 est
788 2754 945 2799 habitus,
981 2763 1020 2791 ut
1041 2752 1216 2803 vigilante
1235 2756 1270 2790 ὅ(
1286 2754 1475 2803 praesente
1489 2757 1632 2801 animo,
1646 2754 1681 2791 in
1699 2754 1875 2792 omnibus
1889 2758 1971 2793 col»

373 2805 509 2854 loquiis
530 2807 786 2845 &actionibus
801 2806 907 2845 simul
924 2811 960 2845 ὃς
983 2821 1076 2854 rem,
1105 2821 1199 2857 quae
1217 2808 1332 2855 instat,
1360 2821 1553 2858 gemmus,-
1585 2813 1620 2846 δε
1647 2812 1727 2856 alia,
1757 2822 1850 2857 quae
1879 2812 1970 2847 inci·

373 2858 482 2903 dunt,
524 2859 770 2899 observemus.
827 2865 928 2900 Nam
950 2861 1037 2900 ficut
1058 2865 1244 2913 Epictetus
1267 2863 1442 2915 praecipit
1459 2875 1499 2901 ut
1514 2865 1766 2915 philosophus,
1788 2864 1825 2900 in
1853 2863 1971 2914 singu-

372 2914 419 2950 lis
447 2913 517 2950 suis
545 2913 757 2962 aCtionibus‚
787 2919 837 2953 ita
854 2918 978 2956 secum
998 2920 1194 2967 loquatur:
1223 2920 1270 2956 Et
1291 2919 1364 2956 hoc
1379 2920 1470 2955 volo
1491 2921 1527 2956 ὅ(
1550 2919 1660 2956 etiam
1681 2918 1887 2956 institutum
1902 2920 1972 2956 ser-
2002 2950 2005 2952 .

374 2979 479 3008 vare3
506 2965 553 3004 fic
579 2970 755 3019 politicus
778 2973 817 3007 in
841 2970 991 3021 singulis
1011 2973 1171 3023 negotiis
1193 2973 1241 3011 ita
1271 2974 1393 3011 secum
1422 2973 1574 3014 statuat3
1605 2977 1641 3010 ὅ(
1660 2974 1733 3010 hoc
1749 2975 1841 3014 volo
1859 2985 1970 3023 atque

375 3023 488 3061 etiam
512 3023 666 3073 aliquid,
695 3025 798 3072 quod
828 3027 866 3064 in
895 3028 1063 3065 futurum
1086 3028 1166 3068 usui
1194 3028 1262 3066 effe
1285 3025 1398 3080 polilt
1427 3028 1623 3068 addiscere.
1680 3031 1817 3086 ltaque,
1845 3027 1910 3080 qui
1923 3041 1972 3067 eo

1885 3083 1970 3121 sunt

2036 234 2040 243 ,
2029 182 2037 207 :⁴
2027 0 2040 174 *cs-2⁴5²*
