2040 3439
82 241 320 304 Caszlll.
348 241 448 288 DE
501 243 997 291 AUGMENTIS
1049 245 1654 292 SCIENTIARUM.

80 336 154 375 vias
176 337 359 385 obliquas,
387 336 530 375 felicius
554 351 647 387 quae
669 339 816 386 volunt,
846 352 959 389 quam
989 354 1031 379 ex
1059 341 1203 380 directo
1232 343 1523 394 ssiperinducunt
1543 347 1580 382 δ(
1607 343 1688 383 insl-

78 403 210 430 nuant.
267 394 391 430 Etiam
418 392 533 443 (quod
550 392 689 430 mirum
709 394 855 432 fortasse
875 397 991 433 videri
1007 392 1134 447 possit)
1161 396 1198 435 in
1215 400 1323 438 rebus
1339 411 1442 437 mere
1459 402 1688 438 naturalibus

79 449 188 484 citius
211 458 381 485 naturam
405 447 508 484 fallas
531 460 643 496 quam
668 461 833 500 premas:
863 451 970 498 adeo,
986 464 1080 502 quae
1095 464 1138 489 cx
1153 453 1297 491 directo
1312 453 1419 501 fiunt,
1441 456 1565 505 inepta
1588 455 1686 502 sunt,

79 504 116 539 &
142 502 176 538 se
199 502 274 551 ipsa
298 501 528 552 impediunt3
557 515 645 540 cum
661 513 805 551 contra,
830 507 889 543 via
905 506 1057 555 obliqua
1073 506 1312 546 &insinuans
1332 508 1500 547 molliter
1518 510 1620 558 fluat,
1649 513 1686 549 δε

79 556 253 594 cffestum
278 557 462 594 sortiatur.
518 557 637 596 Vestis
658 560 764 596 Panis
789 562 825 596 δε
850 563 1057 599 amiculum
1086 560 1275 612 ingeniose
1296 564 1504 602 admodum
1526 578 1568 603 cx
1587 567 1685 617 pelle

78 611 236 661 pardalis
250 611 356 649 fuisse
373 612 535 662 fingitur,
564 623 718 665 propter
737 615 899 652 maculas
923 617 1062 664 ubique
1084 616 1229 666 sparsas.
1288 618 1457 656 Coelum
1481 622 1585 657 enim
1609 621 1686 659 stel-

79 667 136 712 lis,
165 666 281 703 maria
304 665 441 714 insulis,
470 669 581 704 tellus
607 668 763 706 floribus
783 670 1106 720 corispe1·gu11tur;
1135 681 1246 721 atquc
1275 672 1386 710 etiam
1416 686 1472 711 res
1493 677 1685 726 particula-

80 733 137 758 res
153 721 230 758 fere
245 723 444 771 variegatae
461 722 529 760 effe
546 722 667 760 solent
683 726 780 760 cirea
801 724 1045 774 superficiem,
1075 738 1168 774 quae
1184 729 1298 764 veluti
1313 728 1363 765 rei
1377 728 1543 778 chlamys
1563 731 1622 768 cst.

92 788 94 791 ’
132 777 391 815 OFFICIUM
418 788 543 815 aurem
559 779 668 815 Panis
692 780 796 816 nulla
823 778 892 816 alia
911 792 963 827 rc,
993 791 1071 818 tam
1092 782 1136 818 ad
1161 783 1288 819 vivum
1309 782 1472 832 proponi
1492 795 1602 833 atque
1627 799 1683 823 cx-

78 831 208 880 plieari
228 833 408 883 potuerit,
437 845 548 881 quam
575 833 678 881 quod
700 834 790 870 deus
807 844 1032 874 venatorum
1053 834 1105 873 fit.
1163 835 1301 873 Omnis
1325 836 1428 874 enim
1452 839 1626 876 naturalis
1649 854 1683 878 a-

77 886 166 931 ecio,
193 896 304 937 atque
326 886 421 924 adeo
445 899 572 924 motus
596 890 632 925 δε
654 885 878 939 progreffio,
907 888 999 926 nihil
1025 889 1123 927 aliud
1147 903 1261 940 quam
1282 893 1435 928 venatio
1464 893 1522 930 cst.
1579 897 1684 932 Nam

78 943 116 978 &
130 939 302 978 scientiae
318 944 354 978 ὅ(
368 952 464 979 artes
480 955 594 992 opera
610 942 671 979 sua
686 953 867 981 venantur
882 961 894 986 ‚-
926 946 962 981 &
981 943 1134 983 confilia
1149 946 1312 983 humana
1334 946 1424 983 fines
1442 947 1546 989 suos;
1573 959 1685 997 atque

78 1004 137 1032 res
146 997 332 1033 naturales
347 1008 480 1034 omnes
495 999 551 1034 vel
569 996 744 1034 alimenta
759 998 831 1046 sua,
861 1008 902 1036 ut
918 999 1198 1048 conserventur,
1231 1002 1287 1038 vel
1308 1003 1516 1051 voluptates
1537 1006 1573 1040 ὃ(
1596 1004 1683 1041 deli<

76 1048 149 1087 cias
167 1050 256 1097 suas,
284 1061 327 1088 ut
342 1051 591 1101 perficiantur,
621 1063 805 1090 venantur
821 1068 831 1095 3
864 1052 1004 1100 (omnis
1017 1052 1196 1103 siquidem
1211 1058 1363 1093 venatio
1378 1055 1426 1094 cst
1440 1067 1502 1095 aut
1517 1059 1684 1108 praedae,

76 1106 274 1143 ‘aut‘animi
295 1106 433 1156 eausax)
467 1108 579 1156 idque
596 1108 719 1144 modis
734 1107 860 1157 peritis
876 1110 911 1145 &
933 1109 1129 1158 sagacibus.

291 1177 424 1219 Torva
448 1180 582 1221 leaena
601 1181 729 1233 lupum
742 1182 938 1236 fhquz'tztr,
967 1184 1078 1237 lupus
1097 1184 1176 1237 {pst
1195 1185 1392 1238 capellam,

293 1233 513 1275 Florentem
537 1237 699 1290 cytisiaem
716 1237 900 1291 si‘qm'tur
925 1238 1078 1293 lasciva
1102 1240 1259 1292 capella.

75 1321 200 1358 Etiam
223 1321 467 1358 ruricolarum
493 1323 530 1358 in
558 1333 696 1370 genere
724 1323 800 1359 Pan
822 1323 912 1360 deus
935 1323 994 1370 est,
1023 1327 1109 1373 quia
1129 1325 1345 1370 hujusmodi
1366 1327 1541 1366 homines
1567 1332 1684 1377 magis

78 1375 283 1413 secundum
306 1386 479 1413 naturam
507 1378 659 1418 vivunt3
688 1389 774 1414 cum
796 1376 835 1414 in
857 1379 1010 1416 urbibus
1039 1382 1075 1417 δε
1099 1381 1200 1427 aulis,
1231 1391 1360 1419 natura
1385 1394 1403 1419 a
1429 1385 1531 1421 cultu
1560 1372 1683 1422 niniio

75 1440 347 1478 corrumpatur,
382 1440 423 1467 ut
445 1430 538 1468 illud
561 1433 692 1479 poe'tae
717 1434 958 1481 amatorium,
989 1446 1134 1482 verum,
1162 1447 1317 1485 propter
1344 1436 1562 1483 hujusmodi
1591 1441 1682 1478 deli-

75 1487 160 1533 cias,
187 1484 300 1522 etiam
315 1485 362 1522 de
375 1495 508 1522 natura
525 1483 567 1522 sit
584 1500 591 1522 :

419 1558 529 1599 Pars
549 1560 711 1598 minima
730 1559 781 1612 cst
800 1560 882 1613 tpstc
901 1561 1033 1615 puella
1050 1563 1129 1616 siti.

77 1645 274 1685 Montium
289 1656 417 1684 autem
433 1648 621 1698 imprimis
636 1647 778 1697 praeses
792 1648 929 1686 dieitur
940 1649 1028 1696 Pan,
1051 1652 1137 1699 quia
1152 1650 1190 1687 in
1206 1651 1403 1689 montibus
1420 1653 1454 1689 δε
1471 1653 1563 1689 loeis
1578 1654 1686 1691 editis

76 1712 209 1739 nat-ura
244 1714 371 1739 rerum
400 1702 587 1751 panditur,
625 1713 737 1752 atque
765 1704 886 1740 oculis
920 1706 958 1741 &
991 1705 1309 1758 contemplationi
1339 1708 1455 1756 magis
1484 1707 1683 1752 subjicitur.

76 1757 193 1809 Qod
207 1758 300 1794 alter
320 1769 340 1793 a
356 1758 553 1794 Mercurio
573 1758 735 1795 deorum
751 1757 909 1796 nuncius
929 1756 970 1796 fit
993 1761 1083 1806 Pan,
1114 1773 1155 1799 ea
1171 1762 1348 1809 allegoria
1359 1763 1468 1813 plane
1481 1761 1608 1800 divina
1625 1764 1684 1810 cst,

73 1824 164 1850 cum
179 1813 349 1861 proxime
371 1812 450 1863 post
469 1813 627 1850 verbum
642 1814 728 1860 Dei,
757 1812 830 1862 ipsa
853 1814 989 1851 mundi
1013 1817 1153 1866 imago,
1184 1817 1331 1853 divinae
1356 1819 1548 1865 potentiae
1570 1821 1607 1855 &
1636 1819 1684 1855 sa-

74 1869 237 1917 pientiae
257 1869 501 1917 praeconium
522 1866 575 1905 fit.
632 1868 748 1920 Quod
765 1871 801 1907 ὅ(
815 1871 926 1920 poeta
940 1869 1087 1908 divinus
1106 1873 1255 1917 cecinit,
1285 1870 1391 1909 Coeli
1405 1879 1591 1910 enarrant
1601 1872 1684 1924 glo-

77 1922 177 1960 riam
191 1921 292 1969 Dei,
321 1928 439 1975 atque
458 1930 570 1974 opera
590 1934 771 1960 manuum
791 1921 875 1977 ejus
893 1921 1046 1963 indicat
1058 1923 1362 1976 firmamentum.

127 1977 201 2015 Ar
229 1979 329 2015 Pana
344 1978 533 2015 oblectant
553 1978 754 2030 nymphae,
785 1981 933 2016 animae
961 1979 1099 2018 scilicet
1119 1996 1126 2018 :
1155 1982 1309 2018 deliciae
1333 1982 1436 2018 enim
1454 1981 1587 2018 mundi
1608 1983 1683 2018 ani-

69 2043 160 2069 -mae
178 2034 387 2071 viventium
404 2032 500 2070 sunt.
557 2034 629 2070 Hie
649 2044 774 2071 autem
800 2036 941 2071 merito
956 2036 1104 2074 illarum
1121 2037 1339 2086 imperator,
1368 2048 1455 2072 cum
1472 2037 1556 2072 illac
1579 2045 1684 2073 natu-

76 2099 157 2125 ram
176 2099 344 2138 quaeque
360 2087 463 2125 suam
482 2098 662 2136 tanquam
678 2089 813 2126 ducem
830 2089 1041 2138 sequantur,
1072 2093 1108 2128 δε
1128 2093 1225 2128 cirea
1241 2103 1329 2128 cum
1345 2090 1491 2128 infinita
1512 2103 1598 2128 cum
1626 2104 1684 2129 va-

75 2144 219 2189 rietate,
247 2144 364 2180 veluti
384 2141 545 2192 lingulae
559 2155 668 2180 more
685 2146 818 2193 patrio,
847 2144 992 2193 saltent,
1024 2149 1060 2183 ὃ(
1083 2146 1236 2183 choreas
1259 2147 1409 2192 ducant,
1439 2155 1549 2183 motu
1565 2148 1684 2183 neuti-

75 2209 190 2246 quam
223 2197 391 2234 cess'ante.
447 2199 576 2246 Iraque
605 2209 712 2236 acute
739 2200 892 2249 quidam
918 2212 967 2237 vex
1001 2202 1286 2247 recentioribus,
1321 2200 1513 2239 facultates
1535 2203 1683 2238 animae

75 2264 209 2289 omncs
228 2253 273 2289 ad
296 2262 446 2289 motum
472 2253 629 2299 reduxit,
659 2256 695 2291 &
710 2255 990 2292 nonnullorum
1013 2268 1053 2291 ex
1071 2258 1233 2303 antiquis
1248 2255 1433 2292 fastidium
1450 2258 1487 2292 ὃς
1507 2258 1682 2306 praecipi-

73 2308 262 2345 tationem
290 2308 448 2353 notavit,
478 2308 542 2355 qui
569 2310 796 2345 memoriam
826 2311 862 2346 ὃ(
887 2309 1126 2360 phantasiam,
1157 2313 1193 2347 δε
1217 2312 1404 2347 rationem
1433 2310 1559 2347 defixis
1579 2323 1680 2362 prae-

73 2374 234 2414 propere
248 2361 365 2399 oculis
381 2363 570 2399 intuentes
586 2365 623 2399 ὃ(
637 2364 951 2412 contemplantes,
980 2367 1057 2400 vim
1074 2366 1328 2414 cogitativam,
1357 2377 1450 2412 quae
1477 2366 1613 2413 primas
1628 2376 1680 2403 te-

73 2427 151 2464 net,
178 2416 519 2469 praetermiserunt.
577 2419 680 2455 Nam
704 2420 740 2455 &
764 2419 828 2466 qui
853 2421 1042 2466 meminit,
1073 2431 1135 2456 aut
1157 2421 1270 2456 etiam
1287 2418 1550 2466 reminiscitur,
1581 2420 1679 2469 eogi-

72 2482 146 2513 tat3
175 2475 212 2510 ὅ(
226 2474 289 2521 qui
307 2473 544 2521 imaginatur,
573 2470 742 2510 similiter
757 2472 918 2522 eogitat3
949 2476 986 2511 ὃς
1001 2476 1065 2522 qui
1083 2473 1336 2520 ratiocinatur,
1366 2476 1496 2522 utique
1512 2476 1651 2524 cogitat
1669 2489 1677 2511 :

72 2525 235 2575 denique
261 2529 397 2573 anima,
427 2525 498 2563 five
532 2539 552 2563 a
587 2526 693 2565 sensu
720 2530 882 2574 monita,
911 2526 981 2566 sive
1010 2527 1074 2566 fibi
1108 2529 1288 2579 permiss'a,
1317 2527 1387 2566 five
1412 2531 1451 2565 in
1478 2528 1678 2567 func‘tioni-

73 2583 140 2620 bus
161 2583 396 2628 .intelle6tus‚
438 2580 508 2618 five
544 2581 745 2620 affectuum
786 2585 822 2620 ὅς
855 2584 1072 2630 voluntatis,
1116 2585 1160 2621 ad
1200 2584 1505 2621 modulationem
1541 2584 1679 2634 cogita-

72 2639 224 2675 tionum
255 2637 359 2674 saltat
375 2653 388 2678 ,-
418 2648 511 2684 quae
540 2635 589 2673 cst
613 2639 675 2674 illa
700 2638 951 2690 nympharum
973 2640 1203 2689 tripudiatio.
1264 2639 1356 2679 Una
1380 2651 1472 2676 vero
1497 2651 1680 2688 perpetuo

71 2694 303 2730 comitantur
335 2692 443 2739 satyri
476 2694 511 2728 ὅ(
532 2690 659 2738 Sileni,
690 2692 853 2731 scnectus
881 2693 1020 2731 scilicet
1049 2696 1085 2730 δ(
1111 2696 1295 2739 juventus
1351 2694 1543 2731 Omnium
1573 2697 1678 2731 enim

71 2759 197 2784 rerum
222 2746 271 2784 est
297 2757 392 2784 actas
415 2747 598 2795 quaedam
624 2747 749 2784 hilaris
770 2750 807 2785 ὃς
835 2759 944 2785 motu
968 2749 1145 2798 gaudens,
1175 2759 1286 2796 atquc
1307 2748 1428 2786 rursus
1454 2759 1549 2786 aetas
1574 2750 1679 2787 tarda

73 2803 110 2839 ὅ(
136 2802 286 2839 bibula:
324 2801 517 2849 utriusque
543 2811 669 2838 autem
694 2801 819 2840 aetatis
849 2803 964 2839 studia
988 2815 1072 2840 vere
1107 2803 1381 2852 contemplanti
1413 2803 1562 2840 fortass'c
1590 2805 1678 2840 ridi-

70 2857 155 2894 cula
174 2859 212 2893 ὅ(
234 2856 419 2893 deformia
438 2856 646 2901 videantur,
676 2857 784 2893 instar
806 2857 913 2905 satyri
932 2858 1084 2898 alieuius
1100 2869 1161 2894 aut
1179 2857 1305 2894 Sileni.
1361 2859 1422 2895 De
1442 2860 1586 2896 Panieis
1615 2870 1675 2896 an-

71 2921 150 2948 tem
165 2912 370 2948 terroribus
385 2906 668 2962 prudentiss'lma
683 2912 854 2948 doctrina
872 2911 1108 2962 proponitur.
1163 2915 1308 2950 Natura
1324 2915 1427 2949 enim
1445 2925 1569 2950 rerum
1591 2925 1671 2949 om-

71 2966 182 3003 nibus
209 2964 417 3003 viventibus
442 2966 581 3002 indidit
610 2976 757 3003 metum
783 2969 819 3002 ὃ(
846 2967 1106 3012 formidinem,
1137 2967 1231 3004 vitae
1254 2978 1365 3018 atque
1390 2967 1561 3004 ess'entiae
1593 2967 1673 3004 suae

74 3019 398 3067 conservatricem,
427 3032 467 3057 ae
488 3021 584 3056 mala
600 3021 813 3069 ingruentia
829 3023 1009 3058 vitantem
1036 3024 1071 3058 ἃ
1095 3022 1358 3072 depellentem.
1415 3024 1678 3060 Veruntamen

73 3075 203 3112 eadem
230 3086 361 3113 natura
385 3076 546 3113 modum
573 3084 701 3113 tenere
730 3074 849 3112 nescia
878 3076 937 3122 est,
969 3075 1030 3114 sed
1059 3078 1261 3114 timoribus
1293 3077 1507 3114 lalutaribus
1532 3076 1675 3124 semper

1559 3142 1675 3168 vanos

1769 246 1831 311 85
