2040 3439
163 237 265 296 202³.

522 231 616 278 DE
651 226 1096 277 AUGMENTIS
1131 222 1665 277 SCIENTIAR'UM.
1739 221 1976 292 nav—n„

343 319 526 376 siqu-idem
542 328 704 375 majestas
718 339 780 366 tua
795 339 923 377 regem
933 332 1014 364 non
1030 327 1197 380 depinxit
1208 327 1382 377 aliquem,
1398 328 1485 376 Affi,
1493 330 1565 366 riae
1579 337 1641 366 aut
1658 328 1806 377 Persiac,
1821 332 1951 379 gloria,
1974 359 1980 366 .

344 394 500 420 externo
526 382 616 422 fastu
645 383 844 429 nitentem,
878 385 916 420 δε
939 381 1218 420 coruscantem:
1249 383 1310 420 scd
1349 395 1435 420 vere
1474 383 1638 428 Morem,
1670 396 1732 422 aut
1755 387 1972 433 Dav-idemqv

343 438 501 490 pastores
515 436 652 475 scilicet
670 439 801 490 populi
816 437 879 474 sui.
938 438 1076 487 Neque
1103 450 1191 476 vero
1215 437 1307 475 mihi
1337 450 1504 486 unquam
1526 441 1711 476 memoria
1738 440 1878 477 excidet
1902 441 1979 478 di-.:
2032 455 2036 458 ’

344 493 449 529 ctum
466 492 657 543 quoddam
678 505 761 530 vere
786 490 944 542 regium,
975 494 1079 541 quod
1108 494 1149 530 in
1182 494 1248 530 lite
1276 490 1484 542 gravissima
1510 493 1760 541 terminanda,
1792 496 1978 542 majestas..

344 558 420 594 tua,
453 554 524 598 pro
543 545 646 584 sacro
661 546 741 595 illo,
775 560 853 599 quo
873 547 1059 597 praeditus
1079 560 1129 595 es,
1161 549 1312 598 Spiritu,
1341 549 1387 585 ad
1407 550 1568 600 populos
1588 550 1977 601 regendospronun-·.
2031 577 2034 580 ι

345 602 482 642 ciavit5
511 600 705 649 nimirum,
744 600 873 654 Reges
887 598 1020 653 juxta
1043 600 1145 655 leges
1173 614 1371 655 regnorum
1387 602 1547 654 filorum
1562 603 1823 655 gubernacula
1854 612 1971 642 trac-.

344 662 445 703 tare,
474 653 789 708 quemadmodum
810 653 857 699 όν
873 655 992 695 Deus
1007 655 1139 710 juxta
1167 656 1269 710 leges
1295 664 1483 696 naturae:
1519 654 1566 700 &⁴
1590 670 1708 711 aeque
1737 671 1823 696 raro
1839 669 1956 712 prae⁴

344 710 569 762 rogativam
601 710 711 750 illam
726 711 854 764 fitam,
895 723 992 765 quae
1020 710 1121 765 leges
1151 710 1405 764 transcendit,
1438 711 1589 751 abillis
1612 713 1878 766 rfitrpana'am,
1897 727 1960 752 aa

344 777 369 802 a
398 763 492 803 Deo
520 762 700 806 videmus
729 766 904 820 afitrpari
921 765 1154 819 potestatem
1191 765 1378 805 miracala
1396 766 1601 820 patrana'r⁴
1658 769 1793 806 Nihilo
1825 768 1954 808 tamen

344 820 470 868 secius,
508 833 551 858 ex
585 823 683 860 libro
708 824 778 860 illo
805 825 936 870 altero,
971 836 991 860 a
1010 823 1194 869 majestate
1210 835 1272 860 tua
1287 823 1502 875 conscripto
1517 824 1563 860 de
1593 823 1706 861 libera
1723 825 1969 873 monarchias

344 875 429 913 satis
449 877 628 914 omnibus
648 877 862 925 innotescit,
897 890 978 916 non
1000 878 1123 916 minus
1144 877 1318 924 majestati
1345 889 1429 916 tuae
1444 880 1638 927 cognitam
1662 879 1731 916 css'e
1753 881 1788 916 St
1813 879 1956 932 perspe-

343 931 444 967 &arn
457 931 734 982 plenitudinem
749 933 936 986 potestatis
956 932 1089 984 regiae,
1119 944 1229 982 atque
1253 932 1470 971 ultimitates
1500 935 1554 978 (ut
1571 933 1773 971 scholastici
1794 935 1957 984 loquun-

345 983 426 1034 tur)
462 987 603 1032 jurium
636 991 830 1039 regalium,
869 1001 983 1037 quam
1012 986 1128 1026 officii
1151 992 1187 1026 ὅ(
1220 989 1386 1026 muneris
1415 987 1505 1038 regii
1530 987 1668 1026 limites
1692 988 1730 1025 δε
1755 991 1971 1030 cancell-03³2

343 1042 441 1080 Non
456 1041 620 1080 dubitavi
639 1042 754 1094 igitur
770 1046 810 1081 in
839 1044 1009 1081 medium
1025 1045 1207 1082 adducere
1235 1045 1372 1082 librum
1390 1045 1500 1081 illum
1520 1057 1541 1081 a
1554 1042 1747 1089 majestatis
1763 1055 1848 1082 tuae
1862 1045 1961 1082 calaz

343 1102 414 1132 mo
442 1106 643 1145 exaratum,
672 1109 852 1147 tanquam
877 1101 1093 1151 exemplum
1118 1099 1336 1152 primarium
1381 1102 1418 1136 &
1455 1098 1618 1137 maxime
1654 1099 1791 1137 illustre
1827 1100 1975 1138 natta--

346 1160 457 1189 tuum
472 1151 519 1188 de
536 1153 782 1203 peculiaribus
811 1157 847 1192 ὅ(
873 1153 1078 1205 respectivis
1101 1151 1245 1191 officiis.
1301 1155 1392 1206 QO
1407 1155 1453 1192 de
1473 1153 1585 1201 libro,
1620 1166 1715 1203 quae
1736 1162 1758 1191 'a
1784 1166 1849 1192 me
1882 1156 1965 1200 iam*

345 1205 440 1243 dieta
456 1205 555 1252 sunt,
590 1207 755 1246 dixissem
770 1209 955 1261 profesto,
984 1207 1010 1247 fi
1024 1220 1111 1247 ante
1124 1221 1245 1246 annos
1260 1211 1368 1247 mille
1382 1222 1403 1246 a
1424 1222 1511 1259 rege
1527 1209 1705 1261 quopiam
1725 1208 1961 1262 conscriptus·

341 1260 475 1298 fuisset.
533 1262 669 1313 Neque
694 1275 786 1301 vcro
814 1277 878 1301 me
907 1275 1036 1302 movet
1066 1265 1249 1302 decorum
1279 1264 1387 1312 illud,
1416 1265 1521 1313 quod
1551 1265 1667 1314 vulgo
1687 1263 1964 1316 praescribitur,

342 1327 392 1352 ne
407 1317 490 1364 quis
500 1327 630 1354 coram
645 1319 838 1356 laudetur:
868 1319 991 1356 modo
1006 1319 1133 1357 laudes
1148 1319 1233 1356 illae
1248 1332 1320 1357 nec
1333 1320 1495 1357 modum
1511 1320 1702 1366 excedant,
1735 1332 1806 1357 nec
1820 1321 1958 1365 inteni-

342 1369 490 1421 pestive‚
517 1381 580 1408 aut
593 1373 696 1410 nulla
715 1374 800 1424 data
820 1373 1025 1422 occasione,
1050 1375 1273 1412 tribuantur.
1332 1375 1472 1412 Cicero
1488 1384 1598 1421 certe,
1612 1377 1649 1412 in
1667 1371 1957 1414 luculenriffima

340 1426 405 1463 illa
416 1425 588 1463 oratione
604 1426 666 1465 sua
686 1440 755 1478 pro
767 1427 824 1467 M.
843 1430 1040 1476 Marcello,
1070 1430 1167 1466 nihil
1193 1430 1294 1467 aliud
1324 1429 1411 1479 agit,
1448 1442 1562 1481 quam
1591 1440 1632 1467 ut
1661 1429 1828 1467 exhibeat
1848 1430 1958 1469 tabu-

342 1481 418 1517 lam
441 1480 643 1529 quandam,
673 1482 849 1534 singulari
865 1483 1022 1522 artificio
1038 1483 1234 1536 depictam,
1268 1486 1315 1522 de
1331 1485 1500 1522 laudibus
1518 1483 1698 1532 Caesaris,
1726 1483 1813 1521 licet
1828 1492 1963 1523 coram*

341 1534 422 1587 ipso
438 1537 562 1574 oratio
580 1535 641 1574 illa
656 1539 865 1577 haberetur.
921 1541 1040 1592 Quod
1056 1542 1092 1577 ὅ(
1108 1540 1252 1577 Plinius
1263 1539 1444 1578 secundus
1459 1552 1542 1589 erga
1552 1541 1770 1586 Trajanum.
1827 1542 1958 1590 ltaque

344 1591 421 1636 jam
436 1591 481 1628 ad
497 1590 732 1642 propositum
747 1605 986 1632 revertamur.
1844 1613 1845 1616 ’
1922 1611 1924 1616 ’
1960 1610 1962 1612 ’

398 1647 661 1685 PERTINET
692 1661 811 1698 porro
839 1651 881 1687 ad
913 1651 1008 1687 hanc
1031 1660 1172 1700 partem
1198 1652 1244 1688 dc
1260 1647 1395 1688 officiis
1412 1648 1616 1700 respce‘livis
1631 1649 1889 1698 vocationum,
1919 1651 1965 1689 fic*

342 1698 621 1751 profcssionum
650 1701 889 1754 singularum,
918 1706 1089 1742 doctrina
1121 1705 1201 1753 alia,
1238 1715 1418 1754 tanquam
1451 1704 1565 1755 priori
1598 1704 1758 1751 relativa,
1789 1703 1864 1744 five·
1887 1717 1963 1756 {Dp-⁴

341 1754 484 1805 pofira3
513 1758 697 1795 nimirum
726 1759 771 1797 de
800 1760 1001 1808 fraudibus,
1039 1760 1203 1807 cautelis,
1242 1760 1464 1810 imposturis,
1494 1762 1531 1797 δε
1558 1759 1655 1798 vitiis
1692 1759 1873 1810 ipsarum:
1916 1759 1956 1798 fi-

339 1810 494 1859 quidem
523 1812 805 1863 depravationes
836 1817 873 1852 &
901 1815 990 1854 vitia
1025 1813 1155 1853 officiis
1195 1818 1228 1853 δε
1259 1814 1458 1853 virtutibus
1496 1825 1756 1864 opponuntur.
1816 1817 1960 1866 Neque

339 1868 507 1904 omnino
530 1867 577 1903 de
592 1867 659 1914 liis,
690 1870 729 1905 in
746 1870 915 1920 plurimis
936 1871 1079 1921 scriptis
1098 1873 1134 1907 &
1157 1871 1382 1916 tractatibus,
1412 1869 1554 1907 siletur:
1586 1870 1647 1907 sed
1672 1869 1788 1922 saepe,
1818 1861 1959 1916 adam&

339 1922 519 1967 notanda,
550 1922 680 1959 saltem
708 1926 831 1962 obiter
867 1924 1083 1962 excurritur.
1140 1925 1196 1963 At
1221 1938 1299 1977 quo
1328 1926 1483 1963 tandem
1519 1925 1661 1962 modo?
1698 1937 1763 1975 per
1799 1922 1961 1975 satyraffl

338 1974 489 2023 seilicet,
520 1979 556 2013 δε
572 1979 704 2025 cynice
725 1978 851 2029 (more
869 1981 1039 2028 Luciani)
1067 1983 1204 2030 potius,
1241 1993 1356 2029 quarn
1376 1980 1472 2017 serio
1501 1983 1536 2018 δε
1558 1981 1730 2030 graviter.
1787 1976 1961 2029 Hestiai-,³

339 2032 421 2080 plus
442 2034 832 2084 operaeimpenditur,
864 2045 906 2073 ut
921 2037 1098 2087 pleraque
1119 2035 1159 2073 in
1187 2036 1328 2073 artibus
1353 2038 1467 2073 etiam
1484 2035 1585 2073 utilia
1607 2038 1642 2072 ὃ(
1659 2035 1754 2083 sana,
1785 2032 1958 2090 maligno?

340 2088 454 2123 dente
483 2088 715 2136 vellicentur,
754 2092 789 2128 ὃ(
815 2091 861 2128 ad
886 2092 1095 2128 ludibrium
1124 2090 1343 2128 hominibus
1371 2102 1616 2144 exponantur,
1645 2102 1757 2142 quam
1779 2101 1832 2138 ut,
1860 2089 1958 2140 quar:¹

339 2141 379 2178 in
408 2141 540 2178 iisdem
570 2154 745 2194 corrupta
774 2144 859 2183 sunt
884 2148 921 2183 ὅ(
942 2145 1081 2192 vitiosa,
1112 2146 1351 2184 secernantur
1381 2159 1400 2183 a
1430 2146 1630 2184 salubribus
1657 2149 1693 2182 &
1721 2143 1957 2200 incorruptisss¹

339 2197 396 2234 At
409 2196 554 2248 optime
578 2198 791 2237 Solomon:
821 2201 1025 2253 quaerenti
1044 2199 1203 2252 derisbri
1217 2199 1440 2253 stientiam,
1471 2200 1552 2253 ipsa
1570 2201 1618 2254 se
1645 2198 1963 2266 alfivnditsstd

327 2249 560 2302 studiosofit
573 2249 740 2292 obviam.
798 2258 1026 2309 Quicunque
1042 2249 1148 2293 enirn
1177 2256 1221 2294 ad
1238 2256 1430 2294 scientiam
1452 2257 1600 2294 accedat
1629 2259 1761 2295 animo
1779 2252 1957 2295 irridendi

344 2309 381 2343 ὃς
411 2307 643 2359 aspernandi,
687 2311 855 2349 inveniet
886 2311 1137 2363 proculdubio
1165 2324 1259 2363 quae
1306 2313 1499 2350 cavilletur
1529 2313 1699 2362 plurima,
1744 2324 1786 2349 ex
1821 2308 1957 2363 quibus

346 2374 437 2399 vero
465 2362 615 2404 doctior
637 2363 711 2412 fiat,
755 2378 946 2418 perpauca.
1006 2368 1164 2414 Verum,
1207 2365 1378 2404 tra&ati0
1410 2367 1530 2414 hujus,
1572 2368 1618 2404 de
1647 2379 1726 2416 quo
1749 2367 1956 2418 loquimur,

348 2420 574 2466 argumenti,
616 2419 731 2468 gravis
760 2424 795 2458 ὅ(
817 2421 988 2471 prudens,
1030 2432 1141 2471 atque
1170 2434 1258 2460 cum
1281 2421 1495 2471 integritate
1524 2419 1957 2471 quadam&1incerit'are

349 2473 562 2519 conjuncta,
591 2473 688 2511 inter
716 2473 965 2514 munitissima
1001 2478 1149 2514 virtutis
1186 2490 1227 2514 ac
1269 2476 1463 2529 probitatis
1495 2478 1774 2529 propugnacula
1809 2476 1956 2516 videtur

349 2528 592 2565 numeranda.
652 2531 755 2567 Nam
778 2529 869 2570 sicut
899 2531 1065 2569 fabulose
1084 2531 1299 2582 perhibetur
1324 2532 1370 2568 de
1385 2528 1561 2584 bastlg'sbo,
1603 2531 1628 2568 fi
1657 2534 1798 2580 primus
1825 2530 1956 2580 quem*—

349 2578 447 2629 piam
472 2583 717 2634 conspexerit,
753 2585 856 2624 illico
884 2587 1084 2624 hominem
1113 2589 1291 2638 perimit3
1318 2584 1344 2622 si
1371 2589 1453 2634 quis
1483 2587 1592 2624 illum
1614 2587 1728 2636 prior,
1773 2585 1955 2638 basiliscus

350 2634 466 2684 perit:
497 2638 570 2687 pari
595 2641 753 2688 ratione,
795 2642 952 2689 fraudes,
994 2640 1225 2693 imposturae,
1267 2644 1303 2678 δε
1341 2643 1460 2679 malac
1486 2653 1590 2688 artes,
1626 2640 1651 2679 fi
1686 2644 1767 2691 quis
1782 2653 1840 2679 eas
1854 2638 1956 2694 prior

351 2689 544 2737 detexerit,
582 2696 745 2733 nocendi
783 2697 958 2734 facultate
994 2695 1209 2746 privantur3
1252 2700 1356 2745 quod
1394 2695 1417 2733 fi
1452 2696 1534 2734 illae
1569 2696 1837 2747 praevenerint,
1870 2708 1955 2735 tum

351 2757 455 2792 vcro,
485 2758 566 2783 non
589 2748 683 2795 alias,
713 2751 920 2802 periculum
955 2762 1090 2789 creant.
1147 2752 1207 2788 Est
1235 2754 1359 2800 itaque
1387 2753 1491 2801 quod
1523 2754 1656 2804 gratias
1685 2764 1836 2802 agamus
1864 2750 1954 2790 Ma-

350 2796 557 2846 chiavello,
602 2806 638 2840 ὃ(
667 2805 883 2851 hujusmodi
912 2807 1166 2858 scriptoribus,
1196 2806 1259 2855 qui
1286 2817 1412 2856 aperte
1441 2810 1476 2845 δε
1500 2804 1812 2845 indissimuiantcr
1833 2806 1954 2857 profe-

350 2866 453 2902 runt,
488 2857 578 2908 quid
605 2858 779 2898 homines
802 2861 922 2900 facere
946 2862 1101 2909 soleant,
1143 2875 1224 2900 non
1248 2863 1338 2911 quid
1367 2863 1538 2900 debeant.
1595 2861 1686 2899 Fieri
1714 2861 1815 2898 enim
1845 2863 1954 2899 nullo

351 2911 630 2963 modo'potest,
659 2925 698 2951 ut
713 2917 964 2966 conjungatur
988 2917 1195 2967 serpentina
1221 2919 1283 2955 illa
1312 2918 1510 2967 prudentia
1539 2930 1627 2954 cum
1652 2916 1869 2954 innocentia
1891 2929 1951 2954 co-

351 2965 532 3013 lumbina,
561 2966 627 3003 nili
648 2969 727 3016 quis
748 2973 837 3008 mali
858 2971 965 3022 ipsius
980 2983 1151 3010 naturam
1167 2975 1314 3025 penitus
1333 2973 1539 3022 pernoscat.
1594 2971 1747 3022 Absque
1764 2973 1836 3009 hoc
1849 2973 1953 3008 enim

350 3020 510 3058 deerunt
526 3021 651 3059 virtuti
681 3025 742 3061 lua
763 3025 937 3076 praesidia
970 3030 1006 3065 ὅ(
1030 3027 1279 3065 munimenta.
1338 3030 1435 3073 Imo,
1464 3040 1586 3075 neque
1608 3028 1688 3063 ullo
1708 3028 1829 3064 modo
1840 3023 1952 3078 posfit

354 3076 409 3114 vir
444 3077 566 3116 bonus
589 3078 626 3114 ὅ(
653 3079 794 3128 probus
813 3083 933 3120 malos
962 3084 999 3120 &
1028 3081 1223 3133 improbos
1251 3082 1437 3132 corrigere
1462 3085 1498 3119 ἃ
1527 3082 1738 3125 emendare,
1782 3080 1848 3119 nisi
1879 3080 1954 3130 ipsc

1854 3147 1951 3186 prius
