2040 3439
106 202 312 268 eap.1V.
354 184 458 249 'DE
509 200 1013 249 AUGMENTIS
1065 203 1675 256 SCIENTJARUM.
1792 214 1855 273 69

101 302 159 340 sus
185 299 307 351 itaque
336 300 541 350 partiemur
569 298 760 336 historiam
793 301 1015 349 naturalem,
1058 302 1099 339 in
1129 305 1355 341 nari-ativam
1385 306 1422 342 ὃς
1456 305 1711 346 induclivam:

102 359 209 395 Hanc
243 367 369 394 autem
402 354 649 406 posteriorem
684 356 782 391 inter
815 353 1015 394 desiderata
1049 359 1240 409 ponimus.
1298 361 1436 408 Neque
1470 373 1560 398 vero
1594 364 1712 400 aciem

103 413 241 449 mentis
268 410 420 454 alicuius
446 409 704 459 perstringant,
745 420 807 447 aut
835 423 971 461 magna
999 414 1244 461 antiquorum
1276 417 1445 462 nomina,
1484 427 1547 454 aut
1577 429 1712 460 maana

99 469 311 505 recentium
332 465 539 503 volumina.
598 466 691 502 Satis
712 466 814 502 enim
842 465 987 514 seimus,
1018 467 1144 505 haberi
1161 469 1354 507 historiam
1371 473 1580 508 naturalem
1607 461 1711 510 m'ole

98 525 275 572 amplam,
304 522 480 559 varietate
503 529 658 569 gratam,
688 519 884 569 diligentia
904 521 1043 572 saepius
1059 524 1254 560 curiosam.
1312 524 1497 563 Attamen
1520 525 1644 576 liquis
1667 541 1710 565 ex

101 590 142 614 ea
157 579 295 615 fabulas
311 579 347 615 &
363 573 623 625 antiquitatem
639 578 675 612 ὃς
691 576 888 613 aucs'torum
904 578 1116 625 citationes,
1137 581 1173 616 δε
1190 581 1317 616 inanes
1332 580 1610 629 controversias,
1630 583 1709 634 phi<

98 634 285 683 lologiam
308 632 471 679 denique
494 633 528 667 ὅ(
554 641 777 667 ornamenta
801 629 949 679 eximat,
982 632 1090 681 (quae
1114 634 1159 670 ad
1194 633 1405 672 convivales
1427 636 1620 675 sermones
1643 638 1708 675 ho—

98 689 324 736 minumque
351 687 553 723 dostorum
581 686 722 732 nones,
761 687 887 734 potius
915 700 1028 735 quam
1058 689 1103 725 ad
1133 690 1399 726 instituendam
1426 691 1708 742 philosophiam

82 741 171 781 ‘fint
192 741 504 788 accommodata,)
536 741 579 777 ad
605 742 659 777 nil
675 743 805 790 magni
826 754 880 778 res
904 742 1057 779 recidet.
1114 745 1248 793 Longe
1267 755 1393 781 autem
1415 747 1586 794 profee'to
1611 748 1707 785 abest

98 799 145 836 ab
168 811 209 836 ea
235 797 392 842 historia,
422 807 534 844 quam
559 798 690 833 animo
707 797 898 833 metimur.
955 798 1084 834 Primo
1100 800 1203 835 enim
1229 797 1482 837 desiderantur
1506 802 1599 838 duae
1624 804 1709 840 illae

96 853 272 892 historiae
297 853 473 890 naturalis
499 861 629 903 partes,
670 851 729 898 (de
750 850 883 900 quibus
911 851 1031 889 modo
1055 853 1230 897 diximus)
1258 859 1710 905 praetergenerationum

101 910 302 954 &ai-tium,
334 909 373 944 in
392 907 527 955 quibus
551 919 621 944 nos
635 907 843 958 plurimum
863 908 1063 957 ponimus:
1095 909 1245 945 Deinde
1266 908 1304 945 in
1321 908 1427 946 tertia
1450 912 1514 947 illa
1532 912 1639 962 (quae
1656 926 1709 950 re-

97 965 201 1013 liqua
225 963 286 1012 est)
313 972 414 1014 parte
438 963 615 1011 generali,
643 963 827 998 nimirum
851 962 898 998 de
923 964 1242 1011 generationibus,
1271 966 1339 1000 uni
1363 974 1511 1002 tantum
1537 979 1578 1003 ex
1604 967 1710 1015 quin-

97 1031 171 1068 que
194 1019 357 1070 partibus
373 1018 449 1062 ejus
476 1017 659 1053 satisfacit.
718 1016 914 1065 Siquidem
938 1016 1109 1055 historiae
1124 1020 1414 1068 generationum
1433 1020 1709 1060 constituuntur

95 1084 218 1126 partes
241 1073 502 1120 subordinatae
525 1073 715 1122 quinque:
752 1073 878 1108 Prima
901 1071 1118 1111 coelestium
1142 1086 1237 1122 quae
1260 1074 1523 1123 phaenomena
1544 1076 1618 1126 ipsa
1641 1076 1707 1115 sin<

95 1142 178 1167 cera
193 1128 457 1181 comple-{titur
472 1137 582 1175 atque
598 1126 758 1176 separata
779 1139 797 1164 a
812 1127 1054 1176 dogmatibus
1069 1143 1076 1165 :
1108 1130 1278 1166 Secunda
1294 1139 1557 1168 meteororum
1580 1132 1708 1178 (annu-

92 1184 280 1223 merando
294 1185 409 1221 etiam
433 1185 611 1229 cometas)
644 1185 680 1219 ὅ(
702 1184 916 1231 regionum,
946 1195 1035 1231 quas
1058 1196 1208 1230 vocant,
1240 1186 1352 1221 aeris:
1383 1186 1520 1234 Neque
1536 1186 1637 1224 enim
1661 1190 1709 1225 de

93 1239 267 1287 cometis,
295 1239 474 1275 mercoris
498 1239 638 1287 ignitiS‚
667 1239 799 1288 ventis,
836 1238 983 1286 pluviis,
1013 1237 1303 1290 tempestatibus,
1333 1242 1370 1277 &
1390 1241 1542 1290 reliquis
1565 1244 1708 1280 inveni-

91 1293 154 1332 'tut
168 1297 292 1343 aliqua
315 1292 476 1340 historia,
505 1305 600 1341 quae
620 1291 730 1330 ullius
754 1291 795 1329 fit
818 1293 942 1344 pretii.
998 1295 1128 1332 Tertia
1151 1305 1269 1332 terrae
1291 1297 1327 1332 ὅ(
1351 1297 1476 1343 maris,
1507 1295 1707 1346 (quatenus

93 1350 179 1388 sunt
194 1347 354 1387 universi
369 1358 487 1398 partes
503 1348 715 1397 integrales)
733 1348 940 1395 montium,
962 1347 1178 1396 fluminum,
1208 1348 1383 1396 aestuum,
1404 1363 1613 1399 arenarum,
1636 1353 1701 1402 syl-

55 1422 57 1424 ·
91 1417 235 1452 varum,
272 1403 490 1449 insularum,
528 1404 692 1451 denique
716 1402 855 1452 figurae
881 1400 989 1451 ipfius
1013 1403 1295 1442 continentium
1320 1417 1433 1456 prout
1463 1410 1707 1458 exporrigun-

91 1471 175 1501 tur3
195 1461 234 1496 in
251 1459 307 1496 his
319 1459 510 1504 omnibus,
530 1460 656 1507 potius
672 1459 852 1494 naturalia
865 1459 1095 1505 inquirendo
1112 1462 1148 1496 ὅς
1165 1459 1411 1506 observando,
1432 1473 1544 1509 quam
1557 1463 1705 1500 cosmo-

91 1514 276 1567 graphica.
318 1515 478 1565 Quarto,
498 1513 544 1551 de
558 1508 682 1549 maffis
697 1514 852 1549 materia
865 1514 1147 1561 communibus,
1168 1527 1257 1563 quas
1270 1515 1431 1565 collegia
1446 1517 1588 1561 majora
1601 1530 1707 1555 voca—

91 1583 188 1618 mus,
206 1570 334 1619 (vulgo
347 1570 534 1606 elementa
547 1568 724 1605 dicuntur
735 1568 759 1615 5)
778 1580 901 1616 neque
912 1569 1016 1605 enim
1028 1568 1075 1606 de
1087 1567 1185 1618 igne,
1201 1571 1295 1616 aere,
1311 1581 1416 1618 aqua,
1431 1580 1540 1617 terra,
1557 1584 1708 1610 eorum—

91 1638 165 1674 que
179 1625 330 1670 naturis‚
352 1624 533 1670 motibus,
550 1623 737 1675 operibu8‚
759 1620 1079 1675 impressionibus,
1100 1625 1333 1662 narrationes
1345 1627 1597 1676 reperiuntur,
1613 1640 1708 1676 quae

91 1692 228 1731 corpus
244 1679 396 1728 aliquod
413 1677 581 1716 historiae
595 1676 730 1725 justum
745 1676 984 1716 constituant.
1033 1679 1178 1730 Quinta
1194 1683 1230 1717 ὅ(
1246 1678 1389 1727 ultima,
1410 1680 1457 1717 de
1473 1682 1707 1720 collcclioni-

92 1736 160 1774 bus
172 1733 345 1773 materiae
359 1732 551 1782 exquisitis,
572 1746 698 1782 quaea
711 1734 820 1770 nobis
832 1735 991 1784 collegia
1005 1735 1169 1782 minora,
1189 1736 1300 1784 vulga
1312 1734 1449 1785 species
1461 1738 1708 1786 appellantur.

89 1793 136 1829 In
158 1791 227 1829 hac
240 1800 365 1828 autem
390 1789 571 1839 postrema
586 1788 662 1826 sola
686 1789 859 1827 industria
875 1789 1103 1838 scriptorum
1119 1792 1278 1831 enituit3
1309 1792 1359 1827 ita
1375 1800 1504 1828 tamen
1526 1803 1565 1829 ut
1581 1795 1708 1844 potius

90 1847 275 1884 luxuriata
289 1843 330 1882 fit
346 1846 386 1881 in
402 1843 606 1897 superfluis,
639 1843 826 1891 (iconibus
841 1843 1074 1892 animalium,
1094 1856 1157 1882 aut
1171 1847 1386 1896 plantarum
1402 1848 1438 1883 ὅ(
1452 1845 1632 1885 similibus
1647 1851 1704 1885 in-

89 1900 313 1949 tumescens)
340 1901 452 1949 quam
474 1898 599 1937 solidis
623 1901 659 1936 &
675 1898 920 1948 diligentibus
945 1899 1268 1939 observationibus
1289 1902 1416 1947 ditata,
1447 1914 1541 1949 quae
1564 1903 1705 1952 ubique

91 1958 134 1994 in
155 1957 301 1994 historia
325 1956 483 1992 naturali
501 1954 666 1992 subneffi
688 1954 851 1991 debeant
908 1954 1038 2003 Atque
1060 1966 1100 1993 ut
1116 1957 1233 1993 verbo
1255 1957 1390 2002 dicam,
1421 1959 1560 2004 omnis,
1589 1970 1704 2006 quam

91 2012 283 2059 habemus,
311 2011 490 2048 naturalis
505 2009 662 2057 historia,
691 2020 768 2046 tam
784 2008 1023 2059 inquisitione
1040 2013 1112 2057 sua,
1142 2024 1256 2059 quam
1277 2013 1467 2060 congerie,
1496 2013 1605 2049 nullo
1621 2025 1703 2050 mo·

88 2068 142 2104 do
164 2069 205 2104 in
222 2067 355 2104 ordine
379 2065 424 2102 ad
442 2077 529 2102 eum
551 2076 666 2114 quem
685 2065 848 2102 diximus
868 2065 984 2102 finem
1011 2066 1245 2112 (condendae
1266 2065 1402 2103 seilicet
1426 2067 1700 2117 philosophiae)

89 2129 211 2172 aptata
226 2121 285 2159 est.
341 2122 467 2173 Qare
483 2118 674 2158 historiam
689 2121 919 2160 induElivam
935 2119 1130 2158 desiderari
1146 2119 1451 2173 pronunciamus.
1510 2122 1640 2172 Atque
1654 2123 1702 2160 dc

87 2176 248 2216 naturali
263 2175 411 2214 historia
427 2175 613 2213 hastenus.

714 2361 756 2405 C
791 2360 837 2404 A
873 2359 922 2405 P.
985 2357 1064 2406 IV.

87 2506 271 2549 Partitio
291 2505 473 2560 historiae
496 2504 647 2554 civilis,
684 2505 725 2545 in
745 2502 1042 2557 ecclesiasticam,
1073 2502 1304 2552 literariam,
1336 2499 1384 2546 dy
1407 2500 1522 2557 (quae
1535 2503 1695 2557 generis

135 2575 270 2603 nomen
297 2565 456 2613 retinet)
487 2560 669 2601 civilem:
707 2557 879 2615 quodque
904 2558 1063 2612 historia
1093 2559 1275 2599 literaria
1301 2556 1551 2609 defideretur:
1588 2556 1696 2612 Ejus

135 2617 391 2671 conficiendae
402 2625 627 2672 praecepta.

207 2728 510 2768 ISTORIAM
535 2729 686 2766 civilem
707 2727 747 2766 in
762 2737 837 2765 tres
860 2725 997 2778 species
1013 2726 1109 2765 reste
1129 2725 1245 2764 dividi
1263 2736 1456 2777 putamus:
1484 2724 1618 2763 Primo
1642 2725 1694 2762 sa-

228 2797 342 2833 cram,
363 2783 434 2822 five
450 2782 744 2822 ecclesiasticam:
760 2783 897 2821 deinde
910 2795 991 2821 eam
1008 2794 1102 2831 quae
1117 2782 1263 2831 generis
1275 2793 1422 2820 nomen
1437 2779 1586 2827 retinet,
1608 2778 1693 2817 civi-

81 2842 159 2878 lem
171 2849 183 2879 ε4
217 2840 412 2878 Postremo
431 2841 627 2877 literarum
647 2842 683 2877 ὃς
702 2840 854 2876 artium.
911 2837 1118 2876 Ordiemur
1139 2846 1266 2875 autem
1286 2836 1332 2874 ab
1351 2848 1394 2873 ea
1414 2835 1546 2888 specie,
1576 2847 1691 2884 quam

79 2896 269 2946 postremo
292 2895 497 2945 posuimus,
535 2896 622 2943 quia
645 2892 808 2944 reliquae
832 2893 926 2930 duae
947 2893 1154 2933 habentur3
1192 2892 1296 2929 illam
1322 2902 1449 2929 autem
1477 2890 1578 2928 inter
1601 2887 1690 2927 deli<

78 2951 206 2988 derata
229 2951 365 2988 referre
391 2949 510 2988 visum
539 2950 598 2987 est.
654 2950 707 2986 Ea
734 2949 782 2986 est
811 2946 961 2985 historia
989 2949 1206 2986 literarum:
1246 2946 1377 2996 Atque
1407 2956 1508 2984 certe
1538 2944 1688 2982 historia

79 3003 216 3043 mundi
235 3003 261 3041 fi
280 3005 347 3042 hac
370 3016 473 3057 parte
492 3004 605 3042 fuerit
628 3003 808 3050 destituta,
839 3015 920 3040 non
944 3001 1119 3041 absimilis
1135 3001 1276 3040 censeri
1289 2998 1403 3054 poffit
1427 3002 1559 3039 statuae
1577 3000 1685 3045 Poly-

80 3060 221 3110 phemi,
249 3070 358 3099 eruto
378 3061 518 3099 ocu10;
547 3072 634 3099 cum
655 3071 696 3098 ea
718 3071 800 3111 pars
815 3057 986 3108 imaginis
1009 3056 1111 3105 desit,
1141 3071 1233 3108 quae
1250 3059 1449 3107 ingenium
1465 3059 1501 3094 ὅ(
1516 3053 1689 3111 indolem

1565 3114 1687 3157 perlo-
