2040 3439
445 202 1027 251 DISTRIBUTIO
1095 203 1409 253 OPERIS.

88 305 224 343 Homo
239 303 343 341 enim
363 310 515 340 naturae
538 300 701 339 minister
721 304 756 339 ὃς
773 304 957 352 interpres
973 314 1122 341 tantum
1136 304 1224 342 facit
1244 307 1282 343 δ(
1297 305 1487 356 intelligit,
1517 320 1701 358 quantum

89 361 323 397 de-naturae
351 358 499 405 ordine,
528 369 642 406 opere
672 358 730 395 vel
764 368 907 404 mente,
937 358 1211 397 observaverit:
1243 373 1313 398 nec
1341 364 1501 413 amplius
1530 364 1608 412 scit,
1637 380 1700 405 aut

87 413 217 464 potest.
271 414 413 462 Neque
438 412 544 449 enim
569 413 666 450 ullae
685 413 781 448 vires
809 412 1002 450 causarum
1023 422 1193 451 catenam
1217 414 1359 453 solvere
1383 428 1445 455 aut
1467 419 1700 471 perfringere

89 464 231 519 poffint
254 481 262 504 :
291 479 413 517 neque
428 477 560 504 natura
579 467 685 503 aliter
701 478 814 514 quam
836 468 1004 516 parendo
1018 469 1192 507 vincitur.
1248 471 1376 520 Itaque
1391 473 1625 512 intentiones
1638 490 1700 526 gc—

89 525 216 572 minae
242 523 340 569 illae,
370 522 555 560 humanae
583 521 723 558 scilicet
744 520 915 559 scientiae
939 525 975 560 δ(
1006 526 1210 575 potentiae,
1248 538 1332 564 vere
1360 529 1399 564 in
1428 529 1531 566 idem
1559 533 1699 570 coinci-

89 579 184 616 dunt
202 592 210 614 :
240 579 277 615 &
292 577 478 615 frustrat-io
494 588 654 626 operum
675 577 842 614 maxime
857 577 899 614 fit
915 589 958 614 ex
974 579 1216 627 ignoratione
1237 581 1441 620 causarum.

139 632 178 669 A
189 643 317 683 TQUE
340 633 381 669 in
400 643 448 669 eo
462 631 547 669 sunt
563 632 705 678 omnia,
735 629 845 680 siquis
865 633 998 670 oculos
1013 636 1152 671 mentis
1173 647 1192 672 a
1207 635 1315 673 rebus
1333 635 1415 688 ipsis
1427 650 1622 688 nunquam
1637 642 1698 679 de-

86 688 229 736 jiciens,
257 698 386 724 earum
416 687 598 736 imagines
621 687 730 736 plane
756 696 797 723 ut
821 685 918 734 sunt,
947 686 1114 737 eXCIpiat.
1173 691 1310 738 Neque
1339 693 1443 728 enim
1473 693 1546 731 hoc
1574 693 1697 735 siverit

86 744 201 795 DeUS,
231 752 272 780 ut
297 739 503 792 phantasiae
535 739 681 779 nostrae
705 740 897 779 somnium
923 754 994 792 pro
1022 745 1223 792 exemplari
1251 746 1386 783 mundi
1415 748 1596 786 edamus:
1635 751 1696 789 sed

84 792 223 848 potius'
239 797 403 845 benigne
431 795 562 842 faveat,
599 806 641 834 ut
665 795 926 848 apocalypsim,
965 809 1005 834 ac
1029 810 1156 835 veram
1185 797 1366 837 visionem
1392 802 1632 852 vestigiorum
1658 810 1696 845 ὃς

84 850 291 902 sigillorum
309 851 503 888 Creatoris
518 851 624 903 super
640 861 835 897 creaturas,
864 851 1075 889 scribamus.
1227 885 1230 887 .

138 907 215 944 ITA
226 918 321 958 QUE
346 916 388 943 tu
408 907 528 953 Pater,
558 907 623 955 qui
647 907 772 943 lucem
800 903 984 943 visibilem
1002 908 1187 956 primitias
1209 918 1395 946 creaturae
1412 911 1552 959 dedisti,
1583 915 1620 951 ὃ(
1643 916 1695 953 lu-

84 973 168 998 cem
189 961 480 998 intellectualem
503 961 550 998 ad
570 959 756 1010 fastigium
783 972 942 1012 operum
966 972 1120 999 tuorum
1146 964 1187 999 in
1210 963 1345 1001 faciem
1360 964 1528 1003 hominis
1544 967 1693 1018 inspira-

83 1015 148 1063 sti3
177 1027 271 1066 opus
294 1015 378 1062 hoc,
408 1016 511 1064 quod
537 1028 557 1052 a
580 1026 643 1053 tua
664 1016 836 1052 bonitate
856 1016 1078 1067 profestum,
1106 1027 1211 1055 tuam
1225 1019 1387 1067 gloriam
1412 1023 1559 1072 repetit,
1590 1034 1695 1062 tuere

83 1073 122 1108 δε
149 1083 248 1120 rege.
304 1072 377 1117 Tu,
409 1069 604 1120 postquam
630 1069 830 1107 conversus
860 1082 898 1107 cs
921 1071 967 1108 ad
990 1071 1231 1121 speetandum
1260 1082 1373 1125 opera
1400 1088 1494 1124 quae
1524 1077 1694 1118 fecerunt

82 1137 215 1163 manus
240 1136 336 1171 tuae,
366 1125 481 1163 vidisti
497 1126 600 1174 quod
616 1127 747 1162 omnia
761 1125 875 1162 ess'ent
891 1126 991 1164 bona
1006 1127 1134 1168 valde;
1165 1130 1201 1165 &
1217 1129 1436 1177 requievisti.
1493 1131 1549 1169 At
1571 1133 1694 1172 homo

83 1180 283 1218 conversus
300 1180 344 1217 ad
360 1193 473 1232 opera
493 1193 586 1229 quae
601 1180 771 1217 fecerunt
794 1192 926 1218 manus
943 1181 1036 1228 suae,
1065 1182 1158 1219 vidit
1174 1184 1274 1231 quod
1294 1187 1425 1222 onmia
1451 1186 1564 1224 essent
1594 1191 1694 1226 vani-

83 1244 137 1272 tas
155 1237 192 1273 &
215 1237 362 1273 vexatio
383 1236 550 1286 spiritus;
578 1247 649 1272 nec
664 1236 746 1272 ullo
769 1236 889 1272 modo
919 1235 1110 1284 requievit.
1168 1240 1292 1290 Quare
1311 1237 1335 1275 si
1356 1242 1396 1277 in
1412 1242 1588 1289 operibus
1620 1247 1693 1281 tuis

84 1289 308 1337 sudabimus,
337 1290 448 1327 facies
472 1302 544 1327 nos
567 1288 717 1328 visionis
737 1299 820 1327 tuae
847 1293 883 1328 δε
907 1291 1044 1328 sabbati
1069 1293 1123 1328 tui
1146 1295 1354 1344 participes.
1415 1297 1602 1347 Supplices
1633 1311 1693 1348 pc-

27 1360 29 1364 ’
84 1346 212 1392 timus,
250 1355 291 1382 ut
320 1345 409 1382 hacc
434 1357 541 1382 mens
566 1345 677 1382 nobis
700 1344 841 1382 constet
864 1359 871 1382 :
909 1357 1024 1394 utque
1054 1348 1160 1384 novis
1184 1348 1433 1397 eleemosynis
1465 1363 1530 1400 per
1558 1363 1691 1391 manus

84 1398 224 1439 nostras
248 1402 285 1437 δε
308 1401 484 1448 aliorum,
512 1400 646 1452 quibus
675 1399 834 1436 eandem
862 1411 1033 1438 mentem
1060 1402 1240 1450 largieris,
1275 1402 1455 1442 familiam
1485 1405 1689 1446 humanam
1733 1433 1740 1437 -

85 1454 254 1492 dotatam
269 1455 370 1494 velis.

1360 2727 1682 2776 GUILIEL—

872 2729 899 2770 λδ,

135 2730 243 2771 VoL.
274 2730 300 2767 Ι.
804 2730 841 2777 C

1780 230 1842 274 19
