2040 3439
60 204 171 269 Cap.
204 204 258 249 ΙΙ.
355 205 448 249 DE
484 203 922 250 AUGMENTIS
958 204 1488 251 SCIENTIARUM.

61 302 263 352 aliquando
291 302 427 349 subito,
457 302 661 350 aliquando
696 302 761 340 diu
788 312 874 340 ante
900 301 1119 352 praevisum,
1156 300 1352 350 contingit.
1410 301 1526 354 Quod
1558 299 1583 338 fi
1607 302 1665 339 ad-

61 361 235 408 jungatur
256 358 369 394 etiam
402 357 611 409 prudentia,
641 356 716 394 hoc
729 357 788 404 est,
818 367 858 394 ut
874 356 970 394 cauti
993 355 1074 403 sint,
1104 359 1142 394 &
1160 356 1206 394 ad
1220 354 1413 406 propriam
1429 356 1666 394 incolumita<

61 421 137 452 tem
170 411 359 461 evigilent,
389 422 472 449 tum
500 411 575 448 hoc
601 413 803 458 lucrantur,
830 422 873 450 ut
906 414 1012 449 ruina
1040 423 1174 449 eorum
1204 410 1327 448 subito
1350 412 1526 448 obveniat
1545 423 1588 448 ex
1603 424 1665 448 oc-

61 467 168 506 cultis
201 469 365 504 omnino
395 469 430 503 &
460 466 624 504 obscuris
648 465 822 514 confiliis,
851 468 984 516 quibus
1000 469 1034 503 ὅ(
1064 465 1220 504 evitetur
1244 465 1394 511 invidia,
1419 468 1456 503 &
1481 468 1663 517 pernicies

61 522 156 573 ipsos
185 522 382 571 imparatos
410 520 606 558 adoriatur.
663 522 780 574 Quod
801 534 893 559 vero
917 522 961 559 ad
982 522 1075 558 illud
1104 520 1278 567 nimium,
1305 522 1408 571 quod
1432 520 1470 558 in
1493 521 1665 572 parabola

64 579 230 627 ponitur,
262 576 583 627 (quandoquidem
613 589 695 613 non
724 578 915 613 Periandri
943 577 1109 623 alicujus,
1138 576 1200 613 sed
1216 577 1436 613 Solomonis
1455 576 1566 612 verba
1580 575 1666 613 sunt

57 631 143 673 istu
176 633 242 680 qui
262 632 359 668 mala
389 632 429 667 in
449 631 654 669 hominum
682 633 757 669 vita
780 630 917 683 saepius
939 641 1060 677 notat,
1090 642 1286 679 nunquam
1314 629 1503 682 praecipit)
1531 630 1667 667 intelli-

59 686 227 738 gendum
256 687 315 733 est,
345 698 426 722 non
455 686 501 723 de
529 687 666 724 virtute
696 686 781 738 ipsa,
812 686 864 733 (in
894 699 966 735 qua
998 684 1160 723 nimium
1189 697 1271 722 non
1299 686 1373 732 est,)
1408 685 1469 722 sed
1499 686 1545 722 de
1574 697 1666 722 vana

59 743 136 788 ejus
162 751 272 790 atque
309 739 491 778 invidiosa
526 740 763 778 affectatione
792 744 829 778 &
856 741 1115 778 ostentatione.-
1172 741 1304 777 Simile
1333 740 1511 789 quiddam
1541 741 1667 777 innuit

59 798 211 835 Tacitus
238 796 285 833 de
312 795 468 845 Lepido,
499 797 669 834 miraculi
702 797 791 833 loco
813 808 971 846 ponens,
1000 796 1103 844 quod
1127 806 1323 843 nunquam
1350 794 1486 831 servilis
1509 795 1665 839 alicujus

54 851 259 890 sententiae
288 851 425 888 author
450 849 580 898 fuiffet,
609 853 646 888 δί
661 861 788 888 tamen
816 861 895 888 tam
915 849 1025 887 saevis
1048 851 1282 898 temporibus
1306 850 1507 886 incolumis
1523 847 1666 885 maniis-

7 940 11 949 ,
58 906 137 944 fet:¹
162 903 275 943 Subit
306 903 465 957 (inquit)
486 906 683 958 cogitatio,
711 912 842 942 utrum
869 903 962 942 haec
974 902 1071 956 fato
1100 911 1296 955 regantur,
1325 915 1377 940 an
1404 903 1524 940 etiam
1539 900 1596 951 stt
1618 904 1661 940 in

58 957 395 1013 nostrapotestate‚
424 959 572 1011 curfimz
595 957 783 1014 quendam
803 967 943 1006 tenere,
973 959 1076 996 inter
1109 956 1276 1010 deforme
1298 955 1510 1010 obsequium
1534 953 1581 998 εἴ)
1596 955 1657 994 ab·

57 1014 209 1069 ruptsam
238 1015 527 1062 contumaciam,
557 1013 732 1062 medium,
753 1013 926 1066 periculo
944 1012 1065 1064 stmnl
1085 1009 1133 1056 (ᾤ’
1153 1011 1391 1065 indzgnitate
1419 1010 1614 1050 vacuum?

109 1067 256 1109 Par-ab.
281 1081 344 1121 32.
374 1072 447 1108 DA
468 1070 621 1120 sapienti
636 1068 882 1115 occasionem,
913 1072 949 1106 &
967 1069 1124 1106 addetur
1151 1070 1185 1105 ei
1217 1068 1404 1117 sapientia.

112 1122 219 1177 Exp.
249 1127 567 1163 DISTINGUIT
604 1126 774 1175 parabola
807 1124 903 1161 inter
939 1124 1156 1174 sapientiam
1184 1125 1300 1169 illam,
1330 1134 1423 1171 quae
1453 1123 1492 1158 in
1521 1134 1653 1159 verum

55 1180 224 1218 habitum
256 1180 450 1218 increverit
480 1183 515 1217 ὅ(
542 1183 775 1226 maturuerit,
807 1182 842 1216 ὅ(
870 1181 986 1226 illam,
1015 1191 1109 1228 quae
1137 1189 1238 1215 natat
1264 1188 1414 1215 tantum
1435 1175 1474 1213 in
1503 1178 1658 1214 cerebro

55 1238 94 1274 &
119 1245 316 1287 conceptu,
347 1246 409 1273 aut
431 1235 605 1272 sermone
629 1237 793 1282 jaCtatur,
823 1235 882 1271 sed
906 1234 1044 1270 radices
1059 1235 1146 1270 altas
1166 1246 1248 1269 non
1276 1234 1405 1281 egerit.
1462 1232 1656 1279 Siquidem

54 1292 168 1341 prior,
198 1291 323 1328 oblata
352 1288 555 1337 occafione,
585 1292 625 1327 in
663 1303 734 1338 qua
763 1299 982 1335 exerceatur,
1011 1288 1114 1325 illico
1143 1289 1332 1333 excitatur,
1361 1285 1576 1335 accingitur,
1606 1285 1659 1323 di-

56 1347 202 1392 latatur,
231 1346 327 1382 adeo
347 1356 388 1383 ut
408 1345 443 1382 se
464 1344 536 1395 ipsa
561 1346 681 1391 major
705 1345 896 1381 videatur:
927 1342 1110 1380 Posterior
1130 1355 1232 1388 vcro,
1262 1354 1355 1390 quae
1384 1351 1470 1378 ante
1499 1339 1657 1378 occasio-

58 1411 148 1437 nem
170 1399 296 1438 alacris
325 1410 415 1446 erat,
444 1398 636 1437 occasione
651 1400 746 1445 data,
775 1399 817 1435 fit
837 1398 995 1435 attonita
1024 1400 1060 1434 ὃ(
1090 1396 1255 1443 confusa,
1285 1407 1327 1433 ut
1355 1395 1465 1432 etiam
1489 1393 1564 1446 ipsi,
1590 1397 1656 1443 qui

56 1466 99 1492 ea
116 1454 152 1492 se
180 1456 391 1507 praeditum
420 1455 672 1501 arbitrabatur,
702 1453 741 1490 in
762 1454 920 1490 dubium
948 1462 1103 1490 vocetur
1118 1469 1132 1494 ‚-
1162 1463 1293 1488 annon
1313 1451 1591 1502 praeceptiones
1609 1451 1658 1487 de

57 1521 99 1547 ea
125 1509 265 1547 fuerint
286 1509 473 1546 insomnia
503 1522 616 1556 mera,
646 1512 683 1546 ὅ(
711 1510 978 1557 speculationes
992 1506 1129 1544 inanes.

98 1560 259 1602 '‘Parab.
279 1574 341 1614 33.
373 1565 471 1616 QUI
497 1564 621 1602 laudat
644 1565 809 1600 amicum
834 1575 926 1600 voce
946 1563 1030 1609 alta,
1060 1561 1246 1611 surgendo
1260 1570 1385 1607 mane,
1415 1561 1484 1597 etit
1500 1558 1554 1597 illi
1569 1561 1658 1597 loco

57 1617 338 1656 maledictionis.

74 1674 84 1687 ”
111 1673 212 1726 Exp.
242 1675 434 1711 LAUDEs
462 1673 677 1710 moderatae
714 1675 751 1710 ὅς
784 1672 1031 1722 tempestivae,
1060 1674 1097 1709 &
1124 1684 1189 1723 per
1217 1669 1453 1708 occasionem
1481 1672 1659 1720 prolatae,

58 1727 180 1774 famae
209 1729 412 1766 hominum
452 1738 564 1777 atquc
598 1731 710 1766 etiam
752 1728 1175 1777 fortunae.plurimum
1200 1725 1424 1767 conferunt3
1452 1737 1488 1763 at
1523 1728 1660 1763 immo-

57 1783 205 1820 deratae
235 1786 272 1820 ὃς
299 1782 488 1833 streperae,
518 1782 790 1835 &importune
823 1782 970 1828 effusae,
999 1781 1092 1819 nihil
1119 1783 1307 1831 prosunt3
1337 1782 1419 1817 imo
1451 1782 1589 1830 potiuS,
1617 1793 1660 1818 ex

60 1836 240 1876 sententia
263 1839 469 1887 parabolae,
500 1836 663 1888 impense
684 1847 836 1874 nocent.
890 1835 1020 1874 Primo
1048 1837 1153 1873 enim
1190 1835 1384 1873 manifesto
1417 1835 1451 1872 se
1470 1836 1659 1887 produnt,

60 1904 122 1930 aut
144 1905 186 1930 ex
207 1892 323 1929 nimia
339 1893 602 1930 benevolentia
617 1893 804 1939 oriundas,
833 1901 896 1928 aut
916 1903 959 1928 ex
978 1889 1191 1940 composito
1203 1890 1397 1936 affectatas,
1426 1903 1504 1941 quo
1523 1891 1660 1927 collau-

60 1948 190 1985 datum
219 1949 344 1997 potius
365 1946 457 1985 falsis
480 1949 687 1997 praeconiis
720 1948 994 1992 demereantur,
1023 1958 1136 1994 quam
1169 1947 1261 1983 veris
1287 1945 1474 1981 attributis
1507 1954 1657 1981 ornent.

62 2003 250 2050 Secundo,
278 2003 402 2039 laudes
431 2014 558 2054 parcae
579 2004 615 2039 ὅ(
636 2001 831 2049 modestae,
860 2000 1018 2038 invitant
1045 2001 1120 2037 fere
1144 2000 1363 2050 praesenteS,
1392 2009 1433 2036 ut
1448 1997 1529 2051 ipsis
1546 2001 1658 2036 etiam

60 2056 199 2105 aliquid
219 2058 418 2103 adjiciant3
447 2057 616 2107 profusae
639 2068 771 2094 contra
794 2059 830 2094 &
859 2055 1097 2102 immodicae,
1127 2065 1168 2093 ut
1197 2054 1338 2103 aliquid
1358 2054 1512 2091 demant
1539 2057 1576 2091 ὃς
1598 2054 1659 2090 de-

61 2112 219 2150 trahant.
276 2114 422 2158 Tertio,
454 2111 574 2162 (quod
595 2123 703 2162 caput
718 2113 771 2148 rei
791 2109 856 2160 est)
878 2110 1062 2148 conflatur
1078 2109 1131 2146 illi
1147 2110 1298 2154 invidia,
1328 2110 1393 2157 qui
1409 2108 1571 2146 nimium
1585 2110 1660 2145 lau·

61 2167 196 2208 datur3
223 2179 310 2204 cum
332 2168 457 2203 laudes
473 2179 605 2204 omnes
633 2166 782 2213 nimiae,
811 2166 1005 2205 videantur
1025 2165 1184 2215 spectate
1209 2164 1254 2201 ad.
1284 2163 1553 2201 contumeliam
1571 2162 1659 2200 alio-

62 2233 159 2267 rum,
188 2221 252 2271 qui
281 2230 362 2258 non
392 2224 518 2259 minus
547 2232 748 2258 merentur.

116 2274 264 2314 Parab.
284 2287 346 2327 34.
377 2277 626 2328 QUOMODO
655 2278 695 2313 in
714 2275 814 2327 aquis
829 2274 1062 2326 resplendent
1085 2274 1195 2311 facies
1216 2287 1226 2314 3
1256 2271 1303 2309 fic
1325 2274 1438 2310 corda
1456 2273 1660 2310 hominum

61 2332 251 2369 manifesta
279 2331 363 2368 sunt
391 2331 647 2380 prudentibus.

117 2384 223 2438 Exp.
253 2388 575 2423 DISTINGUIT
604 2386 776 2435 parabola
812 2386 910 2421 inter
929 2394 1076 2421 mentes
1111 2384 1350 2435 prudentium
1368 2385 1404 2419 &
1426 2392 1660 2420 caeterorum

63 2440 296 2482 hominum3
326 2442 405 2478 illas
433 2443 536 2489 aquis
570 2451 631 2477 aut
675 2438 827 2491 speculis
855 2450 1083 2490 comparans,
1113 2450 1205 2486 quae
1235 2438 1370 2489 species
1405 2439 1442 2475 &
1480 2436 1661 2486 imagines

62 2507 190 2534 rerum
223 2495 437 2545 recipiunt3
467 2508 554 2533 curn
581 2497 716 2532 alterae
744 2492 878 2531 ssmiles
907 2492 976 2530 fint
1005 2504 1135 2540 terrae,
1165 2503 1226 2530 aut
1255 2491 1365 2541 lapidi
1396 2493 1587 2541 impolito,
1618 2494 1659 2528 in

11 2563 17 2569 ·
64 2551 197 2599 quibus
216 2550 311 2588 nihil
341 2549 551 2589 reflectitur.
607 2550 736 2602 Atque
759 2561 807 2586 eo
829 2547 944 2598 magis
973 2558 1054 2600 apte
1074 2558 1311 2597 comparatur
1325 2548 1472 2584 animus
1494 2547 1660 2583 hominis

64 2606 254 2657 prudentis
270 2606 313 2642 ad
337 2605 525 2655 speculum
544 2623 557 2648 ,ς
589 2607 674 2656 quia
697 2606 737 2641 in
767 2603 916 2654 speculo
939 2602 1064 2652 imago
1092 2602 1237 2653 propria
1261 2601 1410 2651 spcc'tati
1432 2597 1556 2651 possit,
1586 2613 1661 2638 una

66 2671 152 2697 cum
180 2659 401 2710 imaginibus
420 2659 600 2701 aliorum3
629 2660 667 2696 id
683 2660 787 2707 quod
807 2660 927 2696 oculis
955 2656 1035 2707 ipsis
1063 2655 1137 2694 stne
1158 2657 1306 2710 speculo
1328 2668 1409 2693 non
1429 2654 1658 2693 conceditur.

66 2715 181 2766 Quod
206 2714 232 2752 fi
252 2717 399 2752 animus
420 2715 612 2764 prudentis
627 2715 722 2751 adeo
736 2726 845 2765 capax
860 2711 913 2760 fit,
943 2722 983 2750 ut
1012 2715 1207 2749 innumera
1235 2709 1384 2761 ingenia
1403 2713 1440 2748 &
1458 2722 1584 2747 mores
1594 2711 1660 2747 ob-

67 2768 203 2807 servare
224 2769 527 2807 &internoscere
552 2765 689 2818 poffit3
720 2768 886 2820 superest,
916 2778 956 2804 ut
977 2768 1086 2804 detur
1109 2778 1232 2818 opera,
1259 2778 1338 2815 quo
1371 2765 1546 2803 reddatur
1578 2777 1660 2802 non

68 2825 192 2861 miuus
215 2827 336 2863 vatius
361 2826 609 2876 applicatione
629 2836 741 2871 quam
756 2822 1091 2874 repraesentatione
1108 2836 1116 2858 :

324 2901 413 2955 Qti
427 2901 551 2955 sapit,
571 2901 782 2940 innumeris
802 2898 966 2939 moribus
993 2907 1108 2954 aptus
1129 2899 1215 2937 erit.

121 2984 296 3037 ATQJE
325 2986 379 3023 his
401 2987 622 3023 Solomonis
636 2984 832 3036 parabolis,
861 2983 999 3021 diutius
1019 2982 1167 3020 fortasse
1186 2981 1381 3023 immorati
1397 2985 1534 3032 sumus,
1557 2995 1671 3032 quam

70 3051 141 3092 pro
161 3041 279 3078 modo
299 3042 457 3093 exempli
474 3059 487 3084 ,-
517 3039 696 3090 dignitate
711 3041 748 3076 ὃς
767 3040 821 3075 rei
850 3037 959 3090 ipsius
979 3041 1015 3076 ὃ(
1045 3038 1214 3076 authoris
1240 3039 1391 3089 longius
1418 3040 1592 3091 provecti.

124 3096 237 3134 VoL.
267 3097 293 3134 Ι.
858 3095 883 3130 F
907 3094 928 3131 f
951 3105 972 3131 2
1495 3097 1672 3143 NEQUE

1748 212 1842 267 227
