2040 3439
71 226 280 293 CapJn.
316 227 415 274 DE
441 273 443 275 ,
465 225 966 274 AUGMENTIS
1011 225 1622 281 SCIENTIARUM.
1722 227 1817 298 ⁷149}

66 328 161 366 ‘dens
186 324 448 377 interrogatio,
483 323 583 374 quast
610 324 815 363 dimidium
839 325 1026 365 scientiae.
1081 327 1198 366 Recte
1222 325 1405 378 siquidem
1429 331 1550 380 Plato,
1586 321 1677 389 Qi

67 379 225 436 aliquid
228 424 229 427 Ἴ
248 381 415 435 quaerit,
452 377 498 418 id
512 379 646 432 ipfitm,
683 378 787 434 quod
809 377 976 433 q‘uaerit,
1006 380 1185 434 generali
1209 381 1376 436 quadam
1403 386 1557 425 notione
1580 399 1676 426 com-

58 432 299 490 prehendit.-
334 433 464 482 aliter,
501 435 568 488 qm'
583 431 679 485 fieri
697 436 837 487 potest,
875 442 922 474 ut
948 434 1058 484 illud,
1097 449 1183 475 cum
1195 436 1331 490 fuerit
1353 439 1572 490 inventum,
1610 456 1673 498 ag-

67 488 235 544 noscat?
270 491 417 530 Idcirco
437 502 516 539 quo
534 491 697 540 amplior
717 492 755 528 &
773 492 912 544 certior
933 491 1046 529 fuerit
1066 493 1286 545 anticipatio
1308 494 1453 538 nostra;
1490 510 1539 535 eo
1558 490 1677 550 magis

65 547 206 586 diresta
233 548 271 585 ὅ(
289 544 559 597 compendiosa
583 543 652 583 erit
677 544 923 596 investigatio.
978 546 1099 584 Iidem
1119 546 1232 597 igitur
1254 550 1309 586 illi
1336 551 1424 598 loci,
1461 554 1527 601 qui
1553 553 1597 590 ad
1622 550 1679 593 inss

66 603 237 640 tellectus
269 600 385 638 nostri
406 598 501 638 finus
529 601 628 637 intra
647 612 720 638 nos
734 599 986 650 excutiend0'8‚
1015 603 1052 640 ὅ(
1071 602 1285 652 congestam
1300 606 1379 643 illic
1398 604 1591 646 scientiam
1614 611 1677 649 de—

65 655 332 708 promendam,
368 655 597 702 conducent,
633 654 745 693 etiam
770 656 816 693 ad
839 656 1033 694 scientiam
1058 657 1282 697 extrinsecus
1306 659 1551 701 hauriendam
1576 665 1675 711 juva-

66 713 181 750 bunt:
218 713 269 748 ita
293 720 335 748 ut
354 708 380 747 fi
405 708 546 762 praesto
565 710 678 748 fuerit
701 711 784 759 quis
807 713 861 748 rei
883 719 1020 760 gnarus
1044 713 1082 749 ὅ(
1105 714 1257 763 peritus,
1297 718 1505 754 commode
1528 720 1565 756 &
1588 733 1672 770 pru-

65 767 200 805 denter
220 767 267 803 de
281 778 324 803 ea
344 764 570 814 interrogari
585 777 605 802 a
620 765 731 802 nobis
746 761 873 817 possit,
903 768 940 804 ὅ(
960 763 1127 803 similiter
1141 768 1328 816 authores,
1357 773 1394 807 ὃς
1409 770 1507 820 libri,
1538 775 1575 812 ὃ(
1593 788 1672 826 par-

62 832 118 860 tes
131 821 333 867 librorum,
354 821 419 870 qui
435 832 505 858 nos
520 819 567 857 de
581 821 636 867 iis,
664 831 759 872 quae
772 822 999 869 quaerimus,
1020 821 1203 859 edoceant
1219 825 1256 861 ὅ(
1272 824 1497 874 informent,
1528 831 1673 869 utiliter

63 876 181 927 deligi
200 878 238 914 ὅ(
257 877 392 914 evolvi.
542 924 544 927 7

62 942 65 945 ·
115 931 188 969 Ar
211 933 339 981 topica
352 930 595 982 particularis,
625 929 671 967 ad
690 941 744 977 ea,
773 942 868 979 quae
882 928 1053 977 dicimus,
1082 931 1199 981 longe
1218 931 1368 971 confert
1384 935 1514 985 magis,
1544 940 1581 976 ὃς
1600 952 1672 989 pro

62 998 105 1025 te
121 982 408 1025 fructuofiflima
423 985 592 1022 habenda
606 984 666 1022 est.
721 986 824 1023 Illius
843 995 944 1022 certe
959 986 1108 1023 mentio
1127 986 1218 1024 levis
1233 999 1253 1024 a
1273 991 1470 1028 nonnullis
1486 990 1670 1045 scriptori-

62 1042 131 1080 bus
157 1041 250 1079 fasta
285 1041 346 1088 est,
389 1040 450 1078 scd
484 1041 630 1090 integre
658 1042 695 1077 &
723 1052 793 1090 pro
825 1041 879 1077 rei
907 1038 1089 1089 dignitate
1121 1040 1280 1080 minime
1308 1045 1468 1083 tractata.
1525 1049 1671 1088 Verum

60 1095 212 1141 missum
225 1095 402 1134 facientes
422 1095 554 1133 vitium
576 1095 669 1132 illud
685 1097 721 1132 ὅ(
736 1095 879 1142 fastum,
908 1107 1002 1144 quae
1017 1094 1179 1133 nimium
1199 1097 1263 1136 diu
1284 1111 1488 1147 regnarunt
1504 1103 1545 1141 in
1566 1103 1670 1143 scho-

62 1149 130 1189 lis:
166 1149 354 1199 videlicet,
391 1161 433 1188 ut
460 1162 555 1199 quae
574 1150 715 1200 praesto
736 1149 819 1197 fint,
857 1149 1004 1187 infinita
1024 1150 1227 1189 subtilitate
1246 1153 1538 1204 persequantur3
1575 1172 1670 1208 quae

60 1207 178 1256 paulo
198 1208 408 1244 remotiora
428 1218 476 1243 ne
495 1206 682 1255 attingant
701 1205 880 1254 quidem:
910 1218 982 1242 nos
996 1205 1081 1243 sane
1102 1208 1266 1256 topicam
1287 1211 1561 1261 particularem,
1591 1226 1669 1253 tan—

59 1271 175 1310 quam
198 1270 281 1299 rem
295 1263 461 1312 apprime
483 1261 630 1306 utilem,
659 1261 942 1309 ampieffinmm
971 1260 1045 1298 hoc
1069 1260 1129 1308 cst,
1157 1263 1263 1299 locos
1286 1263 1539 1312 inquisitionis
1554 1271 1591 1307 ὅ(
1612 1273 1670 1309 in-

57 1314 250 1355 ventionis
267 1316 548 1368 particularibus
570 1314 738 1361 subjectis
761 1317 798 1353 δε
813 1314 971 1353 scientiis
996 1318 1268 1368 appropriatos.-
1323 1319 1383 1356 llli
1407 1322 1545 1371 autem,
1562 1312 1667 1365 'mir-

59 1380 166 1410 tnrae
190 1371 373 1421 quaedam
402 1370 488 1409 sunt
514 1383 557 1408 ex
581 1371 706 1420 logica
733 1373 771 1408 &
797 1372 952 1408 materia
977 1371 1050 1421 ipsa
1077 1370 1222 1421 propria
1246 1370 1474 1422 singularum
1499 1376 1667 1419 scientia-

58 1438 158 1469 rum.
211 1427 377 1473 ¹Futilcm
401 1427 503 1463 enim
520 1424 589 1462 effe
609 1426 763 1472 constat,
791 1427 829 1463 &
848 1424 989 1474 angusti
1013 1425 1203 1472 cujusdam
1226 1428 1356 1476 animi,
1387 1430 1450 1478 qui
1473 1429 1654 1474 existimer

57 1481 178 1519 artem
193 1480 241 1518 de
258 1480 421 1518 scientiis
436 1477 672 1518 inveniendis
686 1480 888 1532 perfeetam
904 1481 979 1525 jam
994 1492 1014 1517 a
1032 1481 1221 1533 principio
1234 1485 1434 1533 excogitari
1449 1488 1485 1523 ὅ(
1500 1468 1668 1539 proponi

25 1572 27 1574 .
57 1536 172 1586 posse,
206 1535 440 1584 eandamque
464 1534 586 1587 postea
608 1534 647 1571 in
662 1547 776 1584 opere
798 1536 892 1587 poni
908 1538 945 1573 ὃς
966 1537 1128 1573 exerceri
1142 1536 1290 1574 debere.
1346 1538 1402 1587 At
1422 1551 1527 1579 certo
1550 1535 1667 1584 sciant

59 1592 249 1637 homines,
289 1600 384 1628 artes
421 1589 637 1628 inveniendi
666 1589 875 1638 solidas&
903 1602 1005 1628 veras
1038 1590 1249 1629 adolescere
1280 1594 1317 1630 ὃς
1346 1592 1578 1635 incrementa
1611 1600 1666 1639 su-

53 1658 165 1684 mere
191 1657 281 1685 cum
306 1644 388 1697 ipsis
416 1646 600 1683 inventis:
639 1644 753 1682 Adeo
781 1649 822 1682 ut
847 1657 936 1682 cum
961 1642 1044 1694 quis
1067 1644 1234 1695 primum
1259 1648 1304 1684 ad
1330 1649 1666 1698 perscrutationem

56 1701 232 1740 scientiae
255 1699 406 1747 alicujus
425 1700 621 1747 access'crit,
650 1697 764 1752 possit
784 1699 920 1738 habere
939 1711 1132 1752 praccepta
1151 1701 1363 1741 inventivae
1386 1709 1572 1746 nonnulla
1596 1713 1667 1748 uti-

57 1757 134 1795 lia:
175 1756 369 1806 postquam
398 1765 524 1794 autem
553 1755 754 1807 ampliores
783 1756 823 1792 in
853 1754 928 1805 ipsa
956 1755 1105 1793 scientia
1132 1757 1341 1806 progreslits
1369 1759 1511 1810 fecerit,
1550 1763 1665 1813 possit

54 1812 171 1851 etiam
198 1813 234 1849 ὅ(
263 1811 394 1848 debeat
422 1823 520 1848 nova
548 1811 780 1848 inventionis
806 1821 999 1862 praecepta
1027 1812 1249 1861 excogitare,
1289 1825 1382 1862 quae
1409 1816 1455 1852 ad
1486 1819 1665 1859 ulteriora

53 1855 146 1905 &um
162 1867 306 1904 felicius
320 1866 519 1904 deducant.
576 1864 715 1903 Similis
730 1864 779 1902 est
794 1866 878 1902 sane
893 1865 984 1903 haec
1002 1878 1059 1903 res
1074 1868 1153 1904 viae
1169 1868 1285 1904 initae
1312 1869 1352 1905 in
1367 1870 1542 1921 planitie:
1570 1874 1664 1926 post-

56 1933 173 1971 quam
192 1923 297 1958 enim
322 1922 400 1958 viae
420 1931 563 1970 partem
584 1919 747 1969 aliquam
770 1920 951 1958 fuerimus
974 1919 1125 1968 emenss,
1154 1933 1237 1959 non
1260 1932 1408 1961 tantum
1432 1925 1507 1963 hoc
1530 1929 1663 1968 lucrati

55 1977 194 2024 sumus,
232 1987 273 2013 ut
296 1976 341 2012 ad
365 1978 507 2013 exitum
531 1977 675 2012 itineris
698 1977 852 2027 propius
875 1976 1148 2017 accesserImu83
1185 1989 1315 2015 verum
1335 1980 1448 2016 etiam
1469 1992 1521 2028 ut,
1560 1987 1665 2032 qnod

54 2031 161 2068 restat
184 2032 275 2078 viae,
306 2032 438 2069 clarius
461 2029 749 2082 prospiciamus:
778 2031 925 2068 Eodem
941 2031 1074 2077 modo,
1102 2032 1143 2068 in
1164 2030 1336 2079 scientiis,
1364 2035 1497 2082 gradus
1520 2030 1674 2077 itineris>

56 2086 225 2135 quisque,
253 2098 307 2132 ea,
335 2098 465 2134 quaea
485 2096 594 2135 tergo
609 2086 773 2135 reliquit,
803 2087 1084 2135 praetervectus,
1113 2086 1226 2123 ctiam
1243 2088 1317 2134 illa,
1348 2101 1441 2137 quae
1457 2090 1662 2142 supersunt,

49 2144 210 2192 propius
235 2140 298 2178 dat
324 2142 365 2178 in
391 2140 643 2190 conspectum.
699 2142 818 2187 Hujus
834 2142 951 2179 autin
968 2139 1113 2193 'topicae
1128 2143 1356 2192 exemplum,
1385 2148 1567 2195 quoniam
1580 2158 1664 2187 cam·

53 2198 156 2235 inter
170 2193 370 2233 desiderata
386 2197 621 2246 reponimus,
650 2195 876 2246 subjungere
891 2194 1009 2234 visum
1025 2195 1083 2234 est.

165 2263 308 2330 Topica
318 2274 596 2329 particularis,
611 2273 702 2328 five
715 2275 878 2316 articuli
897 2274 1157 2330 inquffltionis
1171 2274 1218 2315 de
1232 2278 1359 2329 gravi
1375 2274 1422 2320 ὠ
1437 2276 1532 2317 levi.

111 2356 145 2397 ἰ.
168 2361 221 2396 IN
232 2369 507 2410 QUIRATUR,
529 2356 653 2406 qualia
668 2356 737 2396 sint
752 2370 924 2408 corpora,
944 2370 1038 2407 quae
1054 2368 1180 2396 motus
1192 2359 1379 2406 gravitatis
1396 2359 1478 2397 sunt
1493 2359 1662 2411 suscepti-

54 2415 168 2455 bilia3
197 2411 330 2463 qualia,
360 2424 455 2461 quae
469 2414 640 2459 levitatis,
669 2415 705 2451 &
720 2411 745 2450 fi
765 2425 860 2462 quae
874 2411 944 2451 sint
963 2414 1121 2460 mediae,
1152 2411 1222 2450 five
1246 2412 1464 2462 adiaphorae
1484 2421 1663 2454 naturae?

111 2481 146 2508 2.
165 2471 252 2507 Pos
264 2480 287 2505 T
305 2466 586 2517 inquisitionem
601 2468 648 2505 de
659 2469 838 2518 gravitate
851 2470 887 2506 ὃς
902 2469 1050 2506 levitate
1065 2466 1281 2518 simplicem,
1310 2470 1531 2519 procedatur
1546 2472 1589 2508 ad
1606 2474 1661 2509 in-

53 2522 295 2574 quifitionem
315 2534 590 2572 comparatam3
620 2535 714 2572 quae
730 2525 914 2562 nimirum
938 2535 981 2561 cx
996 2525 1164 2574 gravibus
1186 2524 1279 2574 pluS,
1310 2535 1403 2571 quae
1420 2526 1546 2563 minus
1568 2538 1663 2576 pon-

42 2580 187 2628 ⁴‚tierent
202 2579 239 2616 in
255 2579 393 2616 eodem
408 2578 602 2616 dimenso?
632 2580 770 2624 Etiam,
798 2591 892 2627 quae
907 2591 949 2616 ex
969 2579 1111 2618 levibus
1125 2576 1278 2615 celerius
1293 2577 1459 2616 ferantur
1473 2578 1511 2617 in
1528 2582 1658 2629 altum,

47 2640 150 2684 vquae
163 2635 305 2672 tardius
319 2636 330 2669 ἓ
1337 2681 1352 2685 ,.

113 2690 149 2740 3.
171 2691 450 2740 INQUIRATUR
462 2687 509 2725 de
524 2701 584 2736 eo,
600 2688 689 2736 quid
703 2685 816 2740 possit
830 2690 867 2726 δε
882 2689 1056 2740 operetur
1068 2698 1251 2737 quantum
1264 2689 1431 2738 corporis
1444 2689 1488 2726 ad
1505 2701 1657 2729 motum

55 2746 263 2794 gravitatis?
300 2744 422 2792 Atqui
446 2744 613 2781 videatur
629 2744 703 2781 hoc
725 2745 853 2793 primo
873 2744 1017 2793 aspceht
1041 2741 1138 2791 quasi
1166 2742 1452 2792 supervacunnn
1489 2747 1575 2793 quia
1603 2759 1655 2783 ra-

40 2801 179 2848 tiones
193 2809 320 2836 motus
333 2799 492 2836 debeant
506 2798 606 2846 sequi
623 2800 786 2835 rationes
799 2800 940 2847 quanti.
987 2799 1058 2835 Sed
1071 2810 1127 2835 res
1137 2796 1243 2834 aliter
1256 2796 1290 2835 se
1306 2798 1435 2835 habet:
1456 2801 1558 2838 Nam
1573 2799 1660 2839 licet.

56 2855 97 2892 in
114 2855 278 2892 lancibus
294 2856 480 2902 quantitas
499 2855 717 2903 gravitatem
732 2855 903 2904 eorporis
925 2850 1031 2902 ipsius
1046 2852 1286 2904 compensem
1317 2852 1472 2903 (viribus
1487 2859 1656 2905 corporis

50 2909 226 2958 -undique
239 2909 461 2946 coeuntibus
486 2920 548 2958 per
566 2903 895 2956 rcpcrcussionem,
925 2906 996 2945 {ive
1011 2905 1244 2945 resistentiam
1269 2909 1432 2946 lancium
1448 2911 1506 2947 vel
1527 2910 1655 2953 trabis)

58 2973 185 3000 tamen
209 2965 272 3001 ubi
298 2975 406 3012 parva
432 2964 540 3000 datur
562 2961 770 3007 resistentia,
811 2963 939 3008 (veluti
962 2964 1003 3000 in
1032 2962 1162 3000 decasu
1185 2974 1389 3012 corporum
1415 2976 1479 3013 per
1499 2965 1653 3013 aere-nr)

58 3029 241 3066 quantum
257 3020 426 3067 corporis
442 3030 571 3067 parum
587 3019 680 3055 valet
695 3017 741 3053 ad
758 3019 1019 3054 incitationem
1034 3016 1244 3059 descenfus;
1272 3029 1360 3057 cum
1375 3018 1508 3068 viginti
1522 3020 1655 3069 pondo

60 3074 205 3124 plumbi
220 3073 367 3112 &libra
389 3086 473 3120 una,
502 3073 638 3111 eodem
654 3072 731 3110 fere
750 3072 867 3123 spatio
881 3072 1025 3110 cadant.

1395 3139 1431 3176 4.
1455 3128 1496 3164 IN
1507 3139 1657 3177 Quum—
