2040 3439
71 206 243 257 Lib.11.
315 210 413 255 DE
463 206 952 256 AUGMENTIS
1006 209 1613 258 SCIENTIARUM.

69 305 309 357 proferantur
338 305 610 342 &inventioni
640 304 735 342 nibil
766 304 1022 354 relinquatur3
1060 315 1124 343 aut
1151 308 1262 355 plane
1290 310 1597 357 extemporariac,
1637 320 1678 348 ut

68 373 267 413 perparum
291 361 522 408 relinquatur
542 361 771 396 memoriae:
804 361 903 405 (cum
929 362 967 397 in
989 361 1064 398 vita
1086 361 1286 398 communi
1311 364 1347 399 ὃ(
1367 365 1480 412 praxi,
1513 377 1611 402 rarus
1632 364 1675 402 sit

67 418 280 455 alterutrius
302 416 455 452 istorum
480 413 562 452 usus
584 413 746 461 seorsim,
778 414 836 451 sed
854 417 979 464 potius
1001 417 1163 454 mixtura
1187 416 1378 466 ipsorum3
1419 419 1455 456 id
1480 419 1540 465 est,
1570 431 1675 458 nota—

67 484 154 510 rum
181 469 250 509 sive
279 471 658 515 commentariorum,
698 481 808 518 atquc
838 471 1015 507 diei-ionis
1045 470 1201 521 subitae)
1231 474 1282 509 ita
1310 483 1351 510 ut
1377 473 1451 510 hoc
1479 475 1588 525 pacto
1617 487 1674 512 ex-

68 528 197 565 ercitia
224 526 269 563 ad
302 527 443 575 praxim
473 524 572 561 haud
604 521 674 561 sint
703 526 1002 572 accommodata,
1045 538 1117 563 uec
1148 528 1276 577 imago
1307 527 1528 578 respondeat
1562 532 1670 568 vitae.

66 582 165 621 Illud
194 592 318 619 autem
347 581 387 617 in
417 578 595 616 exercitiis
627 590 810 630 perpetuo
840 581 1049 618 tenendum
1078 581 1153 623 est3
1195 593 1237 619 ut
1270 586 1401 620 omnia
1437 584 1564 633 (quam
1595 585 1675 622 fieri

67 638 198 688 potest)
227 637 389 674 maxime
418 635 694 685 repraesentent
722 647 775 681 ea,
813 648 907 684 quae
932 634 970 672 in
999 638 1075 674 vita
1104 639 1163 686 agi
1192 636 1336 675 solent:
1377 640 1519 688 alioqui
1548 651 1677 678 motus

68 696 106 731 ὅς
129 692 321 730 facultates
350 692 488 727 mentis
507 699 722 739 pervertent
753 703 834 727 non
862 691 1142 740 praeparabunt.
1198 694 1318 734 Huius
1349 704 1475 731 autem
1499 697 1551 732 rei
1583 699 1675 733 veri-

66 758 121 786 tas
143 759 224 785 non
244 746 400 784 obscure
424 743 600 791 cernitur,
638 756 725 782 cum
750 746 951 783 academici
976 746 1021 782 ad
1045 748 1188 795 praxim
1213 747 1361 785 suarum
1384 747 1676 800 professionum,

67 803 126 841 vel
155 803 224 840 alia
257 799 374 839 civilis
403 802 498 838 vitae
528 798 657 837 munia
691 799 726 837 se
756 803 977 850 accingant:
1023 801 1127 849 quod
1158 814 1245 839 cum
1275 803 1429 850 faciunt,
1473 804 1586 845 hunc,
1629 807 1677 843 de

67 870 146 907 quo
171 855 375 905 loquimur,
404 855 604 901 defectum,
634 853 699 904 ipsi
721 857 761 892 in
778 855 813 892 se
833 858 911 892 cito
927 855 1226 906 deprehendunt,
1256 857 1318 894 sed
1334 860 1442 895 citius
1466 861 1677 898 etiamnum

66 914 142 950 alii.
199 913 405 950 Caeterum
428 911 523 947 hanc
539 920 694 959 partem,
726 911 772 947 de
797 909 1051 947 institutorum
1073 912 1375 950 academicorum
1393 914 1675 961 emendatione,

68 967 227 1006 clausula
249 968 313 1004 illa
333 966 390 1014 (ex
416 964 582 1003 Caesaris
606 966 765 1014 quadam
789 965 833 1002 ad
859 967 1028 1015 Oppium
1054 968 1090 1003 δε
1110 967 1269 1004 Balbum
1291 968 1441 1019 epistola
1465 969 1672 1019 desumpta)

68 1023 317 1061 concludam:
357 1018 448 1059 Hoc
476 1018 788 1073 quemadmodum
801 1017 898 1070 fieri
929 1017 1057 1072 postis,
1098 1020 1281 1060 nonnulla
1309 1020 1406 1060 mihi
1435 1023 1477 1061 in
1509 1032 1675 1062 mentem

69 1078 249 1125 veniunt,
279 1073 326 1120 ἔγ
347 1073 471 1114 multa
485 1075 645 1128 reperiri
650 1070 808 1128 poffzmt
822 1089 832 1112 .·
860 1073 902 1112 de
917 1075 970 1113 iis
989 1073 1099 1113 rebus
1115 1088 1202 1129 rogo
1223 1089 1308 1125 vos,
1338 1084 1383 1115 ut
1399 1079 1674 1131 cogitationem

62 1131 305 1186 sitsbipiatis.

118 1189 290 1226 ALTER
310 1187 485 1233 defectus,
517 1198 631 1236 quem
653 1186 825 1233 observo,
854 1187 963 1224 altius
988 1187 1101 1237 paulo
1117 1200 1229 1236 quam
1253 1189 1477 1240 praecedens
1498 1189 1674 1228 aseendit.

66 1244 403 1297 Quemadmodum
427 1244 530 1279 enirn
551 1241 806 1278 dostrinarum
832 1238 1054 1291 progrcffiQ
1084 1242 1182 1280 haud
1206 1255 1336 1292 parum
1357 1246 1394 1281 in
1419 1246 1597 1294 prudenti
1622 1260 1676 1284 re-

65 1301 211 1349 gimine
247 1301 284 1336 δε
309 1297 544 1335 institutione
570 1297 843 1334 academiarum
871 1295 1097 1345 singularum
1127 1297 1313 1338 confisum
1363 1301 1414 1336 ita
1439 1312 1595 1350 magnus
1629 1304 1673 1338 ad

66 1354 142 1392 hoc
168 1354 340 1391 cumulus
359 1353 535 1390 accedere
556 1347 682 1404 possit,
720 1350 744 1388 si
769 1352 978 1389 academiae
1006 1353 1209 1400 universae,
1246 1366 1311 1403 per
1339 1364 1461 1391 totam
1483 1357 1676 1405 Europam

66 1409 217 1459 sparsae,
258 1409 459 1446 arffiorem
487 1407 800 1449 eonjunaioncm
830 1410 866 1444 δε
900 1403 1210 1445 necessitudinem
1243 1410 1522 1447 contraherent.
1580 1413 1676 1449 Sunt

67 1466 186 1511 enim,
223 1466 278 1502 uti
304 1464 486 1508 videmus,
524 1462 636 1498 multi
667 1460 816 1498 ordines
837 1464 872 1499 ὃ(
897 1461 1080 1509 sodalitia,
1119 1474 1214 1510 quae
1236 1465 1323 1499 licet
1348 1465 1471 1513 regnis
1492 1467 1526 1502 ὃ(
1552 1465 1675 1514 spatiis

65 1518 286 1569 longinquis
308 1517 489 1563 disjuncta
515 1515 596 1563 sint,
632 1527 759 1553 tamen
784 1516 1001 1554 societatem
1025 1519 1062 1554 ὅ(
1086 1526 1266 1565 tanquam
1283 1518 1556 1556 fraternitatem
1578 1523 1677 1558 inter

68 1574 104 1612 sc
132 1577 265 1612 ineunt
292 1576 328 1611 ὅ(
349 1575 502 1612 colunt;
539 1572 634 1608 adeo
663 1579 704 1609 ut
729 1571 890 1609 habeant
915 1571 1119 1621 praefectos
1145 1572 1253 1619 (alios
1281 1575 1543 1622 provinciales,
1583 1578 1678 1613 alios

66 1630 283 1679 generales)
323 1627 456 1677 quibus
482 1639 617 1664 omnes
641 1637 785 1678 parent.
842 1629 890 1665 Et
912 1637 1026 1674 certe,
1063 1628 1392 1676 quemadmodum
1422 1640 1553 1666 natura
1578 1642 1678 1669 creat

66 1684 338 1722 fraternitatem
363 1686 402 1720 in
426 1683 589 1729 familiis,
627 1692 722 1719 artes
749 1682 986 1720 mechanicae
1010 1683 1239 1720 contrahunt
1262 1684 1534 1722 fraternitatem
1558 1687 1598 1723 in
1624 1686 1679 1723 so-

66 1739 224 1781 dalitiis;
252 1738 381 1778 unfflo
398 1737 523 1776 divina
539 1736 790 1787 superinducit
805 1737 1080 1776 fraternitatem
1095 1740 1136 1775 in
1151 1736 1300 1787 regibus
1317 1741 1352 1776 ὃ(
1368 1739 1566 1791 epil'copis5
1591 1753 1679 1780 vota

67 1798 106 1834 &
133 1795 282 1845 regulae
309 1795 516 1832 conciliant
544 1792 815 1830 fraternitatem
842 1794 882 1830 in
909 1793 1129 1831 ordinibus:
1174 1794 1311 1830 eodem
1338 1796 1459 1832 modo
1491 1796 1569 1832 fieri
1596 1809 1680 1835 non

67 1849 198 1900 potest,
235 1851 329 1902 quin
349 1848 555 1886 intercedat
579 1846 788 1885 fraternitas
811 1848 958 1886 illustris
979 1851 1015 1886 ὃ(
1035 1849 1227 1899 generosa,
1266 1850 1365 1887 inter
1388 1850 1575 1897 homines,
1612 1865 1680 1904 per

68 1906 258 1944 dostrinas
301 1908 338 1943 ὃς
371 1904 684 1951 illuminationes,
728 1903 1039 1953 quandoquidem
1081 1905 1185 1942 Deus
1223 1905 1299 1954 ipse
1338 1907 1446 1943 Pater
1487 1907 1679 1945 luminum

68 1971 319 2013 nuncupetur.

123 2017 390 2054 POSTREMO
410 2014 504 2053 illud
533 2027 670 2064 queror
701 2012 763 2065 (dc
784 2027 863 2064 quo
886 2015 1050 2068 superius
1073 2015 1254 2053 nonnihil
1278 2013 1459 2065 praemisi)
1487 2017 1589 2068 quod
1620 2018 1679 2056 vel

69 2083 277 2121 nunquam,
305 2073 365 2110 vel
386 2083 472 2108 raro
496 2071 718 2117 admodum,
747 2072 895 2122 publica
919 2070 1040 2120 aliqua
1055 2073 1220 2108 extiterit
1235 2070 1443 2120 designatio
1463 2065 1632 2110 vitorum
1653 2075 1681 2110 i-

69 2127 298 2174 doneorum,
336 2128 401 2176 qui
425 2127 484 2162 vel
510 2124 711 2163 scriberent
736 2127 794 2164 vel
818 2124 1105 2175 inquisitionem
1128 2126 1374 2174 instituerent,
1404 2127 1449 2163 de
1472 2125 1543 2163 illis
1567 2127 1680 2164 scien-

69 2184 207 2220 tiarum
227 2182 404 2231 partibus,
433 2179 470 2217 in
486 2182 620 2231 quibus
641 2181 724 2218 satis
741 2181 860 2219 adhue
884 2195 964 2219 non
981 2182 1092 2219 fucrit
1114 2182 1360 2219 elaboratum.
1419 2181 1492 2219 Cui
1514 2184 1566 2218 rei
1587 2181 1680 2220 illud

68 2237 243 2276 inserviet
267 2248 380 2285 quam
401 2238 575 2282 maxime,
604 2234 628 2272 si
648 2246 827 2284 tanquam
848 2237 1000 2274 lustrum
1021 2236 1205 2274 condatur
1225 2237 1506 2277 doch'inarum3
1537 2239 1572 2274 &
1596 2250 1681 2275 cen-

70 2293 128 2331 sus
151 2293 364 2342 excipiatur,
402 2303 496 2339 quae
525 2303 567 2327 ex
592 2291 664 2327 illis
689 2291 895 2343 locupletes
920 2289 988 2328 sint
1015 2294 1051 2328 &
1079 2291 1263 2334 maiorem
1292 2292 1333 2327 in
1357 2292 1518 2328 modum
1543 2293 1681 2340 anetae,

69 2360 164 2400 quae
185 2358 311 2385 autem
335 2348 468 2397 inopes
484 2348 520 2383 ὃς
539 2344 742 2383 destitutae.
800 2347 949 2397 Opinio
972 2347 1076 2383 enim
1097 2343 1237 2397 copiae,
1266 2347 1366 2383 inter
1387 2347 1507 2383 causas
1531 2345 1681 2399 inopiae

69 2402 143 2444 est3
186 2412 297 2451 atque
325 2401 536 2438 multitudo
570 2401 758 2437 librorum
788 2402 954 2438 luxuriae
988 2403 1113 2450 potius
1143 2413 1256 2448 quam
1289 2403 1465 2450 penuriae
1494 2403 1679 2440 indicium

71 2458 262 2507 quoddam
285 2468 372 2509 prae
393 2456 429 2493 se
452 2456 535 2493 fert.
592 2457 698 2507 Qiae
722 2466 850 2493 tamen
866 2456 1112 2493 redundantia
1138 2454 1176 2502 (fi
1196 2454 1276 2503 quis
1299 2456 1396 2492 recte
1412 2457 1564 2508 judicet)
1591 2470 1680 2496 neu-

71 2515 217 2563 tiquam
244 2512 414 2550 delendis
441 2510 600 2548 antehac
626 2509 767 2559 scriptis
795 2512 911 2557 libris,
950 2511 1011 2548 sed
1037 2512 1148 2548 novis
1171 2510 1391 2548 melioribus
1412 2512 1566 2549 edendis
1591 2506 1692 2551 tolli'

71 2569 195 2615 debet,
223 2569 289 2617 qui
303 2567 380 2614 cius
400 2568 547 2616 generis
561 2563 643 2613 sint,
673 2576 726 2613 ut,
756 2576 935 2616 tanquam
946 2565 1107 2619 strpens
1122 2562 1250 2614 llffosig
1269 2564 1472 2617 sementes
1486 2578 1680 2620 magorum

71 2625 271 2662 devorent.

126 2679 325 2725 H'ORUM,
367 2689 463 2726 quos
497 2675 809 2724 enumeravimus,
853 2678 1033 2715 omnium
1063 2676 1277 2714 defectuum
1312 2677 1489 2724 remedia,
1532 2688 1678 2727 praeter

72 2733 172 2771 illius
196 2733 385 2783 postremi,
422 2733 514 2781 quin
539 2734 651 2769 etiam
675 2731 841 2777 ejusdem
866 2731 1056 2782 postremi,
1093 2732 1216 2780 quoad
1241 2741 1384 2781 partem
1408 2734 1485 2775 ejus
1510 2734 1679 2780 aciivam,

71 2799 165 2835 quae
186 2788 319 2840 speetat
339 2788 384 2824 ad
408 2785 703 2836 designationem
733 2787 990 2833 scribentium,
1029 2799 1140 2836 opera
1162 2786 1246 2824 sunt
1269 2798 1355 2824 vere
1375 2785 1540 2825 basilica:
1583 2790 1681 2838 Erga

72 2854 177 2893 quac,
216 2844 348 2894 privati
369 2843 522 2886 alicujus
547 2852 702 2880 conatus
726 2845 762 2879 ὃ(
789 2841 976 2882 industria,
1005 2841 1090 2878 'fere
1113 2839 1160 2878 fic
1183 2841 1219 2878 sc
1243 2841 1374 2879 habeat
1401 2853 1443 2880 ut
1469 2843 1680 2882 Mercurius

73 2899 114 2934 in
140 2899 267 2935 bivio:
296 2898 362 2946 qui
382 2899 543 2946 digitum
560 2897 679 2946 potest
697 2899 738 2934 in
754 2899 854 2936 viam
880 2897 1087 2943 intendere,
1117 2896 1251 2946 pedem
1277 2897 1416 2934 inferre
1443 2910 1523 2935 non
1549 2900 1677 2947 potest.

73 2952 130 2989 At
146 2952 365 3002 speculativa
388 2953 451 2989 illa
465 2964 559 3004 parS,
588 2964 681 3001 quae
696 2952 742 2989 ad
768 2964 923 2989 examen
939 2950 1195 2988 alosti-inarum
1218 2952 1323 3000 (quid
1348 2953 1532 2990 nimirum
1550 2956 1588 2990 in
1615 2952 1680 2989 sm-

75 3008 170 3056 gulis
198 3004 434 3055 desideretur)
465 3008 641 3058 pertinet,
683 3009 797 3044 etiam
828 3004 1022 3043 industriae
1052 3005 1218 3043 hominis
1247 3008 1379 3056 privati
1409 3018 1520 3057 patet.
1579 3008 1679 3044 Mihi

75 3060 188 3111 igitur
201 3059 240 3099 in
256 3063 386 3099 animo
401 3060 460 3105 cst,
489 3061 852 3112 perambulationem
868 3062 1126 3100 dodi-inarum
1142 3064 1177 3099 &
1193 3062 1450 3100 lustrationem
1466 3063 1681 3112 generalem

1643 3119 1680 3154 ὃς

1755 215 1816 277 63
