<?xml version="1.0" encoding="UTF-8"?>
<!DOCTYPE html PUBLIC "-//W3C//DTD XHTML 1.0 Transitional//EN"
    "http://www.w3.org/TR/xhtml1/DTD/xhtml1-transitional.dtd">
<html xmlns="http://www.w3.org/1999/xhtml" xml:lang="en" lang="en">
 <head>
  <title>
</title>
<meta http-equiv="Content-Type" content="text/html;charset=utf-8" />
  <meta name='ocr-system' content='tesseract 3.04.00' />
  <meta name='ocr-capabilities' content='ocr_page ocr_carea ocr_par ocr_line ocrx_word'/>
</head>
<body>
  <div class='ocr_page' id='page_1' title='image "./worksoffrancisb01baco_0148.png"; bbox 0 0 2040 3439; ppageno 0'>
   <div class='ocr_carea' id='block_1_1' title="bbox 205 269 264 329">
    <p class='ocr_par' dir='ltr' id='par_1_1' title="bbox 205 269 264 329">
     <span class='ocr_line' id='line_1_1' title="bbox 205 269 264 329; baseline 0 -15"><span class='ocrx_word' id='word_1_1' title='bbox 205 269 264 329; x_wconf 85' lang='lat'>38</span> 
     </span>
    </p>
   </div>
   <div class='ocr_carea' id='block_1_2' title="bbox 436 221 1930 308">
    <p class='ocr_par' dir='ltr' id='par_1_2' title="bbox 436 221 1930 308">
     <span class='ocr_line' id='line_1_2' title="bbox 436 221 1930 308; baseline -0.005 1"><span class='ocrx_word' id='word_1_2' title='bbox 436 234 533 308; x_wconf 83' lang='lat' dir='ltr'>DE</span> <span class='ocrx_word' id='word_1_3' title='bbox 587 226 1081 307; x_wconf 69' lang='lat' dir='ltr'>AUGMENTIS</span> <span class='ocrx_word' id='word_1_4' title='bbox 1131 253 1727 302; x_wconf 86' lang='lat' dir='ltr'>SCIENTIARUM.</span> <span class='ocrx_word' id='word_1_5' title='bbox 1786 221 1930 302; x_wconf 58' lang='lat' dir='ltr'>Lim.</span> 
     </span>
    </p>
   </div>
   <div class='ocr_carea' id='block_1_3' title="bbox 340 345 1969 3042">
    <p class='ocr_par' dir='ltr' id='par_1_3' title="bbox 340 345 1945 844">
     <span class='ocr_line' id='line_1_3' title="bbox 342 345 1937 403; baseline -0.002 -9"><span class='ocrx_word' id='word_1_6' title='bbox 342 351 543 394; x_wconf 84' lang='lat' dir='ltr'><em>Hecubam</em></span> <span class='ocrx_word' id='word_1_7' title='bbox 564 353 607 400; x_wconf 81' lang='lat' dir='ltr'>in</span> <span class='ocrx_word' id='word_1_8' title='bbox 621 348 834 399; x_wconf 81' lang='lat' dir='ltr'><em>Helenam,</em></span> <span class='ocrx_word' id='word_1_9' title='bbox 860 347 1084 403; x_wconf 54' lang='lat' dir='ltr'>Faustinam</span> <span class='ocrx_word' id='word_1_10' title='bbox 1103 348 1145 387; x_wconf 87' lang='lat' dir='ltr'>in</span> <span class='ocrx_word' id='word_1_11' title='bbox 1168 347 1409 397; x_wconf 64' lang='lat' dir='ltr'>Lucretiam,</span> <span class='ocrx_word' id='word_1_12' title='bbox 1441 350 1497 397; x_wconf 88' lang='lat' dir='ltr'>(ut</span> <span class='ocrx_word' id='word_1_13' title='bbox 1519 345 1569 389; x_wconf 79' lang='lat' dir='ltr'>ait</span> <span class='ocrx_word' id='word_1_14' title='bbox 1587 351 1800 400; x_wconf 75' lang='lat' dir='ltr'>Du-bartas)</span> <span class='ocrx_word' id='word_1_15' title='bbox 1825 354 1937 393; x_wconf 73' lang='lat' dir='ltr'>tranf-</span> 
     </span>
     <span class='ocr_line' id='line_1_4' title="bbox 340 401 1939 457; baseline -0.001 -8"><span class='ocrx_word' id='word_1_16' title='bbox 340 411 558 450; x_wconf 80' lang='lat' dir='ltr'>formantes.</span> <span class='ocrx_word' id='word_1_17' title='bbox 614 401 751 456; x_wconf 82' lang='lat' dir='ltr'>Neque</span> <span class='ocrx_word' id='word_1_18' title='bbox 775 418 866 445; x_wconf 84' lang='lat' dir='ltr'>vero</span> <span class='ocrx_word' id='word_1_19' title='bbox 881 404 992 443; x_wconf 82' lang='lat' dir='ltr'>nimis</span> <span class='ocrx_word' id='word_1_20' title='bbox 1011 404 1125 442; x_wconf 89' lang='lat' dir='ltr'>laudo</span> <span class='ocrx_word' id='word_1_21' title='bbox 1139 416 1288 443; x_wconf 85' lang='lat' dir='ltr'>morem</span> <span class='ocrx_word' id='word_1_22' title='bbox 1313 406 1423 443; x_wconf 87' lang='lat' dir='ltr'>illum</span> <span class='ocrx_word' id='word_1_23' title='bbox 1443 417 1648 455; x_wconf 88' lang='lat' dir='ltr'>receptum,</span> <span class='ocrx_word' id='word_1_24' title='bbox 1678 406 1794 444; x_wconf 85' lang='lat' dir='ltr'>libros</span> <span class='ocrx_word' id='word_1_25' title='bbox 1816 420 1939 457; x_wconf 77' lang='lat' dir='ltr'>patro—</span> 
     </span>
     <span class='ocr_line' id='line_1_5' title="bbox 342 459 1939 514; baseline -0.002 -11"><span class='ocrx_word' id='word_1_26' title='bbox 342 467 401 504; x_wconf 88' lang='lat' dir='ltr'>nis</span> <span class='ocrx_word' id='word_1_27' title='bbox 424 461 677 514; x_wconf 82' lang='lat' dir='ltr'>nuneupandi‚</span> <span class='ocrx_word' id='word_1_28' title='bbox 705 472 794 498; x_wconf 92' lang='lat' dir='ltr'>cum</span> <span class='ocrx_word' id='word_1_29' title='bbox 817 461 914 507; x_wconf 86' lang='lat' dir='ltr'>libri,</span> <span class='ocrx_word' id='word_1_30' title='bbox 943 459 1157 510; x_wconf 86' lang='lat' dir='ltr'>praesertim</span> <span class='ocrx_word' id='word_1_31' title='bbox 1181 461 1247 508; x_wconf 87' lang='lat' dir='ltr'>qui</span> <span class='ocrx_word' id='word_1_32' title='bbox 1262 460 1336 497; x_wconf 90' lang='lat' dir='ltr'>hoc</span> <span class='ocrx_word' id='word_1_33' title='bbox 1355 461 1514 497; x_wconf 89' lang='lat' dir='ltr'>nomine</span> <span class='ocrx_word' id='word_1_34' title='bbox 1529 461 1721 510; x_wconf 82' lang='lat' dir='ltr'>dignandi,</span> <span class='ocrx_word' id='word_1_35' title='bbox 1751 461 1789 499; x_wconf 91' lang='lat' dir='ltr'>iu</span> <span class='ocrx_word' id='word_1_36' title='bbox 1810 463 1939 509; x_wconf 81' lang='lat' dir='ltr'>verita-</span> 
     </span>
     <span class='ocr_line' id='line_1_6' title="bbox 342 510 1941 565; baseline -0.001 -7"><span class='ocrx_word' id='word_1_37' title='bbox 342 522 392 558; x_wconf 91' lang='lat' dir='ltr'>tis</span> <span class='ocrx_word' id='word_1_38' title='bbox 413 528 560 558; x_wconf 87' lang='lat' dir='ltr'>tantum</span> <span class='ocrx_word' id='word_1_39' title='bbox 581 518 618 554; x_wconf 63' lang='grc' dir='ltr'>ἃ</span> <span class='ocrx_word' id='word_1_40' title='bbox 641 516 796 553; x_wconf 85' lang='lat' dir='ltr'>rationis</span> <span class='ocrx_word' id='word_1_41' title='bbox 815 516 1030 552; x_wconf 81' lang='lat' dir='ltr'>clientelam</span> <span class='ocrx_word' id='word_1_42' title='bbox 1050 514 1086 552; x_wconf 87' lang='lat' dir='ltr'>se</span> <span class='ocrx_word' id='word_1_43' title='bbox 1101 513 1187 551; x_wconf 85' lang='lat' dir='ltr'>darc</span> <span class='ocrx_word' id='word_1_44' title='bbox 1207 510 1377 553; x_wconf 77' lang='lat' dir='ltr'>d‘c‘beant.</span> <span class='ocrx_word' id='word_1_45' title='bbox 1434 515 1575 553; x_wconf 90' lang='lat' dir='ltr'>Melius</span> <span class='ocrx_word' id='word_1_46' title='bbox 1594 525 1749 563; x_wconf 83' lang='lat' dir='ltr'>veteres,</span> <span class='ocrx_word' id='word_1_47' title='bbox 1778 516 1840 565; x_wconf 86' lang='lat' dir='ltr'>qui</span> <span class='ocrx_word' id='word_1_48' title='bbox 1861 531 1941 563; x_wconf 80' lang='lat' dir='ltr'>uon</span> 
     </span>
     <span class='ocr_line' id='line_1_7' title="bbox 344 568 1942 622; baseline -0.001 -10"><span class='ocrx_word' id='word_1_49' title='bbox 344 576 424 613; x_wconf 87' lang='lat' dir='ltr'>aliis</span> <span class='ocrx_word' id='word_1_50' title='bbox 448 583 561 622; x_wconf 88' lang='lat' dir='ltr'>quam</span> <span class='ocrx_word' id='word_1_51' title='bbox 586 572 714 608; x_wconf 86' lang='lat' dir='ltr'>amicis</span> <span class='ocrx_word' id='word_1_52' title='bbox 733 581 844 618; x_wconf 88' lang='lat' dir='ltr'>atque</span> <span class='ocrx_word' id='word_1_53' title='bbox 867 569 1094 619; x_wconf 83' lang='lat' dir='ltr'>aequalibus,</span> <span class='ocrx_word' id='word_1_54' title='bbox 1130 568 1262 619; x_wconf 78' lang='lat' dir='ltr'>scripta</span> <span class='ocrx_word' id='word_1_55' title='bbox 1281 569 1343 608; x_wconf 86' lang='lat' dir='ltr'>sua</span> <span class='ocrx_word' id='word_1_56' title='bbox 1371 570 1494 607; x_wconf 81' lang='lat' dir='ltr'>dicare</span> <span class='ocrx_word' id='word_1_57' title='bbox 1519 570 1700 618; x_wconf 79' lang='lat' dir='ltr'>solebant,</span> <span class='ocrx_word' id='word_1_58' title='bbox 1736 583 1798 609; x_wconf 82' lang='lat' dir='ltr'>aut</span> <span class='ocrx_word' id='word_1_59' title='bbox 1827 575 1942 613; x_wconf 77' lang='lat' dir='ltr'>etiam</span> 
     </span>
     <span class='ocr_line' id='line_1_8' title="bbox 345 623 1944 677; baseline -0.001 -10"><span class='ocrx_word' id='word_1_60' title='bbox 345 627 500 667; x_wconf 88' lang='lat' dir='ltr'>nomina</span> <span class='ocrx_word' id='word_1_61' title='bbox 515 625 700 673; x_wconf 76' lang='lat' dir='ltr'>ejusmodi</span> <span class='ocrx_word' id='word_1_62' title='bbox 721 624 930 671; x_wconf 85' lang='lat' dir='ltr'>amicorum</span> <span class='ocrx_word' id='word_1_63' title='bbox 945 625 1158 662; x_wconf 66' lang='lat' dir='ltr'>tractatibus</span> <span class='ocrx_word' id='word_1_64' title='bbox 1179 623 1250 662; x_wconf 87' lang='lat' dir='ltr'>suis</span> <span class='ocrx_word' id='word_1_65' title='bbox 1264 625 1481 677; x_wconf 87' lang='lat' dir='ltr'>imponere:</span> <span class='ocrx_word' id='word_1_66' title='bbox 1512 625 1615 674; x_wconf 88' lang='lat' dir='ltr'>quod</span> <span class='ocrx_word' id='word_1_67' title='bbox 1630 623 1655 662; x_wconf 79' lang='lat' dir='ltr'>st</span> <span class='ocrx_word' id='word_1_68' title='bbox 1669 625 1768 663; x_wconf 90' lang='lat' dir='ltr'>forte</span> <span class='ocrx_word' id='word_1_69' title='bbox 1784 629 1944 676; x_wconf 79' lang='lat' dir='ltr'>regibus,</span> 
     </span>
     <span class='ocr_line' id='line_1_9' title="bbox 343 678 1943 732; baseline -0.001 -11"><span class='ocrx_word' id='word_1_70' title='bbox 343 693 405 721; x_wconf 89' lang='lat' dir='ltr'>aut</span> <span class='ocrx_word' id='word_1_71' title='bbox 429 682 663 731; x_wconf 79' lang='lat' dir='ltr'>magnatibus</span> <span class='ocrx_word' id='word_1_72' title='bbox 683 693 777 732; x_wconf 89' lang='lat' dir='ltr'>opus</span> <span class='ocrx_word' id='word_1_73' title='bbox 797 690 1071 732; x_wconf 83' lang='lat' dir='ltr'>nuncuparent,</span> <span class='ocrx_word' id='word_1_74' title='bbox 1098 690 1181 717; x_wconf 85' lang='lat' dir='ltr'>turn</span> <span class='ocrx_word' id='word_1_75' title='bbox 1204 679 1359 717; x_wconf 88' lang='lat' dir='ltr'>demum</span> <span class='ocrx_word' id='word_1_76' title='bbox 1383 679 1457 716; x_wconf 92' lang='lat' dir='ltr'>hoc</span> <span class='ocrx_word' id='word_1_77' title='bbox 1478 679 1617 718; x_wconf 65' lang='lat' dir='ltr'>facium</span> <span class='ocrx_word' id='word_1_78' title='bbox 1640 678 1700 728; x_wconf 77' lang='lat' dir='ltr'>est,</span> <span class='ocrx_word' id='word_1_79' title='bbox 1729 692 1816 719; x_wconf 90' lang='lat' dir='ltr'>cum</span> <span class='ocrx_word' id='word_1_80' title='bbox 1839 694 1943 732; x_wconf 69' lang='lat' dir='ltr'>argu-</span> 
     </span>
     <span class='ocr_line' id='line_1_10' title="bbox 345 733 1945 789; baseline 0 -13"><span class='ocrx_word' id='word_1_81' title='bbox 345 747 518 776; x_wconf 85' lang='lat' dir='ltr'>mentum</span> <span class='ocrx_word' id='word_1_82' title='bbox 534 736 620 773; x_wconf 82' lang='lat' dir='ltr'>libri</span> <span class='ocrx_word' id='word_1_83' title='bbox 639 735 816 789; x_wconf 82' lang='lat' dir='ltr'>personae</span> <span class='ocrx_word' id='word_1_84' title='bbox 837 736 902 773; x_wconf 88' lang='lat' dir='ltr'>tali</span> <span class='ocrx_word' id='word_1_85' title='bbox 922 737 1153 773; x_wconf 80' lang='lat' dir='ltr'>conveniret.</span> <span class='ocrx_word' id='word_1_86' title='bbox 1208 735 1309 773; x_wconf 90' lang='lat' dir='ltr'>Haec</span> <span class='ocrx_word' id='word_1_87' title='bbox 1333 744 1457 772; x_wconf 88' lang='lat' dir='ltr'>autem</span> <span class='ocrx_word' id='word_1_88' title='bbox 1473 737 1510 772; x_wconf 86' lang='lat'>&amp;</span> <span class='ocrx_word' id='word_1_89' title='bbox 1524 733 1668 782; x_wconf 78' lang='lat' dir='ltr'>similia,</span> <span class='ocrx_word' id='word_1_90' title='bbox 1696 736 1945 788; x_wconf 74' lang='lat' dir='ltr'>reprehensio-</span> 
     </span>
     <span class='ocr_line' id='line_1_11' title="bbox 345 788 1909 844; baseline -0.006 -14"><span class='ocrx_word' id='word_1_91' title='bbox 345 804 436 830; x_wconf 88' lang='lat' dir='ltr'>nem</span> <span class='ocrx_word' id='word_1_92' title='bbox 451 792 577 844; x_wconf 86' lang='lat' dir='ltr'>potius</span> <span class='ocrx_word' id='word_1_93' title='bbox 591 801 784 828; x_wconf 86' lang='lat' dir='ltr'>merentur</span> <span class='ocrx_word' id='word_1_94' title='bbox 800 803 914 840; x_wconf 90' lang='lat' dir='ltr'>quam</span> <span class='ocrx_word' id='word_1_95' title='bbox 929 788 1199 828; x_wconf 82' lang='lat' dir='ltr'>defenfionem.</span> <span class='ocrx_word' id='word_1_96' title='bbox 1881 819 1883 821; x_wconf 88' lang='lat'>.</span> <span class='ocrx_word' id='word_1_97' title='bbox 1908 827 1909 830; x_wconf 11' lang='grc' dir='ltr'><strong>Ἰ</strong></span> 
     </span>
    </p>

    <p class='ocr_par' dir='ltr' id='par_1_4' title="bbox 341 842 1960 1835">
     <span class='ocr_line' id='line_1_12' title="bbox 401 842 1949 897; baseline -0.001 -11"><span class='ocrx_word' id='word_1_98' title='bbox 401 849 577 897; x_wconf 67' lang='lat' dir='ltr'>NEQUE</span> <span class='ocrx_word' id='word_1_99' title='bbox 598 847 672 884; x_wconf 89' lang='lat' dir='ltr'>hoc</span> <span class='ocrx_word' id='word_1_100' title='bbox 694 846 794 892; x_wconf 85' lang='lat' dir='ltr'>dico,</span> <span class='ocrx_word' id='word_1_101' title='bbox 824 844 923 895; x_wconf 80' lang='lat' dir='ltr'>quasi</span> <span class='ocrx_word' id='word_1_102' title='bbox 944 846 1111 883; x_wconf 84' lang='lat' dir='ltr'>literatos</span> <span class='ocrx_word' id='word_1_103' title='bbox 1131 845 1294 895; x_wconf 88' lang='lat' dir='ltr'>culpem,</span> <span class='ocrx_word' id='word_1_104' title='bbox 1327 842 1352 881; x_wconf 83' lang='lat' dir='ltr'>fi</span> <span class='ocrx_word' id='word_1_105' title='bbox 1375 845 1418 882; x_wconf 88' lang='lat' dir='ltr'>ad</span> <span class='ocrx_word' id='word_1_106' title='bbox 1441 845 1568 882; x_wconf 84' lang='lat' dir='ltr'>beatos</span> <span class='ocrx_word' id='word_1_107' title='bbox 1591 848 1628 882; x_wconf 61' lang='grc' dir='ltr'>ὅ(</span> <span class='ocrx_word' id='word_1_108' title='bbox 1651 855 1824 894; x_wconf 88' lang='lat' dir='ltr'>potentes</span> <span class='ocrx_word' id='word_1_109' title='bbox 1846 847 1949 890; x_wconf 86' lang='lat' dir='ltr'>viros</span> 
     </span>
     <span class='ocr_line' id='line_1_13' title="bbox 348 898 1948 952; baseline -0.001 -12"><span class='ocrx_word' id='word_1_110' title='bbox 348 902 575 952; x_wconf 79' lang='lat' dir='ltr'>quandoque</span> <span class='ocrx_word' id='word_1_111' title='bbox 591 900 626 938; x_wconf 91' lang='lat' dir='ltr'>se</span> <span class='ocrx_word' id='word_1_112' title='bbox 646 902 843 951; x_wconf 82' lang='lat' dir='ltr'>applicent.</span> <span class='ocrx_word' id='word_1_113' title='bbox 901 901 1016 939; x_wconf 64' lang='lat' dir='ltr'>Resie</span> <span class='ocrx_word' id='word_1_114' title='bbox 1031 899 1133 938; x_wconf 86' lang='lat' dir='ltr'>enim</span> <span class='ocrx_word' id='word_1_115' title='bbox 1148 901 1340 950; x_wconf 78' lang='lat' dir='ltr'>Diogenes</span> <span class='ocrx_word' id='word_1_116' title='bbox 1363 900 1510 937; x_wconf 83' lang='lat' dir='ltr'>cuidam</span> <span class='ocrx_word' id='word_1_117' title='bbox 1527 912 1614 937; x_wconf 86' lang='lat' dir='ltr'>curn</span> <span class='ocrx_word' id='word_1_118' title='bbox 1633 898 1801 938; x_wconf 71' lang='lat' dir='ltr'>irrisione</span> <span class='ocrx_word' id='word_1_119' title='bbox 1817 913 1948 950; x_wconf 80' lang='lat' dir='ltr'>rogan-</span> 
     </span>
     <span class='ocr_line' id='line_1_14' title="bbox 349 952 1948 1010; baseline -0.001 -16"><span class='ocrx_word' id='word_1_120' title='bbox 349 960 405 995; x_wconf 89' lang='lat' dir='ltr'>ti:</span> <span class='ocrx_word' id='word_1_121' title='bbox 443 955 531 1010; x_wconf 73' lang='lat' dir='ltr'>Qti</span> <span class='ocrx_word' id='word_1_122' title='bbox 544 952 675 1007; x_wconf 86' lang='lat' dir='ltr'>fieret,</span> <span class='ocrx_word' id='word_1_123' title='bbox 711 953 813 1009; x_wconf 84' lang='lat' dir='ltr'>quod</span> <span class='ocrx_word' id='word_1_124' title='bbox 824 952 1042 1008; x_wconf 78' lang='lat' dir='ltr'>philosophi</span> <span class='ocrx_word' id='word_1_125' title='bbox 1065 952 1216 993; x_wconf 79' lang='lat' dir='ltr'>divites</span> <span class='ocrx_word' id='word_1_126' title='bbox 1225 953 1484 1007; x_wconf 58' lang='lat' dir='ltr'>sec‘i&#39;arentur,</span> <span class='ocrx_word' id='word_1_127' title='bbox 1522 967 1595 1006; x_wconf 82' lang='lat' dir='ltr'>non</span> <span class='ocrx_word' id='word_1_128' title='bbox 1619 952 1771 993; x_wconf 57' lang='lat' dir='ltr'>divites</span> <span class='ocrx_word' id='word_1_129' title='bbox 1784 953 1948 1007; x_wconf 70' lang='lat' dir='ltr'>philqfh·</span> 
     </span>
     <span class='ocr_line' id='line_1_15' title="bbox 341 1006 1952 1065; baseline -0.001 -15"><span class='ocrx_word' id='word_1_130' title='bbox 341 1009 477 1065; x_wconf 82' lang='lat' dir='ltr'>phos?</span> <span class='ocrx_word' id='word_1_131' title='bbox 505 1010 710 1061; x_wconf 89' lang='lat' dir='ltr'>respondit,</span> <span class='ocrx_word' id='word_1_132' title='bbox 739 1024 821 1048; x_wconf 92' lang='lat' dir='ltr'>non</span> <span class='ocrx_word' id='word_1_133' title='bbox 841 1009 915 1048; x_wconf 80' lang='lat' dir='ltr'>fine</span> <span class='ocrx_word' id='word_1_134' title='bbox 939 1009 1079 1057; x_wconf 87' lang='lat' dir='ltr'>morsu,</span> <span class='ocrx_word' id='word_1_135' title='bbox 1109 1008 1199 1047; x_wconf 79' lang='lat' dir='ltr'>Hoc</span> <span class='ocrx_word' id='word_1_136' title='bbox 1217 1006 1298 1047; x_wconf 82' lang='lat' dir='ltr'>ideo</span> <span class='ocrx_word' id='word_1_137' title='bbox 1313 1006 1418 1060; x_wconf 78' lang='lat' dir='ltr'>fieri,</span> <span class='ocrx_word' id='word_1_138' title='bbox 1447 1007 1786 1065; x_wconf 61' lang='lat' dir='ltr'>quodphilosc&#39;mhi,</span> <span class='ocrx_word' id='word_1_139' title='bbox 1813 1009 1952 1063; x_wconf 72' lang='lat' dir='ltr'>quibus</span> 
     </span>
     <span class='ocr_line' id='line_1_16' title="bbox 351 1061 1951 1119; baseline 0 -15"><span class='ocrx_word' id='word_1_140' title='bbox 351 1063 460 1104; x_wconf 84' lang='lat' dir='ltr'>rebus</span> <span class='ocrx_word' id='word_1_141' title='bbox 483 1063 698 1118; x_wconf 76' lang='lat' dir='ltr'>indigeant,</span> <span class='ocrx_word' id='word_1_142' title='bbox 718 1063 834 1118; x_wconf 74' lang='lat' dir='ltr'>probe</span> <span class='ocrx_word' id='word_1_143' title='bbox 856 1063 1095 1118; x_wconf 80' lang='lat' dir='ltr'>intelligant,</span> <span class='ocrx_word' id='word_1_144' title='bbox 1125 1063 1275 1102; x_wconf 74' lang='lat' dir='ltr'>divites</span> <span class='ocrx_word' id='word_1_145' title='bbox 1290 1076 1362 1102; x_wconf 80' lang='lat' dir='ltr'>non</span> <span class='ocrx_word' id='word_1_146' title='bbox 1377 1065 1482 1102; x_wconf 73' lang='lat' dir='ltr'>item.</span> <span class='ocrx_word' id='word_1_147' title='bbox 1533 1067 1638 1119; x_wconf 27' lang='lat' dir='ltr'>‘Huic</span> <span class='ocrx_word' id='word_1_148' title='bbox 1657 1061 1768 1103; x_wconf 87' lang='lat' dir='ltr'>affine</span> <span class='ocrx_word' id='word_1_149' title='bbox 1783 1066 1832 1112; x_wconf 80' lang='lat' dir='ltr'>est</span> <span class='ocrx_word' id='word_1_150' title='bbox 1854 1067 1951 1104; x_wconf 85' lang='lat' dir='ltr'>illud</span> 
     </span>
     <span class='ocr_line' id='line_1_17' title="bbox 351 1119 1951 1173; baseline 0 -15"><span class='ocrx_word' id='word_1_151' title='bbox 351 1120 543 1173; x_wconf 90' lang='lat' dir='ltr'>Aristippi,</span> <span class='ocrx_word' id='word_1_152' title='bbox 573 1122 633 1158; x_wconf 88' lang='lat' dir='ltr'>cui</span> <span class='ocrx_word' id='word_1_153' title='bbox 649 1120 776 1158; x_wconf 92' lang='lat' dir='ltr'>nescio</span> <span class='ocrx_word' id='word_1_154' title='bbox 790 1121 879 1170; x_wconf 87' lang='lat' dir='ltr'>quid</span> <span class='ocrx_word' id='word_1_155' title='bbox 896 1122 1039 1172; x_wconf 87' lang='lat' dir='ltr'>petenti</span> <span class='ocrx_word' id='word_1_156' title='bbox 1056 1133 1142 1157; x_wconf 89' lang='lat' dir='ltr'>cum</span> <span class='ocrx_word' id='word_1_157' title='bbox 1158 1132 1239 1157; x_wconf 91' lang='lat' dir='ltr'>non</span> <span class='ocrx_word' id='word_1_158' title='bbox 1254 1120 1461 1157; x_wconf 84' lang='lat' dir='ltr'>attenderet</span> <span class='ocrx_word' id='word_1_159' title='bbox 1479 1119 1690 1170; x_wconf 76' lang='lat' dir='ltr'>Dionysius,</span> <span class='ocrx_word' id='word_1_160' title='bbox 1719 1122 1783 1158; x_wconf 88' lang='lat' dir='ltr'>ille</span> <span class='ocrx_word' id='word_1_161' title='bbox 1796 1120 1951 1162; x_wconf 82' lang='lat' dir='ltr'>adoran-</span> 
     </span>
     <span class='ocr_line' id='line_1_18' title="bbox 351 1175 1952 1226; baseline -0.001 -12"><span class='ocrx_word' id='word_1_162' title='bbox 351 1178 400 1215; x_wconf 83' lang='lat' dir='ltr'>tis</span> <span class='ocrx_word' id='word_1_163' title='bbox 423 1188 532 1213; x_wconf 89' lang='lat' dir='ltr'>more</span> <span class='ocrx_word' id='word_1_164' title='bbox 551 1175 685 1221; x_wconf 85' lang='lat' dir='ltr'>abjecit</span> <span class='ocrx_word' id='word_1_165' title='bbox 706 1175 742 1212; x_wconf 90' lang='lat' dir='ltr'>se</span> <span class='ocrx_word' id='word_1_166' title='bbox 765 1176 810 1212; x_wconf 87' lang='lat' dir='ltr'>ad</span> <span class='ocrx_word' id='word_1_167' title='bbox 833 1177 943 1226; x_wconf 85' lang='lat' dir='ltr'>pedes</span> <span class='ocrx_word' id='word_1_168' title='bbox 967 1177 1066 1218; x_wconf 80' lang='lat' dir='ltr'>ejus;</span> <span class='ocrx_word' id='word_1_169' title='bbox 1096 1177 1161 1224; x_wconf 89' lang='lat' dir='ltr'>qui</span> <span class='ocrx_word' id='word_1_170' title='bbox 1184 1186 1268 1214; x_wconf 91' lang='lat' dir='ltr'>tum</span> <span class='ocrx_word' id='word_1_171' title='bbox 1285 1176 1442 1212; x_wconf 85' lang='lat' dir='ltr'>demum</span> <span class='ocrx_word' id='word_1_172' title='bbox 1464 1176 1670 1213; x_wconf 84' lang='lat' dir='ltr'>auscultans</span> <span class='ocrx_word' id='word_1_173' title='bbox 1693 1178 1870 1226; x_wconf 86' lang='lat' dir='ltr'>petitioni</span> <span class='ocrx_word' id='word_1_174' title='bbox 1890 1189 1952 1225; x_wconf 79' lang='lat' dir='ltr'>an-</span> 
     </span>
     <span class='ocr_line' id='line_1_19' title="bbox 355 1229 1950 1282; baseline -0.001 -13"><span class='ocrx_word' id='word_1_175' title='bbox 355 1232 461 1269; x_wconf 85' lang='lat' dir='ltr'>nuit:</span> <span class='ocrx_word' id='word_1_176' title='bbox 491 1230 560 1268; x_wconf 89' lang='lat' dir='ltr'>Sed</span> <span class='ocrx_word' id='word_1_177' title='bbox 578 1231 692 1280; x_wconf 90' lang='lat' dir='ltr'>paulo</span> <span class='ocrx_word' id='word_1_178' title='bbox 706 1231 796 1280; x_wconf 86' lang='lat' dir='ltr'>post,</span> <span class='ocrx_word' id='word_1_179' title='bbox 826 1230 979 1277; x_wconf 88' lang='lat' dir='ltr'>quidam</span> <span class='ocrx_word' id='word_1_180' title='bbox 1003 1231 1195 1278; x_wconf 72' lang='lat' dir='ltr'>dignitatis</span> <span class='ocrx_word' id='word_1_181' title='bbox 1210 1229 1468 1281; x_wconf 82' lang='lat' dir='ltr'>philosophiae</span> <span class='ocrx_word' id='word_1_182' title='bbox 1489 1230 1640 1268; x_wconf 81' lang='lat' dir='ltr'>assertor</span> <span class='ocrx_word' id='word_1_183' title='bbox 1656 1232 1840 1282; x_wconf 81' lang='lat' dir='ltr'>increpuit</span> <span class='ocrx_word' id='word_1_184' title='bbox 1864 1231 1950 1268; x_wconf 91' lang='lat' dir='ltr'>Ari-</span> 
     </span>
     <span class='ocr_line' id='line_1_20' title="bbox 353 1283 1953 1337; baseline 0 -14"><span class='ocrx_word' id='word_1_185' title='bbox 353 1286 523 1335; x_wconf 88' lang='lat' dir='ltr'>stippum,</span> <span class='ocrx_word' id='word_1_186' title='bbox 552 1284 656 1332; x_wconf 89' lang='lat' dir='ltr'>quod</span> <span class='ocrx_word' id='word_1_187' title='bbox 679 1285 918 1322; x_wconf 86' lang='lat' dir='ltr'>demittendo</span> <span class='ocrx_word' id='word_1_188' title='bbox 941 1284 977 1322; x_wconf 90' lang='lat' dir='ltr'>se</span> <span class='ocrx_word' id='word_1_189' title='bbox 997 1285 1041 1321; x_wconf 86' lang='lat' dir='ltr'>ad</span> <span class='ocrx_word' id='word_1_190' title='bbox 1062 1285 1172 1337; x_wconf 86' lang='lat' dir='ltr'>pedes</span> <span class='ocrx_word' id='word_1_191' title='bbox 1192 1283 1341 1334; x_wconf 83' lang='lat' dir='ltr'>tyranni</span> <span class='ocrx_word' id='word_1_192' title='bbox 1363 1296 1433 1333; x_wconf 90' lang='lat' dir='ltr'>pro</span> <span class='ocrx_word' id='word_1_193' title='bbox 1456 1287 1604 1322; x_wconf 84' lang='lat' dir='ltr'>tantilla</span> <span class='ocrx_word' id='word_1_194' title='bbox 1618 1284 1661 1322; x_wconf 85' lang='lat' dir='ltr'>&#39;rc</span> <span class='ocrx_word' id='word_1_195' title='bbox 1707 1285 1953 1336; x_wconf 67' lang='lat' dir='ltr'>hiloibpliiani</span> 
     </span>
     <span class='ocr_line' id='line_1_21' title="bbox 354 1297 1956 1392; baseline 0 -14"><span class='ocrx_word' id='word_1_196' title='bbox 354 1340 473 1391; x_wconf 90' lang='lat' dir='ltr'>ipsam</span> <span class='ocrx_word' id='word_1_197' title='bbox 490 1340 722 1377; x_wconf 87' lang='lat' dir='ltr'>contumelia</span> <span class='ocrx_word' id='word_1_198' title='bbox 742 1338 934 1382; x_wconf 75' lang='lat' dir='ltr'>affecisset:</span> <span class='ocrx_word' id='word_1_199' title='bbox 965 1342 1024 1377; x_wconf 90' lang='lat' dir='ltr'>cui</span> <span class='ocrx_word' id='word_1_200' title='bbox 1043 1341 1120 1391; x_wconf 75' lang='lat' dir='ltr'>ille,</span> <span class='ocrx_word' id='word_1_201' title='bbox 1152 1336 1268 1377; x_wconf 82' lang='lat' dir='ltr'>Suam</span> <span class='ocrx_word' id='word_1_202' title='bbox 1287 1336 1333 1376; x_wconf 81' lang='lat' dir='ltr'>id</span> <span class='ocrx_word' id='word_1_203' title='bbox 1343 1337 1490 1390; x_wconf 79' lang='lat' dir='ltr'>culpam</span> <span class='ocrx_word' id='word_1_204' title='bbox 1505 1351 1578 1378; x_wconf 82' lang='lat' dir='ltr'>non</span> <span class='ocrx_word' id='word_1_205' title='bbox 1586 1297 1720 1392; x_wconf 59' lang='lat' dir='ltr'>fuffi,</span> <span class='ocrx_word' id='word_1_206' title='bbox 1750 1339 1956 1392; x_wconf 56' lang='lat' dir='ltr'>respondit,</span> 
     </span>
     <span class='ocr_line' id='line_1_22' title="bbox 342 1391 1954 1447; baseline 0.001 -15"><span class='ocrx_word' id='word_1_207' title='bbox 342 1392 423 1447; x_wconf 74' lang='lat' dir='ltr'>sed</span> <span class='ocrx_word' id='word_1_208' title='bbox 441 1391 634 1444; x_wconf 76' lang='lat' dir='ltr'>Dionysii,</span> <span class='ocrx_word' id='word_1_209' title='bbox 662 1394 729 1447; x_wconf 80' lang='lat' dir='ltr'>qui</span> <span class='ocrx_word' id='word_1_210' title='bbox 750 1406 862 1432; x_wconf 83' lang='lat' dir='ltr'>aures</span> <span class='ocrx_word' id='word_1_211' title='bbox 869 1391 1040 1447; x_wconf 76' lang='lat' dir='ltr'>gestaret</span> <span class='ocrx_word' id='word_1_212' title='bbox 1053 1395 1095 1432; x_wconf 85' lang='lat' dir='ltr'>in</span> <span class='ocrx_word' id='word_1_213' title='bbox 1108 1392 1283 1446; x_wconf 67' lang='lat' dir='ltr'>pedibus.</span> <span class='ocrx_word' id='word_1_214' title='bbox 1339 1393 1444 1446; x_wconf 73' lang='lat' dir='ltr'>Quin</span> <span class='ocrx_word' id='word_1_215' title='bbox 1459 1395 1621 1446; x_wconf 89' lang='lat' dir='ltr'>prudens</span> <span class='ocrx_word' id='word_1_216' title='bbox 1640 1397 1716 1441; x_wconf 89' lang='lat' dir='ltr'>ille,</span> <span class='ocrx_word' id='word_1_217' title='bbox 1745 1407 1827 1438; x_wconf 85' lang='lat' dir='ltr'>non</span> <span class='ocrx_word' id='word_1_218' title='bbox 1848 1394 1954 1446; x_wconf 73' lang='lat' dir='ltr'>pusii,-</span> 
     </span>
     <span class='ocr_line' id='line_1_23' title="bbox 354 1448 1958 1502; baseline 0.001 -14"><span class='ocrx_word' id='word_1_219' title='bbox 354 1450 506 1488; x_wconf 89' lang='lat' dir='ltr'>lanimis</span> <span class='ocrx_word' id='word_1_220' title='bbox 525 1449 671 1487; x_wconf 86' lang='lat' dir='ltr'>habitus</span> <span class='ocrx_word' id='word_1_221' title='bbox 693 1450 754 1496; x_wconf 90' lang='lat' dir='ltr'>est,</span> <span class='ocrx_word' id='word_1_222' title='bbox 785 1451 849 1498; x_wconf 90' lang='lat' dir='ltr'>qui</span> <span class='ocrx_word' id='word_1_223' title='bbox 872 1451 912 1487; x_wconf 91' lang='lat' dir='ltr'>in</span> <span class='ocrx_word' id='word_1_224' title='bbox 928 1448 1177 1502; x_wconf 84' lang='lat' dir='ltr'>disputatione</span> <span class='ocrx_word' id='word_1_225' title='bbox 1191 1449 1353 1498; x_wconf 87' lang='lat' dir='ltr'>quadam</span> <span class='ocrx_word' id='word_1_226' title='bbox 1374 1460 1462 1486; x_wconf 90' lang='lat' dir='ltr'>cum</span> <span class='ocrx_word' id='word_1_227' title='bbox 1475 1451 1666 1488; x_wconf 87' lang='lat' dir='ltr'>Hadriano</span> <span class='ocrx_word' id='word_1_228' title='bbox 1683 1450 1839 1488; x_wconf 84' lang='lat' dir='ltr'>Caesare</span> <span class='ocrx_word' id='word_1_229' title='bbox 1859 1451 1958 1496; x_wconf 74' lang='lat' dir='ltr'>vinci</span> 
     </span>
     <span class='ocr_line' id='line_1_24' title="bbox 357 1501 1955 1558; baseline 0.001 -16"><span class='ocrx_word' id='word_1_230' title='bbox 357 1504 394 1542; x_wconf 88' lang='lat' dir='ltr'>se</span> <span class='ocrx_word' id='word_1_231' title='bbox 417 1504 533 1554; x_wconf 84' lang='lat' dir='ltr'>paffus</span> <span class='ocrx_word' id='word_1_232' title='bbox 553 1502 623 1545; x_wconf 79' lang='lat' dir='ltr'>est3</span> <span class='ocrx_word' id='word_1_233' title='bbox 661 1505 834 1542; x_wconf 86' lang='lat' dir='ltr'>excusans</span> <span class='ocrx_word' id='word_1_234' title='bbox 856 1503 1007 1552; x_wconf 55' lang='lat' dir='ltr'>fastum,</span> <span class='ocrx_word' id='word_1_235' title='bbox 1038 1502 1162 1557; x_wconf 72' lang='lat' dir='ltr'>Qtod</span> <span class='ocrx_word' id='word_1_236' title='bbox 1176 1515 1337 1558; x_wconf 82' lang='lat' dir='ltr'>aequum</span> <span class='ocrx_word' id='word_1_237' title='bbox 1357 1501 1448 1555; x_wconf 85' lang='lat' dir='ltr'>effet</span> <span class='ocrx_word' id='word_1_238' title='bbox 1468 1504 1503 1541; x_wconf 83' lang='lat' dir='ltr'>ei</span> <span class='ocrx_word' id='word_1_239' title='bbox 1525 1502 1666 1552; x_wconf 81' lang='lat' dir='ltr'>cedere,</span> <span class='ocrx_word' id='word_1_240' title='bbox 1695 1505 1762 1558; x_wconf 82' lang='lat' dir='ltr'>qui</span> <span class='ocrx_word' id='word_1_241' title='bbox 1784 1505 1955 1558; x_wconf 57' lang='grc' dir='ltr'>ίνξζίημζᾳ</span> 
     </span>
     <span class='ocr_line' id='line_1_25' title="bbox 356 1556 1957 1611; baseline 0.001 -15"><span class='ocrx_word' id='word_1_242' title='bbox 356 1560 564 1611; x_wconf 66' lang='lat' dir='ltr'>imperaret</span> <span class='ocrx_word' id='word_1_243' title='bbox 585 1556 807 1611; x_wconf 84' lang='lat' dir='ltr'>legionibus.</span> <span class='ocrx_word' id='word_1_244' title='bbox 862 1559 992 1611; x_wconf 88' lang='lat' dir='ltr'>Atque</span> <span class='ocrx_word' id='word_1_245' title='bbox 1013 1570 1211 1610; x_wconf 88' lang='lat' dir='ltr'>propterea</span> <span class='ocrx_word' id='word_1_246' title='bbox 1224 1571 1305 1597; x_wconf 92' lang='lat' dir='ltr'>non</span> <span class='ocrx_word' id='word_1_247' title='bbox 1329 1559 1412 1597; x_wconf 83' lang='lat' dir='ltr'>sunt</span> <span class='ocrx_word' id='word_1_248' title='bbox 1428 1559 1631 1597; x_wconf 86' lang='lat' dir='ltr'>damnandi</span> <span class='ocrx_word' id='word_1_249' title='bbox 1651 1561 1721 1597; x_wconf 91' lang='lat' dir='ltr'>viri</span> <span class='ocrx_word' id='word_1_250' title='bbox 1737 1561 1850 1608; x_wconf 60' lang='lat' dir='ltr'>docti,</span> <span class='ocrx_word' id='word_1_251' title='bbox 1878 1562 1957 1608; x_wconf 78' lang='lat' dir='ltr'>ubi,</span> 
     </span>
     <span class='ocr_line' id='line_1_26' title="bbox 356 1613 1957 1666; baseline 0.001 -14"><span class='ocrx_word' id='word_1_252' title='bbox 356 1626 446 1652; x_wconf 90' lang='lat' dir='ltr'>cum</span> <span class='ocrx_word' id='word_1_253' title='bbox 470 1625 526 1650; x_wconf 89' lang='lat' dir='ltr'>res</span> <span class='ocrx_word' id='word_1_254' title='bbox 549 1614 720 1665; x_wconf 88' lang='lat' dir='ltr'>postulat,</span> <span class='ocrx_word' id='word_1_255' title='bbox 756 1614 899 1664; x_wconf 87' lang='lat' dir='ltr'>aliquid</span> <span class='ocrx_word' id='word_1_256' title='bbox 919 1615 966 1652; x_wconf 90' lang='lat' dir='ltr'>de</span> <span class='ocrx_word' id='word_1_257' title='bbox 990 1617 1169 1665; x_wconf 77' lang='lat' dir='ltr'>gravitate</span> <span class='ocrx_word' id='word_1_258' title='bbox 1193 1614 1253 1652; x_wconf 88' lang='lat' dir='ltr'>sua</span> <span class='ocrx_word' id='word_1_259' title='bbox 1275 1615 1483 1661; x_wconf 84' lang='lat' dir='ltr'>remittant,</span> <span class='ocrx_word' id='word_1_260' title='bbox 1514 1613 1584 1652; x_wconf 80' lang='lat' dir='ltr'>five</span> <span class='ocrx_word' id='word_1_261' title='bbox 1602 1614 1810 1664; x_wconf 81' lang='lat' dir='ltr'>imperante</span> <span class='ocrx_word' id='word_1_262' title='bbox 1832 1616 1957 1666; x_wconf 78' lang='lat' dir='ltr'>neces-</span> 
     </span>
     <span class='ocr_line' id='line_1_27' title="bbox 356 1666 1958 1721; baseline 0.001 -15"><span class='ocrx_word' id='word_1_263' title='bbox 356 1667 472 1716; x_wconf 63' lang='lat' dir='ltr'>litate,</span> <span class='ocrx_word' id='word_1_264' title='bbox 499 1666 571 1705; x_wconf 82' lang='lat' dir='ltr'>five</span> <span class='ocrx_word' id='word_1_265' title='bbox 593 1670 819 1721; x_wconf 85' lang='lat' dir='ltr'>impetrante</span> <span class='ocrx_word' id='word_1_266' title='bbox 839 1667 1055 1712; x_wconf 83' lang='lat' dir='ltr'>occafione;</span> <span class='ocrx_word' id='word_1_267' title='bbox 1084 1670 1188 1719; x_wconf 91' lang='lat' dir='ltr'>quod</span> <span class='ocrx_word' id='word_1_268' title='bbox 1211 1671 1378 1718; x_wconf 83' lang='lat' dir='ltr'>quamvis</span> <span class='ocrx_word' id='word_1_269' title='bbox 1401 1668 1545 1707; x_wconf 87' lang='lat' dir='ltr'>humile</span> <span class='ocrx_word' id='word_1_270' title='bbox 1564 1670 1732 1708; x_wconf 73' lang='lat' dir='ltr'>videatur</span> <span class='ocrx_word' id='word_1_271' title='bbox 1754 1680 1865 1719; x_wconf 88' lang='lat' dir='ltr'>atque</span> <span class='ocrx_word' id='word_1_272' title='bbox 1886 1670 1958 1718; x_wconf 71' lang='lat' dir='ltr'>ser-</span> 
     </span>
     <span class='ocr_line' id='line_1_28' title="bbox 355 1721 1960 1777; baseline 0.002 -16"><span class='ocrx_word' id='word_1_273' title='bbox 355 1725 431 1762; x_wconf 77' lang='lat' dir='ltr'>vile</span> <span class='ocrx_word' id='word_1_274' title='bbox 449 1724 578 1773; x_wconf 89' lang='lat' dir='ltr'>primo</span> <span class='ocrx_word' id='word_1_275' title='bbox 599 1721 752 1773; x_wconf 85' lang='lat' dir='ltr'>intuitu,</span> <span class='ocrx_word' id='word_1_276' title='bbox 779 1735 909 1762; x_wconf 86' lang='lat' dir='ltr'>tamen</span> <span class='ocrx_word' id='word_1_277' title='bbox 929 1726 1050 1765; x_wconf 75' lang='lat' dir='ltr'>verius</span> <span class='ocrx_word' id='word_1_278' title='bbox 1068 1737 1149 1762; x_wconf 88' lang='lat' dir='ltr'>rem</span> <span class='ocrx_word' id='word_1_279' title='bbox 1164 1723 1377 1771; x_wconf 82' lang='lat' dir='ltr'>aestimanti,</span> <span class='ocrx_word' id='word_1_280' title='bbox 1406 1724 1655 1764; x_wconf 85' lang='lat' dir='ltr'>censebuntur</span> <span class='ocrx_word' id='word_1_281' title='bbox 1673 1737 1756 1763; x_wconf 87' lang='lat' dir='ltr'>non</span> <span class='ocrx_word' id='word_1_282' title='bbox 1779 1725 1960 1777; x_wconf 61' lang='lat' dir='ltr'>personae</span> 
     </span>
     <span class='ocr_line' id='line_1_29' title="bbox 357 1775 850 1829; baseline 0.003 -11"><span class='ocrx_word' id='word_1_283' title='bbox 357 1778 422 1819; x_wconf 87' lang='lat' dir='ltr'>sed</span> <span class='ocrx_word' id='word_1_284' title='bbox 440 1779 605 1828; x_wconf 87' lang='lat' dir='ltr'>tempori</span> <span class='ocrx_word' id='word_1_285' title='bbox 625 1775 688 1829; x_wconf 82' lang='lat' dir='ltr'>ipfi</span> <span class='ocrx_word' id='word_1_286' title='bbox 705 1780 850 1817; x_wconf 88' lang='lat' dir='ltr'>servire.</span> 
     </span>
    </p>

    <p class='ocr_par' dir='ltr' id='par_1_5' title="bbox 359 1833 1966 2490">
     <span class='ocr_line' id='line_1_30' title="bbox 410 1833 1961 1886; baseline 0.002 -15"><span class='ocrx_word' id='word_1_287' title='bbox 410 1835 680 1871; x_wconf 81' lang='lat' dir='ltr'>PERGAMUS</span> <span class='ocrx_word' id='word_1_288' title='bbox 705 1848 807 1872; x_wconf 87' lang='lat' dir='ltr'>nune</span> <span class='ocrx_word' id='word_1_289' title='bbox 827 1834 872 1872; x_wconf 88' lang='lat' dir='ltr'>ad</span> <span class='ocrx_word' id='word_1_290' title='bbox 892 1847 1049 1884; x_wconf 89' lang='lat' dir='ltr'>errores,</span> <span class='ocrx_word' id='word_1_291' title='bbox 1076 1846 1187 1884; x_wconf 88' lang='lat' dir='ltr'>atque</span> <span class='ocrx_word' id='word_1_292' title='bbox 1206 1836 1344 1882; x_wconf 81' lang='lat' dir='ltr'>inania,</span> <span class='ocrx_word' id='word_1_293' title='bbox 1372 1847 1466 1884; x_wconf 87' lang='lat' dir='ltr'>quae</span> <span class='ocrx_word' id='word_1_294' title='bbox 1488 1834 1528 1872; x_wconf 87' lang='lat' dir='ltr'>in</span> <span class='ocrx_word' id='word_1_295' title='bbox 1547 1835 1670 1873; x_wconf 87' lang='lat' dir='ltr'>studiis</span> <span class='ocrx_word' id='word_1_296' title='bbox 1693 1833 1774 1886; x_wconf 73' lang='lat' dir='ltr'>ipsis</span> <span class='ocrx_word' id='word_1_297' title='bbox 1792 1834 1961 1885; x_wconf 78' lang='lat' dir='ltr'>virorum</span> 
     </span>
     <span class='ocr_line' id='line_1_31' title="bbox 359 1884 1961 1942; baseline 0.003 -17"><span class='ocrx_word' id='word_1_298' title='bbox 359 1888 564 1925; x_wconf 59' lang='lat' dir='ltr'>donorum</span> <span class='ocrx_word' id='word_1_299' title='bbox 586 1889 856 1938; x_wconf 84' lang='lat' dir='ltr'>interveniunt,</span> <span class='ocrx_word' id='word_1_300' title='bbox 883 1889 1001 1939; x_wconf 88' lang='lat' dir='ltr'>iisque</span> <span class='ocrx_word' id='word_1_301' title='bbox 1025 1890 1060 1928; x_wconf 86' lang='lat' dir='ltr'>se</span> <span class='ocrx_word' id='word_1_302' title='bbox 1082 1889 1316 1931; x_wconf 77' lang='lat' dir='ltr'>immisceut3</span> <span class='ocrx_word' id='word_1_303' title='bbox 1345 1891 1384 1927; x_wconf 90' lang='lat' dir='ltr'>id</span> <span class='ocrx_word' id='word_1_304' title='bbox 1406 1891 1510 1940; x_wconf 90' lang='lat' dir='ltr'>quod</span> <span class='ocrx_word' id='word_1_305' title='bbox 1533 1893 1726 1940; x_wconf 85' lang='lat' dir='ltr'>praecipue</span> <span class='ocrx_word' id='word_1_306' title='bbox 1749 1884 1786 1929; x_wconf 77' lang='grc' dir='ltr'>δὲ</span> <span class='ocrx_word' id='word_1_307' title='bbox 1811 1894 1961 1942; x_wconf 76' lang='lat' dir='ltr'>proprie</span> 
     </span>
     <span class='ocr_line' id='line_1_32' title="bbox 360 1943 1962 1997; baseline 0.002 -16"><span class='ocrx_word' id='word_1_308' title='bbox 360 1943 497 1993; x_wconf 61' lang='lat' dir='ltr'>speRat</span> <span class='ocrx_word' id='word_1_309' title='bbox 520 1943 565 1980; x_wconf 90' lang='lat' dir='ltr'>ad</span> <span class='ocrx_word' id='word_1_310' title='bbox 585 1943 755 1993; x_wconf 85' lang='lat' dir='ltr'>praesens</span> <span class='ocrx_word' id='word_1_311' title='bbox 776 1955 1054 1994; x_wconf 83' lang='lat' dir='ltr'>argumentum.</span> <span class='ocrx_word' id='word_1_312' title='bbox 1109 1947 1195 1997; x_wconf 74' lang='lat' dir='ltr'>Qua</span> <span class='ocrx_word' id='word_1_313' title='bbox 1214 1944 1253 1982; x_wconf 88' lang='lat' dir='ltr'>in</span> <span class='ocrx_word' id='word_1_314' title='bbox 1275 1958 1315 1983; x_wconf 91' lang='lat' dir='ltr'>re</span> <span class='ocrx_word' id='word_1_315' title='bbox 1341 1946 1423 1984; x_wconf 87' lang='lat' dir='ltr'>non</span> <span class='ocrx_word' id='word_1_316' title='bbox 1446 1945 1493 1983; x_wconf 89' lang='lat' dir='ltr'>est</span> <span class='ocrx_word' id='word_1_317' title='bbox 1515 1945 1672 1983; x_wconf 86' lang='lat' dir='ltr'>instituti</span> <span class='ocrx_word' id='word_1_318' title='bbox 1695 1946 1811 1984; x_wconf 84' lang='lat' dir='ltr'>nostri</span> <span class='ocrx_word' id='word_1_319' title='bbox 1830 1949 1962 1996; x_wconf 72' lang='lat' dir='ltr'>errori-</span> 
     </span>
     <span class='ocr_line' id='line_1_33' title="bbox 362 1996 1962 2053; baseline 0.003 -18"><span class='ocrx_word' id='word_1_320' title='bbox 362 1999 430 2036; x_wconf 94' lang='lat' dir='ltr'>bus</span> <span class='ocrx_word' id='word_1_321' title='bbox 453 1996 533 2048; x_wconf 78' lang='lat' dir='ltr'>ipfis</span> <span class='ocrx_word' id='word_1_322' title='bbox 548 1998 786 2047; x_wconf 83' lang='lat' dir='ltr'>patrocinari,</span> <span class='ocrx_word' id='word_1_323' title='bbox 816 1999 877 2037; x_wconf 86' lang='lat' dir='ltr'>sed</span> <span class='ocrx_word' id='word_1_324' title='bbox 896 2012 961 2050; x_wconf 89' lang='lat' dir='ltr'>per</span> <span class='ocrx_word' id='word_1_325' title='bbox 976 2012 1110 2039; x_wconf 90' lang='lat' dir='ltr'>eorum</span> <span class='ocrx_word' id='word_1_326' title='bbox 1133 2000 1326 2038; x_wconf 86' lang='lat' dir='ltr'>censuram</span> <span class='ocrx_word' id='word_1_327' title='bbox 1341 2003 1378 2038; x_wconf 74' lang='grc' dir='ltr'>ὅ(</span> <span class='ocrx_word' id='word_1_328' title='bbox 1399 2000 1645 2038; x_wconf 86' lang='lat' dir='ltr'>secretionem</span> <span class='ocrx_word' id='word_1_329' title='bbox 1666 2011 1836 2040; x_wconf 81' lang='lat' dir='ltr'>excutere</span> <span class='ocrx_word' id='word_1_330' title='bbox 1857 2003 1962 2053; x_wconf 89' lang='lat' dir='ltr'>quod</span> 
     </span>
     <span class='ocr_line' id='line_1_34' title="bbox 361 2052 1962 2104; baseline 0.004 -14"><span class='ocrx_word' id='word_1_331' title='bbox 361 2053 493 2090; x_wconf 89' lang='lat' dir='ltr'>sanum</span> <span class='ocrx_word' id='word_1_332' title='bbox 508 2054 546 2090; x_wconf 74' lang='grc' dir='ltr'>ὃ(</span> <span class='ocrx_word' id='word_1_333' title='bbox 569 2052 732 2091; x_wconf 89' lang='lat' dir='ltr'>solidum</span> <span class='ocrx_word' id='word_1_334' title='bbox 747 2055 796 2091; x_wconf 89' lang='lat' dir='ltr'>est</span> <span class='ocrx_word' id='word_1_335' title='bbox 817 2065 929 2104; x_wconf 86' lang='lat' dir='ltr'>atque</span> <span class='ocrx_word' id='word_1_336' title='bbox 943 2066 963 2092; x_wconf 86' lang='lat' dir='ltr'>a</span> <span class='ocrx_word' id='word_1_337' title='bbox 983 2057 1170 2093; x_wconf 88' lang='lat' dir='ltr'>calumnia</span> <span class='ocrx_word' id='word_1_338' title='bbox 1183 2054 1381 2095; x_wconf 80' lang='lat' dir='ltr'>vindicare.</span> <span class='ocrx_word' id='word_1_339' title='bbox 1437 2056 1620 2093; x_wconf 83' lang='lat' dir='ltr'>Videmus</span> <span class='ocrx_word' id='word_1_340' title='bbox 1635 2058 1751 2103; x_wconf 86' lang='lat' dir='ltr'>enim,</span> <span class='ocrx_word' id='word_1_341' title='bbox 1780 2055 1819 2101; x_wconf 83' lang='lat' dir='ltr'>in</span> <span class='ocrx_word' id='word_1_342' title='bbox 1838 2068 1962 2104; x_wconf 80' lang='lat' dir='ltr'>more,</span> 
     </span>
     <span class='ocr_line' id='line_1_35' title="bbox 360 2100 1962 2164; baseline 0.003 -20"><span class='ocrx_word' id='word_1_343' title='bbox 360 2106 575 2159; x_wconf 86' lang='lat' dir='ltr'>praesertim</span> <span class='ocrx_word' id='word_1_344' title='bbox 591 2108 687 2158; x_wconf 85' lang='lat' dir='ltr'>apud</span> <span class='ocrx_word' id='word_1_345' title='bbox 702 2109 863 2156; x_wconf 84' lang='lat' dir='ltr'>invidos,</span> <span class='ocrx_word' id='word_1_346' title='bbox 891 2110 973 2158; x_wconf 86' lang='lat' dir='ltr'>effe,</span> <span class='ocrx_word' id='word_1_347' title='bbox 1001 2100 1154 2162; x_wconf 77' lang='lat' dir='ltr'>propter</span> <span class='ocrx_word' id='word_1_348' title='bbox 1175 2122 1216 2147; x_wconf 87' lang='lat' dir='ltr'>ca</span> <span class='ocrx_word' id='word_1_349' title='bbox 1231 2104 1324 2159; x_wconf 84' lang='lat' dir='ltr'>quac</span> <span class='ocrx_word' id='word_1_350' title='bbox 1341 2110 1536 2163; x_wconf 82' lang='lat' dir='ltr'>depravata</span> <span class='ocrx_word' id='word_1_351' title='bbox 1551 2111 1647 2158; x_wconf 87' lang='lat' dir='ltr'>sunt,</span> <span class='ocrx_word' id='word_1_352' title='bbox 1677 2113 1792 2148; x_wconf 82' lang='lat' dir='ltr'>ctiam</span> <span class='ocrx_word' id='word_1_353' title='bbox 1812 2123 1853 2149; x_wconf 86' lang='lat' dir='ltr'>ca</span> <span class='ocrx_word' id='word_1_354' title='bbox 1867 2125 1962 2164; x_wconf 87' lang='lat' dir='ltr'>quae</span> 
     </span>
     <span class='ocr_line' id='line_1_36' title="bbox 361 2163 1964 2216; baseline 0.003 -16"><span class='ocrx_word' id='word_1_355' title='bbox 361 2163 563 2214; x_wconf 87' lang='lat' dir='ltr'>impolluta</span> <span class='ocrx_word' id='word_1_356' title='bbox 587 2165 623 2200; x_wconf 69' lang='grc' dir='ltr'>δε</span> <span class='ocrx_word' id='word_1_357' title='bbox 645 2164 686 2199; x_wconf 89' lang='lat' dir='ltr'>in</span> <span class='ocrx_word' id='word_1_358' title='bbox 711 2164 803 2202; x_wconf 86' lang='lat' dir='ltr'>statu</span> <span class='ocrx_word' id='word_1_359' title='bbox 826 2164 894 2202; x_wconf 90' lang='lat' dir='ltr'>suo</span> <span class='ocrx_word' id='word_1_360' title='bbox 916 2164 1145 2216; x_wconf 75' lang='lat' dir='ltr'>manserunt,</span> <span class='ocrx_word' id='word_1_361' title='bbox 1181 2164 1373 2215; x_wconf 79' lang='lat' dir='ltr'>sugillare3</span> <span class='ocrx_word' id='word_1_362' title='bbox 1410 2166 1734 2214; x_wconf 83' lang='lat' dir='ltr'>quemadmodum</span> <span class='ocrx_word' id='word_1_363' title='bbox 1760 2166 1902 2211; x_wconf 78' lang='lat' dir='ltr'>ethnici</span> <span class='ocrx_word' id='word_1_364' title='bbox 1922 2170 1964 2205; x_wconf 85' lang='lat' dir='ltr'>in</span> 
     </span>
     <span class='ocr_line' id='line_1_37' title="bbox 360 2215 1966 2273; baseline 0.005 -20"><span class='ocrx_word' id='word_1_365' title='bbox 360 2216 550 2267; x_wconf 84' lang='lat' dir='ltr'>primitiva</span> <span class='ocrx_word' id='word_1_366' title='bbox 563 2215 712 2256; x_wconf 80' lang='lat' dir='ltr'>ecclesia</span> <span class='ocrx_word' id='word_1_367' title='bbox 728 2218 959 2257; x_wconf 87' lang='lat' dir='ltr'>Christianos</span> <span class='ocrx_word' id='word_1_368' title='bbox 976 2219 1255 2259; x_wconf 87' lang='lat' dir='ltr'>haereticorum</span> <span class='ocrx_word' id='word_1_369' title='bbox 1269 2221 1368 2258; x_wconf 76' lang='lat' dir='ltr'>vitiis</span> <span class='ocrx_word' id='word_1_370' title='bbox 1383 2220 1570 2272; x_wconf 80' lang='lat' dir='ltr'>aspergere</span> <span class='ocrx_word' id='word_1_371' title='bbox 1591 2221 1770 2258; x_wconf 86' lang='lat' dir='ltr'>solebant.</span> <span class='ocrx_word' id='word_1_372' title='bbox 1826 2223 1966 2273; x_wconf 77' lang='lat' dir='ltr'>Neque</span> 
     </span>
     <span class='ocr_line' id='line_1_38' title="bbox 363 2269 1966 2324; baseline 0.004 -15"><span class='ocrx_word' id='word_1_373' title='bbox 363 2282 491 2309; x_wconf 88' lang='lat' dir='ltr'>tamen</span> <span class='ocrx_word' id='word_1_374' title='bbox 507 2269 706 2311; x_wconf 84' lang='lat' dir='ltr'>confilium</span> <span class='ocrx_word' id='word_1_375' title='bbox 720 2273 770 2310; x_wconf 85' lang='lat' dir='ltr'>est</span> <span class='ocrx_word' id='word_1_376' title='bbox 784 2274 892 2321; x_wconf 88' lang='lat' dir='ltr'>mihi,</span> <span class='ocrx_word' id='word_1_377' title='bbox 912 2286 1068 2312; x_wconf 88' lang='lat' dir='ltr'>examen</span> <span class='ocrx_word' id='word_1_378' title='bbox 1082 2274 1234 2324; x_wconf 88' lang='lat' dir='ltr'>aliquod</span> <span class='ocrx_word' id='word_1_379' title='bbox 1248 2277 1449 2313; x_wconf 84' lang='lat' dir='ltr'>accuratius</span> <span class='ocrx_word' id='word_1_380' title='bbox 1463 2274 1648 2314; x_wconf 85' lang='lat' dir='ltr'>instituere</span> <span class='ocrx_word' id='word_1_381' title='bbox 1662 2276 1710 2312; x_wconf 91' lang='lat' dir='ltr'>de</span> <span class='ocrx_word' id='word_1_382' title='bbox 1724 2278 1913 2315; x_wconf 85' lang='lat' dir='ltr'>erroribus</span> <span class='ocrx_word' id='word_1_383' title='bbox 1925 2280 1966 2316; x_wconf 65' lang='grc' dir='ltr'>δι’</span> 
     </span>
     <span class='ocr_line' id='line_1_39' title="bbox 362 2327 1963 2380; baseline 0.004 -16"><span class='ocrx_word' id='word_1_384' title='bbox 362 2327 647 2377; x_wconf 87' lang='lat' dir='ltr'>impedimentis</span> <span class='ocrx_word' id='word_1_385' title='bbox 667 2329 874 2377; x_wconf 88' lang='lat' dir='ltr'>literarum,</span> <span class='ocrx_word' id='word_1_386' title='bbox 902 2341 996 2378; x_wconf 89' lang='lat' dir='ltr'>quae</span> <span class='ocrx_word' id='word_1_387' title='bbox 1021 2331 1201 2368; x_wconf 87' lang='lat' dir='ltr'>interiora</span> <span class='ocrx_word' id='word_1_388' title='bbox 1221 2332 1258 2368; x_wconf 75' lang='grc' dir='ltr'>ὅ(</span> <span class='ocrx_word' id='word_1_389' title='bbox 1279 2342 1297 2367; x_wconf 89' lang='lat' dir='ltr'>a</span> <span class='ocrx_word' id='word_1_390' title='bbox 1321 2341 1429 2380; x_wconf 84' lang='lat' dir='ltr'>captu</span> <span class='ocrx_word' id='word_1_391' title='bbox 1451 2331 1553 2380; x_wconf 81' lang='lat' dir='ltr'>vulgi</span> <span class='ocrx_word' id='word_1_392' title='bbox 1574 2332 1804 2373; x_wconf 76' lang='lat' dir='ltr'>remotiora3</span> <span class='ocrx_word' id='word_1_393' title='bbox 1831 2331 1894 2370; x_wconf 84' lang='lat' dir='ltr'>sed</span> <span class='ocrx_word' id='word_1_394' title='bbox 1916 2333 1963 2370; x_wconf 85' lang='lat' dir='ltr'>de</span> 
     </span>
     <span class='ocr_line' id='line_1_40' title="bbox 364 2383 1964 2438; baseline 0.005 -20"><span class='ocrx_word' id='word_1_395' title='bbox 364 2383 438 2418; x_wconf 84' lang='lat' dir='ltr'>illis</span> <span class='ocrx_word' id='word_1_396' title='bbox 458 2393 606 2428; x_wconf 87' lang='lat' dir='ltr'>tantum</span> <span class='ocrx_word' id='word_1_397' title='bbox 620 2383 730 2421; x_wconf 83' lang='lat' dir='ltr'>verba</span> <span class='ocrx_word' id='word_1_398' title='bbox 749 2383 882 2432; x_wconf 83' lang='lat' dir='ltr'>facere,</span> <span class='ocrx_word' id='word_1_399' title='bbox 912 2397 1005 2433; x_wconf 86' lang='lat' dir='ltr'>quae</span> <span class='ocrx_word' id='word_1_400' title='bbox 1020 2385 1157 2423; x_wconf 89' lang='lat' dir='ltr'>cadunt</span> <span class='ocrx_word' id='word_1_401' title='bbox 1174 2385 1239 2423; x_wconf 87' lang='lat' dir='ltr'>sub</span> <span class='ocrx_word' id='word_1_402' title='bbox 1255 2387 1452 2423; x_wconf 85' lang='lat' dir='ltr'>communi</span> <span class='ocrx_word' id='word_1_403' title='bbox 1469 2388 1505 2423; x_wconf 85' lang='lat'>&amp;</span> <span class='ocrx_word' id='word_1_404' title='bbox 1519 2388 1689 2438; x_wconf 85' lang='lat' dir='ltr'>populari</span> <span class='ocrx_word' id='word_1_405' title='bbox 1706 2386 1964 2435; x_wconf 81' lang='lat' dir='ltr'>observatione</span> 
     </span>
     <span class='ocr_line' id='line_1_41' title="bbox 366 2437 1313 2490; baseline 0.003 -17"><span class='ocrx_word' id='word_1_406' title='bbox 366 2438 403 2473; x_wconf 69' lang='grc' dir='ltr'>ἃ</span> <span class='ocrx_word' id='word_1_407' title='bbox 418 2447 520 2484; x_wconf 89' lang='lat' dir='ltr'>nota,</span> <span class='ocrx_word' id='word_1_408' title='bbox 549 2447 612 2475; x_wconf 89' lang='lat' dir='ltr'>aut</span> <span class='ocrx_word' id='word_1_409' title='bbox 628 2437 759 2476; x_wconf 87' lang='lat' dir='ltr'>saltem</span> <span class='ocrx_word' id='word_1_410' title='bbox 773 2439 819 2476; x_wconf 85' lang='lat' dir='ltr'>ab</span> <span class='ocrx_word' id='word_1_411' title='bbox 836 2451 877 2476; x_wconf 87' lang='lat' dir='ltr'>ea</span> <span class='ocrx_word' id='word_1_412' title='bbox 897 2452 977 2476; x_wconf 88' lang='lat' dir='ltr'>non</span> <span class='ocrx_word' id='word_1_413' title='bbox 992 2440 1108 2490; x_wconf 78' lang='lat' dir='ltr'>longe</span> <span class='ocrx_word' id='word_1_414' title='bbox 1124 2440 1313 2478; x_wconf 83' lang='lat' dir='ltr'>recedunt.</span> 
     </span>
    </p>

    <p class='ocr_par' dir='ltr' id='par_1_6' title="bbox 354 2492 1969 3042">
     <span class='ocr_line' id='line_1_42' title="bbox 419 2492 1969 2546; baseline 0.005 -18"><span class='ocrx_word' id='word_1_415' title='bbox 419 2492 597 2542; x_wconf 75' lang='lat' dir='ltr'><strong>QUARE</strong></span> <span class='ocrx_word' id='word_1_416' title='bbox 619 2495 690 2530; x_wconf 86' lang='lat' dir='ltr'>tria</span> <span class='ocrx_word' id='word_1_417' title='bbox 711 2495 910 2546; x_wconf 86' lang='lat' dir='ltr'>praecipue</span> <span class='ocrx_word' id='word_1_418' title='bbox 932 2494 1175 2546; x_wconf 84' lang='lat' dir='ltr'>deprehendo</span> <span class='ocrx_word' id='word_1_419' title='bbox 1197 2508 1289 2533; x_wconf 80' lang='lat' dir='ltr'>vana</span> <span class='ocrx_word' id='word_1_420' title='bbox 1312 2497 1349 2533; x_wconf 69' lang='grc' dir='ltr'>δε</span> <span class='ocrx_word' id='word_1_421' title='bbox 1373 2494 1495 2532; x_wconf 86' lang='lat' dir='ltr'>inania</span> <span class='ocrx_word' id='word_1_422' title='bbox 1517 2497 1558 2532; x_wconf 93' lang='lat' dir='ltr'>in</span> <span class='ocrx_word' id='word_1_423' title='bbox 1581 2496 1710 2542; x_wconf 89' lang='lat' dir='ltr'>literis,</span> <span class='ocrx_word' id='word_1_424' title='bbox 1747 2508 1840 2544; x_wconf 89' lang='lat' dir='ltr'>quae</span> <span class='ocrx_word' id='word_1_425' title='bbox 1863 2497 1969 2536; x_wconf 63' lang='lat' dir='ltr'>ansas</span> 
     </span>
     <span class='ocr_line' id='line_1_43' title="bbox 364 2548 1965 2603; baseline 0.006 -23"><span class='ocrx_word' id='word_1_426' title='bbox 364 2548 559 2595; x_wconf 83' lang='lat' dir='ltr'>praecipue</span> <span class='ocrx_word' id='word_1_427' title='bbox 579 2549 829 2596; x_wconf 87' lang='lat' dir='ltr'>praebuerunt</span> <span class='ocrx_word' id='word_1_428' title='bbox 853 2549 899 2586; x_wconf 91' lang='lat' dir='ltr'>ad</span> <span class='ocrx_word' id='word_1_429' title='bbox 920 2549 1219 2587; x_wconf 68' lang='lat' dir='ltr'>obtrestandum.</span> <span class='ocrx_word' id='word_1_430' title='bbox 1275 2551 1344 2587; x_wconf 88' lang='lat' dir='ltr'>Eas</span> <span class='ocrx_word' id='word_1_431' title='bbox 1367 2552 1470 2586; x_wconf 88' lang='lat' dir='ltr'>enim</span> <span class='ocrx_word' id='word_1_432' title='bbox 1493 2562 1551 2587; x_wconf 91' lang='lat' dir='ltr'>res</span> <span class='ocrx_word' id='word_1_433' title='bbox 1570 2562 1640 2600; x_wconf 91' lang='lat' dir='ltr'>pro</span> <span class='ocrx_word' id='word_1_434' title='bbox 1663 2549 1764 2588; x_wconf 84' lang='lat' dir='ltr'>vanis</span> <span class='ocrx_word' id='word_1_435' title='bbox 1783 2551 1965 2603; x_wconf 66' lang='lat' dir='ltr'>ducimus,</span> 
     </span>
     <span class='ocr_line' id='line_1_44' title="bbox 367 2601 1967 2657; baseline 0.007 -22"><span class='ocrx_word' id='word_1_436' title='bbox 367 2611 462 2649; x_wconf 86' lang='lat' dir='ltr'>quae</span> <span class='ocrx_word' id='word_1_437' title='bbox 485 2611 547 2637; x_wconf 83' lang='lat' dir='ltr'>aut</span> <span class='ocrx_word' id='word_1_438' title='bbox 570 2601 680 2639; x_wconf 84' lang='lat' dir='ltr'>falsae</span> <span class='ocrx_word' id='word_1_439' title='bbox 701 2602 787 2641; x_wconf 90' lang='lat' dir='ltr'>sunt</span> <span class='ocrx_word' id='word_1_440' title='bbox 805 2614 867 2641; x_wconf 86' lang='lat' dir='ltr'>aut</span> <span class='ocrx_word' id='word_1_441' title='bbox 890 2603 1068 2645; x_wconf 83' lang='lat' dir='ltr'>frivolae3</span> <span class='ocrx_word' id='word_1_442' title='bbox 1106 2606 1146 2642; x_wconf 91' lang='lat' dir='ltr'>in</span> <span class='ocrx_word' id='word_1_443' title='bbox 1167 2604 1300 2653; x_wconf 89' lang='lat' dir='ltr'>quibus</span> <span class='ocrx_word' id='word_1_444' title='bbox 1325 2603 1476 2651; x_wconf 88' lang='lat' dir='ltr'>scilicet,</span> <span class='ocrx_word' id='word_1_445' title='bbox 1506 2611 1575 2642; x_wconf 80' lang='lat' dir='ltr'>&#39;aut</span> <span class='ocrx_word' id='word_1_446' title='bbox 1600 2607 1732 2643; x_wconf 84' lang='lat' dir='ltr'>veritas</span> <span class='ocrx_word' id='word_1_447' title='bbox 1754 2606 1880 2651; x_wconf 82' lang='lat' dir='ltr'>deficit</span> <span class='ocrx_word' id='word_1_448' title='bbox 1896 2618 1967 2657; x_wconf 64' lang='lat' dir='ltr'>&gt;aut</span> 
     </span>
     <span class='ocr_line' id='line_1_45' title="bbox 354 2654 1966 2710; baseline 0.005 -18"><span class='ocrx_word' id='word_1_449' title='bbox 354 2654 474 2706; x_wconf 82' lang='lat' dir='ltr'>usus:</span> <span class='ocrx_word' id='word_1_450' title='bbox 511 2655 601 2692; x_wconf 88' lang='lat' dir='ltr'>Illos</span> <span class='ocrx_word' id='word_1_451' title='bbox 623 2659 737 2695; x_wconf 85' lang='lat' dir='ltr'>etiam</span> <span class='ocrx_word' id='word_1_452' title='bbox 756 2659 931 2697; x_wconf 88' lang='lat' dir='ltr'>homines</span> <span class='ocrx_word' id='word_1_453' title='bbox 952 2671 1069 2698; x_wconf 84' lang='lat' dir='ltr'>vanos</span> <span class='ocrx_word' id='word_1_454' title='bbox 1083 2661 1120 2697; x_wconf 91' lang='lat'>&amp;</span> <span class='ocrx_word' id='word_1_455' title='bbox 1141 2659 1240 2702; x_wconf 78' lang='lat' dir='ltr'>leves</span> <span class='ocrx_word' id='word_1_456' title='bbox 1258 2655 1515 2707; x_wconf 75' lang='lat' dir='ltr'>existimamus,</span> <span class='ocrx_word' id='word_1_457' title='bbox 1544 2662 1609 2710; x_wconf 90' lang='lat' dir='ltr'>qui</span> <span class='ocrx_word' id='word_1_458' title='bbox 1630 2670 1691 2698; x_wconf 89' lang='lat' dir='ltr'>aut</span> <span class='ocrx_word' id='word_1_459' title='bbox 1715 2661 1761 2698; x_wconf 88' lang='lat' dir='ltr'>ad</span> <span class='ocrx_word' id='word_1_460' title='bbox 1775 2656 1864 2699; x_wconf 86' lang='lat' dir='ltr'>falsa</span> <span class='ocrx_word' id='word_1_461' title='bbox 1888 2675 1966 2710; x_wconf 79' lang='lat' dir='ltr'>ere-</span> 
     </span>
     <span class='ocr_line' id='line_1_46' title="bbox 369 2709 1966 2770; baseline 0.006 -24"><span class='ocrx_word' id='word_1_462' title='bbox 369 2709 461 2755; x_wconf 85' lang='lat' dir='ltr'>duli,</span> <span class='ocrx_word' id='word_1_463' title='bbox 491 2720 553 2747; x_wconf 87' lang='lat' dir='ltr'>aut</span> <span class='ocrx_word' id='word_1_464' title='bbox 573 2711 614 2748; x_wconf 90' lang='lat' dir='ltr'>in</span> <span class='ocrx_word' id='word_1_465' title='bbox 632 2712 741 2750; x_wconf 90' lang='lat' dir='ltr'>rebus</span> <span class='ocrx_word' id='word_1_466' title='bbox 765 2715 888 2764; x_wconf 83' lang='lat' dir='ltr'>exigui</span> <span class='ocrx_word' id='word_1_467' title='bbox 908 2713 991 2752; x_wconf 90' lang='lat' dir='ltr'>usus</span> <span class='ocrx_word' id='word_1_468' title='bbox 1015 2711 1160 2752; x_wconf 81' lang='lat' dir='ltr'>curiosi.</span> <span class='ocrx_word' id='word_1_469' title='bbox 1217 2711 1420 2752; x_wconf 83' lang='lat' dir='ltr'>Curiofitas</span> <span class='ocrx_word' id='word_1_470' title='bbox 1444 2725 1582 2762; x_wconf 88' lang='lat' dir='ltr'>autem,</span> <span class='ocrx_word' id='word_1_471' title='bbox 1612 2726 1674 2753; x_wconf 82' lang='lat' dir='ltr'>aut</span> <span class='ocrx_word' id='word_1_472' title='bbox 1693 2717 1734 2755; x_wconf 88' lang='lat' dir='ltr'>in</span> <span class='ocrx_word' id='word_1_473' title='bbox 1754 2716 1863 2755; x_wconf 85' lang='lat' dir='ltr'>rebus</span> <span class='ocrx_word' id='word_1_474' title='bbox 1885 2711 1966 2770; x_wconf 71' lang='lat' dir='ltr'>ipsis</span> 
     </span>
     <span class='ocr_line' id='line_1_47' title="bbox 367 2763 1968 2823; baseline 0.005 -21"><span class='ocrx_word' id='word_1_475' title='bbox 367 2763 542 2812; x_wconf 85' lang='lat' dir='ltr'>versatur,</span> <span class='ocrx_word' id='word_1_476' title='bbox 569 2774 632 2803; x_wconf 89' lang='lat' dir='ltr'>aut</span> <span class='ocrx_word' id='word_1_477' title='bbox 656 2767 695 2804; x_wconf 90' lang='lat' dir='ltr'>in</span> <span class='ocrx_word' id='word_1_478' title='bbox 715 2769 856 2811; x_wconf 78' lang='lat' dir='ltr'>verbis3</span> <span class='ocrx_word' id='word_1_479' title='bbox 884 2770 1038 2819; x_wconf 90' lang='lat' dir='ltr'>quando</span> <span class='ocrx_word' id='word_1_480' title='bbox 1060 2770 1256 2816; x_wconf 88' lang='lat' dir='ltr'>nimirum,</span> <span class='ocrx_word' id='word_1_481' title='bbox 1284 2779 1345 2807; x_wconf 89' lang='lat' dir='ltr'>aut</span> <span class='ocrx_word' id='word_1_482' title='bbox 1368 2768 1408 2806; x_wconf 88' lang='lat' dir='ltr'>in</span> <span class='ocrx_word' id='word_1_483' title='bbox 1423 2770 1531 2808; x_wconf 87' lang='lat' dir='ltr'>rebus</span> <span class='ocrx_word' id='word_1_484' title='bbox 1545 2771 1718 2809; x_wconf 87' lang='lat' dir='ltr'>inanibus</span> <span class='ocrx_word' id='word_1_485' title='bbox 1734 2783 1846 2820; x_wconf 89' lang='lat' dir='ltr'>opera</span> <span class='ocrx_word' id='word_1_486' title='bbox 1869 2772 1968 2823; x_wconf 68' lang='lat' dir='ltr'>insu·</span> 
     </span>
     <span class='ocr_line' id='line_1_48' title="bbox 367 2820 1968 2878; baseline 0.007 -23"><span class='ocrx_word' id='word_1_487' title='bbox 367 2820 496 2866; x_wconf 89' lang='lat' dir='ltr'>mitur,</span> <span class='ocrx_word' id='word_1_488' title='bbox 525 2829 588 2857; x_wconf 88' lang='lat' dir='ltr'>aut</span> <span class='ocrx_word' id='word_1_489' title='bbox 603 2821 698 2857; x_wconf 87' lang='lat' dir='ltr'>circa</span> <span class='ocrx_word' id='word_1_490' title='bbox 717 2824 920 2862; x_wconf 83' lang='lat' dir='ltr'>verborum</span> <span class='ocrx_word' id='word_1_491' title='bbox 933 2823 1078 2862; x_wconf 89' lang='lat' dir='ltr'>delicias</span> <span class='ocrx_word' id='word_1_492' title='bbox 1092 2820 1258 2862; x_wconf 83' lang='lat' dir='ltr'>nimium</span> <span class='ocrx_word' id='word_1_493' title='bbox 1273 2823 1473 2862; x_wconf 85' lang='lat' dir='ltr'>insudatur.</span> <span class='ocrx_word' id='word_1_494' title='bbox 1527 2827 1725 2878; x_wconf 72' lang='lat' dir='ltr'>Quocirca,</span> <span class='ocrx_word' id='word_1_495' title='bbox 1753 2838 1834 2863; x_wconf 88' lang='lat' dir='ltr'>nou</span> <span class='ocrx_word' id='word_1_496' title='bbox 1848 2838 1968 2866; x_wconf 81' lang='lat' dir='ltr'>certae</span> 
     </span>
     <span class='ocr_line' id='line_1_49' title="bbox 370 2873 1966 2934; baseline 0.007 -25"><span class='ocrx_word' id='word_1_497' title='bbox 370 2875 487 2922; x_wconf 79' lang='lat' dir='ltr'>magis</span> <span class='ocrx_word' id='word_1_498' title='bbox 510 2873 755 2926; x_wconf 84' lang='lat' dir='ltr'>experientiae</span> <span class='ocrx_word' id='word_1_499' title='bbox 770 2890 882 2926; x_wconf 88' lang='lat' dir='ltr'>quam</span> <span class='ocrx_word' id='word_1_500' title='bbox 906 2880 1025 2917; x_wconf 60' lang='lat' dir='ltr'>restae</span> <span class='ocrx_word' id='word_1_501' title='bbox 1040 2880 1153 2917; x_wconf 90' lang='lat' dir='ltr'>etiam</span> <span class='ocrx_word' id='word_1_502' title='bbox 1176 2880 1314 2916; x_wconf 89' lang='lat' dir='ltr'>rationi</span> <span class='ocrx_word' id='word_1_503' title='bbox 1329 2879 1543 2918; x_wconf 83' lang='lat' dir='ltr'>consonum</span> <span class='ocrx_word' id='word_1_504' title='bbox 1567 2879 1720 2927; x_wconf 75' lang='lat' dir='ltr'>videtur,</span> <span class='ocrx_word' id='word_1_505' title='bbox 1751 2892 1791 2919; x_wconf 93' lang='lat' dir='ltr'>ut</span> <span class='ocrx_word' id='word_1_506' title='bbox 1806 2892 1880 2919; x_wconf 87' lang='lat' dir='ltr'>tres</span> <span class='ocrx_word' id='word_1_507' title='bbox 1900 2895 1966 2934; x_wconf 69' lang='lat' dir='ltr'>po&lt;</span> 
     </span>
     <span class='ocr_line' id='line_1_50' title="bbox 371 2930 1967 2987; baseline 0.005 -21"><span class='ocrx_word' id='word_1_508' title='bbox 371 2939 508 2966; x_wconf 86' lang='lat' dir='ltr'>nantur</span> <span class='ocrx_word' id='word_1_509' title='bbox 536 2930 792 2969; x_wconf 51' lang='lat' dir='ltr'>doctrinarum</span> <span class='ocrx_word' id='word_1_510' title='bbox 817 2935 1069 2984; x_wconf 89' lang='lat' dir='ltr'>intemperies.</span> <span class='ocrx_word' id='word_1_511' title='bbox 1123 2935 1248 2972; x_wconf 88' lang='lat' dir='ltr'>Prima</span> <span class='ocrx_word' id='word_1_512' title='bbox 1272 2933 1321 2971; x_wconf 90' lang='lat' dir='ltr'>est</span> <span class='ocrx_word' id='word_1_513' title='bbox 1345 2935 1514 2972; x_wconf 60' lang='lat' dir='ltr'>doctrina</span> <span class='ocrx_word' id='word_1_514' title='bbox 1538 2934 1770 2987; x_wconf 82' lang='lat' dir='ltr'>phantastica,</span> <span class='ocrx_word' id='word_1_515' title='bbox 1810 2936 1967 2978; x_wconf 87' lang='lat' dir='ltr'>secunda</span> 
     </span>
     <span class='ocr_line' id='line_1_51' title="bbox 370 2982 1966 3042; baseline 0.006 -22"><span class='ocrx_word' id='word_1_516' title='bbox 370 2982 542 3021; x_wconf 61' lang='lat' dir='ltr'>doctrina</span> <span class='ocrx_word' id='word_1_517' title='bbox 560 2984 734 3035; x_wconf 85' lang='lat' dir='ltr'>litigiosa,</span> <span class='ocrx_word' id='word_1_518' title='bbox 761 2990 872 3025; x_wconf 85' lang='lat' dir='ltr'>tertia</span> <span class='ocrx_word' id='word_1_519' title='bbox 894 2988 1064 3027; x_wconf 68' lang='lat' dir='ltr'>dostrina</span> <span class='ocrx_word' id='word_1_520' title='bbox 1087 2988 1207 3028; x_wconf 90' lang='lat' dir='ltr'>fucata</span> <span class='ocrx_word' id='word_1_521' title='bbox 1233 2991 1269 3027; x_wconf 89' lang='lat'>&amp;</span> <span class='ocrx_word' id='word_1_522' title='bbox 1294 2990 1442 3027; x_wconf 87' lang='lat' dir='ltr'>mollis:</span> <span class='ocrx_word' id='word_1_523' title='bbox 1476 2991 1532 3028; x_wconf 84' lang='lat' dir='ltr'>vel</span> <span class='ocrx_word' id='word_1_524' title='bbox 1553 2988 1622 3031; x_wconf 78' lang='lat' dir='ltr'>sic3</span> <span class='ocrx_word' id='word_1_525' title='bbox 1650 3003 1764 3028; x_wconf 83' lang='lat' dir='ltr'>vanae</span> <span class='ocrx_word' id='word_1_526' title='bbox 1791 2993 1966 3042; x_wconf 83' lang='lat' dir='ltr'>imagina-</span> 
     </span>
    </p>
   </div>
   <div class='ocr_carea' id='block_1_4' title="bbox 369 3039 1967 3134">
    <p class='ocr_par' dir='ltr' id='par_1_7' title="bbox 369 3039 1967 3134">
     <span class='ocr_line' id='line_1_52' title="bbox 369 3039 1967 3100; baseline 0.006 -25"><span class='ocrx_word' id='word_1_527' title='bbox 369 3039 508 3100; x_wconf 72' lang='lat' dir='ltr'>tiones,</span> <span class='ocrx_word' id='word_1_528' title='bbox 544 3051 659 3081; x_wconf 79' lang='lat' dir='ltr'>vanae</span> <span class='ocrx_word' id='word_1_529' title='bbox 681 3041 950 3093; x_wconf 71' lang='lat' dir='ltr'>altereationes,</span> <span class='ocrx_word' id='word_1_530' title='bbox 978 3056 1092 3084; x_wconf 81' lang='lat' dir='ltr'>vanae</span> <span class='ocrx_word' id='word_1_531' title='bbox 1113 3043 1377 3084; x_wconf 72' lang='lat' dir='ltr'>affeecationes.</span> <span class='ocrx_word' id='word_1_532' title='bbox 1431 3044 1493 3085; x_wconf 86' lang='lat' dir='ltr'>Ac</span> <span class='ocrx_word' id='word_1_533' title='bbox 1518 3045 1671 3096; x_wconf 85' lang='lat' dir='ltr'>quidem</span> <span class='ocrx_word' id='word_1_534' title='bbox 1697 3047 1821 3085; x_wconf 75' lang='lat' dir='ltr'>ordiar</span> <span class='ocrx_word' id='word_1_535' title='bbox 1843 3048 1889 3084; x_wconf 87' lang='lat' dir='ltr'>ab</span> <span class='ocrx_word' id='word_1_536' title='bbox 1913 3049 1967 3090; x_wconf 68' lang='lat' dir='ltr'>ul&lt;</span> 
     </span>
     <span class='ocr_line' id='line_1_53' title="bbox 371 3101 476 3134; baseline 0.038 -4"><span class='ocrx_word' id='word_1_537' title='bbox 371 3101 476 3134; x_wconf 80' lang='lat' dir='ltr'>tima.</span> 
     </span>
    </p>
   </div>
   <div class='ocr_carea' id='block_1_5' title="bbox 1791 3156 1968 3205">
    <p class='ocr_par' dir='ltr' id='par_1_8' title="bbox 1791 3156 1968 3205">
     <span class='ocr_line' id='line_1_54' title="bbox 1791 3156 1968 3205; baseline 0 -12"><span class='ocrx_word' id='word_1_538' title='bbox 1791 3156 1968 3205; x_wconf 47' lang='lat' dir='ltr'>INTER?</span> 
     </span>
    </p>
   </div>
  </div>
 </body>
</html>
