2040 3439
191 237 283 272 122

392 217 490 268 DE
544 188 1041 266 AU‘GMEN‘rrs
1093 208 1980 262 SCIENTIARUM.Lst›.1V.⁷
2039 198 2040 205 ’

376 318 585 370 Quotus
609 315 714 351 enim
729 309 886 360 quisque
906 307 1025 356 novit,
1054 318 1214 358 aegroto
1230 317 1387 345 mortuo
1406 317 1469 345 aut
1489 305 1670 353 restituto,
1699 306 1792 345 item
1806 310 1939 360 repub-

325 375 397 412 lica
423 371 552 417 stante,
589 370 649 406 vel
677 367 839 412 labante,
876 374 1005 402 utrum
1039 361 1081 401 fit
1112 373 1170 401 res
1201 362 1301 400 casus
1329 375 1377 400 an
1413 360 1583 400 consilii?
1626 363 1683 400 Pit
1713 364 1839 413 itaque
1867 364 1941 403 sae·

326 423 488 480 pissime,
516 434 559 462 ut
586 422 767 473 impostor
794 420 974 472 palmam,
1003 416 1116 456 virtus
1138 417 1332 456 censuram
1363 417 1510 455 referat.
1564 418 1670 469 Quin
1690 429 1733 455 ea
1748 419 1798 456 est
1815 419 1940 458 homi-

328 494 423 522 num
458 479 656 517 infirmitas
686 479 723 514 &
751 475 962 521 credulitas,
1006 483 1047 510 ut
1077 472 1348 523 saepenumero
1375 483 1547 522 agyrtam
1575 483 1638 510 aut
1672 472 1796 523 sagam
1823 474 1943 513 docto

326 537 480 576 medico
494 541 738 584 praeponant.
794 532 920 582 Quare
943 530 1080 579 poetae
1094 530 1235 566 oculati
1250 529 1362 580 plane
1383 530 1420 565 ὅ(
1442 526 1666 579 perspicaces
1685 527 1791 565 fuiss'e
1812 528 1942 568 viden-

328 603 410 633 tur;
437 601 526 627 cum
541 584 779 638 AEsculapio
796 585 951 623 Circem
979 583 1152 621 sororem
1177 583 1375 630 dederunt,
1405 593 1611 631 utrumque
1631 595 1653 620 e
1674 581 1753 620 sole
1781 595 1942 636 progna-

328 657 439 688 tum3
466 641 556 681 ficut
571 642 727 680 habetur
741 639 781 677 in
796 637 970 687 verfibus,
1000 639 1048 676 de
1062 638 1302 690 AEsculapio
1317 638 1559 688 Phoebigcna
1576 651 1585 673 z

659 713 734 753 Ille
754 720 986 768 repertorem
1008 709 1222 751 medicinae
1240 710 1350 760 talis,
1381 709 1427 755 &a
1443 712 1559 758 artis,

658 769 834 809 Fulmine
854 765 1147 821 Phoebigenam
1177 765 1337 821 Stygias
1359 764 1520 818 detrzfit
1540 765 1596 804 ad
1613 765 1749 805 undas.

329 859 378 896 Et
406 853 573 895 similiter
596 853 646 890 de
670 852 795 900 Circe,
825 852 923 890 Solis
947 850 1047 888 filia:

661 933 806 974 ‘Dives
829 929 1026 982 inaccffs
1054 929 1119 970 ubi
1135 929 1237 983 sblis
1253 928 1348 982 filia
1376 928 1478 969 lucis

660 988 756 1029 Urit
781 986 980 1027 odoratam
1001 986 1187 1026 noc‘Jurna
1207 987 1249 1024 in
1272 985 1419 1025 lumina
1442 983 1606 1024 cedrum.

330 1077 525 1117 Omnibus
552 1075 658 1113 enim
681 1072 929 1124 temporibus,
965 1070 1064 1108 fama
1087 1073 1125 1108 ὅ(
1150 1071 1334 1120 opinione
1358 1068 1473 1119 vulgi,
1511 1068 1614 1119 sagae
1646 1069 1685 1106 ὅ(
1710 1068 1881 1106 aniculae
1903 1069 1943 1107 ὅ(

331 1132 567 1185 impostores,
597 1129 836 1166 medicorum
851 1126 1144 1176 quodammodo
1164 1127 1295 1163 rivales
1309 1125 1413 1163 fuere
1429 1138 1440 1164 ς
1470 1127 1507 1161 &
1522 1126 1568 1161 de
1583 1125 1826 1161 curationum
1847 1124 1948 1162 cele-

331 1185 467 1226 britatc
488 1198 576 1223 cum
597 1183 730 1221 iisdem
740 1182 820 1219 fere
839 1191 1042 1219 certarunt.
1099 1182 1151 1217 Ex
1168 1180 1242 1218 hoc
1262 1181 1324 1218 dic
1339 1180 1445 1218 sodes
1460 1180 1551 1228 quid
1568 1179 1758 1227 sequitur?
1788 1180 1943 1229 Nempe

332 1253 376 1281 ut
391 1240 528 1279 medici
552 1242 603 1277 ita
626 1239 765 1284 secum,
795 1236 1125 1285 quemadmodum
1142 1236 1335 1272 Solomon
1355 1234 1393 1272 in
1418 1248 1456 1272 re
1485 1235 1672 1285 graviori3
1701 1231 1745 1272 Si
1763 1245 1864 1271 unus
1893 1230 1943 1276 ὀ»

318 1295 442 1348 stulti
473 1292 521 1338 df
549 1305 656 1332 meus
677 1298 844 1330 eventus
872 1291 961 1338 erit,
991 1288 1089 1344 quid
1100 1287 1198 1327 mihi
1207 1287 1373 1342 prodest,
1403 1288 1506 1342 quod
1522 1286 1705 1342 majorem
1718 1287 1945 1341 sapientiae

290 1391 293 1393 ,
330 1350 423 1390 dedi
444 1359 594 1403 operam
612 1346 633 1387 ,Ρ
674 1346 861 1396 Equidem
885 1347 1043 1384 medicis
1066 1347 1193 1383 minus
1221 1344 1434 1392 succenseo,
1463 1344 1488 1383 fi
1514 1344 1785 1396 saepenumero
1810 1353 1946 1382 vacent

328 1404 439 1445 alicui
466 1407 573 1443 alteri
602 1403 735 1450 studio,
765 1402 870 1451 quod
893 1403 1069 1439 adamant
1096 1402 1228 1450 magis,
1257 1412 1372 1450 quam
1401 1399 1470 1438 arti
1494 1400 1578 1438 suae
1599 1401 1784 1452 propriae.
1838 1400 1945 1438 Inve-

330 1465 412 1500 nies
427 1462 571 1500 etenim
587 1462 686 1497 inter
704 1470 781 1504 eos,
809 1460 947 1507 po'e'tas,
971 1455 1214 1505 antiquarios,
1235 1457 1398 1503 criticos,
1419 1456 1596 1502 rhetores,
1616 1455 1807 1505 politicos,
1836 1454 1946 1493 theo-

331 1515 455 1568 logos,
487 1527 598 1564 atque
616 1516 657 1551 in
678 1515 722 1551 iis
737 1512 876 1550 artibus
893 1514 1023 1562 magis,
1053 1523 1166 1560 quam
1183 1513 1223 1549 in
1235 1508 1468 1564 professione
1483 1511 1635 1563 propria
1648 1511 1826 1548 eruditos.
1864 1511 1945 1549 Ne·

329 1585 404 1622 que
428 1571 501 1609 hoc
523 1571 577 1611 fit,
607 1580 648 1607 ut
672 1570 848 1614 arbitror,
884 1569 971 1617 quia
1001 1568 1057 1614 (ut
1082 1567 1236 1615 quidam
1258 1567 1490 1604 declamator
1513 1577 1649 1603 contra
1673 1564 1844 1603 scientias
1865 1576 1944 1604 me-

330 1629 423 1666 dicis
441 1624 588 1673 objicit)
614 1625 775 1662 habeant
799 1635 895 1672 quae
914 1621 981 1660 fibi
1001 1621 1245 1660 obversentur
1266 1622 1412 1667 objcera
1444 1632 1522 1660 tam
1549 1621 1663 1659 foeda
1681 1622 1719 1658 &
1746 1619 1870 1667 tristia,
1898 1630 1943 1659 ut

330 1684 504 1720 animum
519 1681 565 1718 ad
581 1681 649 1717 alia
664 1680 847 1716 abducere
869 1677 914 1716 iis
935 1679 1102 1716 omnino
1124 1675 1166 1714 fit
1194 1689 1312 1726 opus3
1343 1677 1447 1724 (nam
1467 1678 1533 1727 qui
1557 1675 1731 1714 homines
1748 1673 1834 1723 fint,
1862 1673 1944 1715 Ni-

330 1736 395 1776 hil
418 1736 578 1776 humani
592 1748 617 1773 a
626 1733 674 1787 st'
688 1732 858 1772 alienum
868 1740 1016 1787 putent
1026 1734 1057 1781 ς)
1087 1732 1148 1769 sed
1169 1734 1221 1770 ob
1236 1732 1310 1769 hoc
1329 1730 1464 1782 ipsum,
1493 1732 1541 1769 de
1561 1743 1641 1780 quo
1658 1743 1763 1769 nunc
1777 1730 1942 1781 agimus

330 1805 470 1845 nempe
485 1791 589 1841 quod
615 1791 856 1835 arbitrentur,
886 1801 1018 1841 parum
1049 1786 1129 1838 ipfis
1153 1787 1333 1833 interesse,
1362 1789 1421 1825 vel
1450 1788 1494 1825 ad
1525 1786 1854 1833 existimationem,
1881 1788 1946 1825 vel

329 1849 375 1886 ad
399 1850 560 1893 lucrum,
588 1856 718 1883 utrum
734 1846 820 1882 artis
841 1843 923 1882 suae
938 1844 1256 1889 mediocritatem,
1283 1854 1332 1879 an
1355 1842 1630 1894 perfeetionem
1645 1843 1685 1879 in
1701 1854 1744 1880 ea
1757 1842 1947 1887 majorem

331 1903 578 1952 assequantur.
635 1900 768 1937 Morbi
792 1901 897 1937 enim
921 1900 1054 1945 taedia,
1082 1899 1180 1936 vitae
1196 1898 1370 1944 dulcedO,
1400 1896 1475 1947 spei
1491 1898 1646 1944 fallacia,
1675 1899 1712 1935 ὅ(
1731 1897 1945 1935 amicorum

331 1956 633 2001 commendam,
661 1952 844 2001 efficiunt,
873 1964 915 1992 ut
944 1954 1122 1992 homines
1142 1953 1251 1991 facile
1273 1954 1312 1989 in
1329 1953 1486 1990 medicis
1502 1951 1823 2001 qualibuscunque
1851 1951 1945 1991 fidu-

331 2015 429 2051 ciam
453 2013 656 2049 collocent.
715 2011 861 2048 Verum
885 2008 910 2046 fi
930 2008 1012 2059 quis
1035 2010 1125 2047 haec
1146 2009 1324 2046 attentius
1345 2009 1564 2060 perpendat,
1592 2020 1634 2044 ea
1652 2009 1780 2059 potius
1798 2007 1846 2045 ad
1868 2008 1946 2046 cul-

332 2081 419 2119 pam
441 2067 692 2111 medicorum,
709 2077 822 2114 quam
839 2065 883 2102 ad
905 2066 1035 2114 culpae
1051 2063 1331 2102 excusationem
1348 2063 1510 2115 speetant
1529 2078 1536 2100 ;
1568 2065 1706 2111 Neque
1720 2063 1825 2099 enim
1841 2062 1946 2111 spem

330 2125 501 2169 abjicere,
532 2121 593 2159 sed
608 2123 704 2158 vires
725 2119 849 2170 potius
873 2121 1070 2157 intendere
1086 2119 1306 2157 debuerant.
1364 2121 1469 2157 Nam
1493 2116 1520 2155 fi
1545 2120 1603 2155 cui
1630 2119 1752 2167 placet
1775 2117 1945 2156 observa-

332 2181 481 2216 tionem
497 2175 778 2228 expergefacere
798 2175 914 2222 suam,
936 2177 973 2213 ὅ(
988 2176 1169 2225 paulatim
1185 2173 1481 2223 circumspicere,
1498 2175 1612 2211 ctiam
1627 2186 1670 2210 ex
1685 2174 1864 2222 exemplis
1877 2174 1945 2210 ob-

332 2235 401 2271 viis
429 2235 467 2271 &
494 2232 740 2269 familiaribus
764 2230 874 2268 facile
900 2230 1169 2281 deprehendet,
1206 2239 1392 2278 quantum
1426 2229 1598 2266 obtineat
1623 2227 1771 2280 imperii
1799 2227 1945 2266 intelle-

330 2290 409 2327 Ctus
441 2288 624 2325 subtilitas
653 2288 690 2324 ὃ(
718 2297 891 2332 acumen,
921 2287 962 2323 in
987 2287 1208 2323 varietatem
1231 2282 1302 2323 five
1330 2286 1508 2322 materiae
1535 2281 1607 2321 five
1631 2283 1779 2321 formae
1801 2295 1942 2321 rerum.

333 2343 401 2382 Nil
417 2342 532 2393 magis
554 2343 712 2388 varium,
741 2352 856 2390 quam
882 2341 1095 2378 hominum
1117 2341 1228 2378 facies
1257 2341 1293 2377 ὅ(
1316 2341 1469 2380 vultus;
1498 2350 1634 2377 eorum
1659 2349 1788 2376 tamen
1815 2337 1942 2376 discri—

333 2401 437 2437 mina
458 2398 604 2435 infinita
624 2398 761 2434 retinet
791 2394 1001 2433 memoria:
1031 2397 1116 2433 Imo
1144 2396 1266 2448 pistor
1294 2407 1337 2431 ex
1354 2396 1520 2445 pauculis
1535 2395 1710 2431 colorum
1726 2393 1837 2439 testis,
1863 2395 1944 2432 acie

330 2456 433 2492 oculi
454 2453 548 2500 usus,
578 2455 615 2490 ὅ(
641 2453 678 2490 νί
707 2449 927 2501 phantasiae,
957 2452 995 2488 ὃ(
1011 2462 1144 2488 manus
1159 2450 1376 2495 constantia,
1406 2451 1584 2487 omnium
1612 2448 1736 2495 facies,
1763 2448 1943 2499 quisunt,

334 2510 498 2555 fuerunt,
528 2519 640 2556 atquc
662 2509 778 2544 etiam
804 2504 842 2553 (fi
858 2518 988 2544 coram
1004 2504 1382 2555 repraesentarentur)
1411 2507 1476 2553 qui
1501 2503 1616 2541 futuri
1637 2503 1734 2551 sunt,
1761 2504 1946 2553 penicillo

335 2562 473 2602 imitari
489 2575 529 2600 ac
549 2561 757 2600 describere
778 2560 909 2614 posset.
964 2562 1140 2599 Humana
1159 2572 1253 2599 voce
1281 2560 1337 2596 nil
1354 2562 1471 2608 magis
1487 2561 1655 2600 varium3
1683 2559 1794 2603 hujus
1814 2570 1944 2598 tamen

334 2618 549 2657 discrimina
575 2619 614 2654 in
639 2615 790 2667 singulis
809 2616 979 2668 personis
999 2615 1108 2654 facilc
1124 2613 1440 2652 internoscimus:
1469 2615 1692 2666 Quinetiam
1713 2625 1796 2652 non
1808 2613 1945 2652 desunt

334 2674 531 2712 moriones
547 2674 582 2709 ὅ(
602 2673 833 2724 pantomimi
860 2671 1028 2721 quidam,
1055 2671 1135 2719 qui,
1163 2679 1354 2718 quotquot
1371 2669 1535 2716 libuerit,
1564 2669 1718 2707 reddere
1746 2668 1880 2715 sciunt,
1907 2672 1945 2708 &

334 2730 380 2767 ad
403 2729 532 2766 vivum
548 2726 764 2778 exprimere.
826 2727 895 2765 Nil
922 2725 1039 2775 magis
1061 2726 1218 2771 varium,
1250 2736 1365 2773 quam
1389 2723 1471 2761 soni
1486 2726 1684 2770 articulati,
1714 2725 1824 2762 verba
1849 2723 1943 2762 scili-

334 2794 420 2821 cet:
450 2781 506 2820 via
526 2792 653 2818 tamen
676 2781 769 2819 inita
798 2782 859 2829 est,
887 2793 930 2819 ea
957 2780 1159 2819 reducendi
1190 2780 1235 2816 acl
1258 2791 1391 2831 paucas
1416 2781 1539 2817 literas
1561 2778 1756 2828 alphabeti.
1812 2779 1945 2828 Atque

335 2837 430 2877 illud
460 2832 693 2875 vcriss'lmum
716 2837 777 2883 cst,
806 2849 888 2875 non
913 2849 956 2873 ex
976 2848 1037 2883 eo,
1067 2835 1171 2884 quod
1201 2847 1310 2871 mens
1339 2834 1503 2872 humana
1524 2832 1563 2871 sit
1580 2837 1707 2872 minus
1723 2834 1866 2871 subtilis
1881 2844 1944 2872 aut

336 2906 460 2946 capax,
491 2892 753 2942 perplexitates
774 2894 811 2929 ὅ(
835 2889 1064 2940 acatalepfias
1088 2892 1128 2927 in
1145 2888 1304 2927 scientiis
1320 2891 1528 2938 plerunque
1553 2891 1781 2941 provenire3
1810 2888 1870 2926 scd
1900 2901 1944 2927 cx

335 2961 384 2986 eo
404 2948 541 2998 potius,
570 2946 673 2994 quod
690 2947 881 2991 objectum
898 2947 1013 2983 nimis
1031 2948 1069 2983 in
1087 2955 1241 2982 remoto
1257 2946 1488 2982 collocatum
1506 2943 1558 2982 sit.
1619 2946 1723 2982 Sicut
1738 2945 1843 2981 enim
1865 2943 1945 2983 scn-

336 3003 406 3050 sus,
435 3001 567 3054 procul
594 3001 639 3037 ab
668 3001 819 3046 objcero
837 2997 995 3048 dissitus,
1024 3002 1234 3052 plurimum
1261 2999 1428 3040 fallitur3
1458 2999 1585 3037 debite
1611 2998 1942 3049 appropinquatuS,

338 3070 420 3096 non
436 3058 601 3095 multum
623 3065 744 3097 errat3
773 3057 825 3094 ita
850 3055 890 3093 fit
919 3056 959 3093 in
990 3055 1194 3094 intellectu.
1253 3055 1386 3095 Solent
1415 3064 1543 3093 autem
1559 3053 1733 3093 homines
1760 3064 1945 3096 naturam,

1766 3120 1945 3159 tanquam
