2040 3439
79 193 298 276 cap.v1.
357 210 456 255 DE
507 210 999 257 AUGMENTIS
1055 212 1655 262 SCIENTIARUM.
1735 230 1791 260 11

78 323 159 348 ram
175 310 313 347 scilicet
330 307 504 360 perficere
521 309 558 345 ὃ(
570 307 679 344 omni
690 309 969 360 impedimento
984 310 1139 347 liberare
1151 306 1275 362 possit.
1323 313 1506 352 Similiter
1524 314 1686 354 senceru-

74 367 123 404 tis
147 365 359 410 retardatio,
396 373 458 400 aut
487 363 620 412 gradus
644 365 798 407 alicujus
827 366 1030 409 juventutis
1055 364 1282 413 instauratio,
1320 379 1402 405 non
1429 368 1537 407 facile
1569 370 1685 409 fidem

75 422 255 471 reperiat:
286 420 470 456 Attamen
491 419 606 467 longe
627 416 862 456 verisimilius
877 420 925 456 est
946 421 990 457 ab
1011 420 1179 468 homine,
1208 423 1273 470 qui
1300 433 1473 461 naturam
1493 426 1684 464 arefaffio-

72 478 145 523 nis,
182 477 219 513 ὅ(
244 473 440 526 spirituum
463 472 568 522 super
589 472 706 510 solida
730 476 898 523 corporis
922 475 1229 524 depraedationes
1255 477 1351 515 bene
1374 481 1503 521 norit3
1542 484 1684 530 quique

72 541 246 568 naturam
265 524 551 575 affimiIadonis,
590 538 701 579 atque
724 528 1019 567 alimentationis
1046 531 1103 567 vel
1129 531 1370 581 perfectioris,
1410 536 1466 572 vel
1485 538 1681 585 pravioris‚

72 585 317 638 perspexerit;
354 593 525 620 naturam
549 584 664 620 etiam
686 582 895 632 spirituum,
933 587 970 622 ὅ(
995 583 1093 633 quast
1113 585 1288 623 flammae
1312 591 1494 640 corporiS,
1532 593 1618 629 alias
1638 595 1684 630 ad

72 639 376 679 consumendum
400 636 595 690 appositae,
633 639 720 675 alias
744 639 790 675 ad
811 640 1070 691 reparandum,
1110 643 1272 683 noratit3
1310 644 1410 692 poss‘e
1439 658 1505 697 per
1533 647 1682 696 diaetas,

73 697 216 742 balnea,
246 694 455 739 unctiones,
484 693 688 730 medicinas
703 696 884 746 proprias,
912 696 1198 733 accommodata
1213 698 1329 734 etiam
1344 702 1517 738 exercitia
1533 704 1569 740 δε
1586 701 1682 741 simi-

73 752 134 799 lia,
171 751 285 788 vitam
312 749 544 800 prolongari,
582 759 645 785 aut
675 750 848 797 vigorem
880 750 1096 796 juventutis,
1134 752 1256 799 aliqua
1282 764 1324 788 ex
1352 765 1456 804 parte
1487 762 1682 797 renovari:

72 817 188 857 quam
211 805 316 854 quod
339 803 413 841 hoc
438 801 516 840 fieri
544 800 657 853 pollit
678 816 743 855 per
769 815 890 853 guttas
916 806 1088 855 pauculas
1110 815 1173 842 aut
1199 805 1391 855 scrupulos
1418 811 1573 854 alicujus
1598 825 1677 862 pre-

68 860 153 900 tiosi
177 861 347 909 liquoris,
385 869 448 896 aut
471 858 766 907 quintess'entiac.
824 858 964 897 Rursus
990 872 1032 896 ex
1053 858 1147 896 astris
1167 860 1240 897 fata
1261 862 1343 898 elici
1370 865 1482 912 posse,
1514 880 1595 904 non
1615 868 1678 906 sta-

68 919 140 956 tim
155 926 217 954 aut
240 915 347 953 facile
363 914 539 952 homines
560 913 835 951 consenserint:
864 914 930 950 Illa
945 926 1054 955 νει-ος
1084 916 1187 963 quod
1215 915 1307 953 hora
1326 920 1540 967 nativitatis,
1573 923 1682 972 (quae

67 967 274 1023 saepiffime
293 982 335 1007 ex
355 970 522 1020 pluribus
538 970 790 1007 accidentibus
814 969 1054 1016 naturalibus,
1085 971 1143 1007 vel
1159 972 1385 1009 acceleratur
1401 976 1458 1011 vel
1479 975 1677 1028 differtur)

69 1026 165 1067 vitae
192 1027 310 1064 totius
338 1026 532 1063 fortunam
562 1035 678 1073 regat,
719 1034 782 1061 aut
812 1024 916 1073 quod
947 1025 1038 1061 hora
1068 1025 1303 1074 quaestionis,
1339 1026 1382 1065 fit
1411 1041 1499 1067 cum
1528 1045 1568 1069 re
1596 1032 1682 1085 ipsa,

69 1094 164 1134 quae
193 1081 395 1130 quaeritur,
434 1079 644 1125 confinalis,
685 1092 804 1116 meras
832 1091 949 1128 nugas
979 1080 1126 1117 dixeris,
1191 1080 1377 1120 Attamen
1405 1094 1506 1122 tanta
1538 1100 1682 1128 exercet

69 1138 280 1176 humanum
305 1148 422 1185 genus
446 1137 672 1184 impotentia
693 1137 729 1172 ὃς
753 1135 1009 1184 intemperies,
1049 1146 1089 1173 ut
1110 1148 1189 1172 non
1214 1136 1348 1185 solum,
1387 1152 1481 1188 quae
1502 1141 1580 1180 ficri
1600 1157 1682 1183 „011

68 1191 233 1244 potsunt,
262 1189 327 1228 fibi
353 1190 573 1243 spondeant,
603 1189 664 1227 sed
689 1191 805 1227 etiam
830 1191 993 1227 maxime
1016 1191 1140 1235 ardua,
1170 1189 1246 1228 sine
1270 1194 1437 1232 molestia
1463 1208 1524 1233 atzt
1547 1197 1681 1238 sudore

67 1258 248 1297 tanquam
273 1246 462 1292 feriantes,
494 1244 529 1282 se
549 1243 700 1294 adipisci
720 1245 823 1297 poffe
843 1244 1054 1282 confidunt.
1112 1247 1259 1284 Verum
1279 1248 1326 1285 dc
1347 1252 1469 1299 magia
1493 1252 1681 1302 haetenus,

69 1302 173 1348 cujus
189 1304 225 1339 ὃ(
239 1302 466 1339 vocabulum
483 1300 603 1350 ipsum
621 1301 666 1338 ab
686 1300 842 1340 infamia
862 1300 1146 1348 vindicavimus,
1177 1304 1212 1339 δε
1232 1301 1394 1354 speciem
1411 1318 1536 1344 veram
1560 1321 1579 1345 a
1597 1309 1682 1348 falfa

71 1360 109 1396 ὃ(
124 1357 287 1408 ignobili
307 1355 590 1406 segregavimus.

124 1413 285 1464 HUJUS
305 1424 397 1450 vero
416 1413 530 1463 partis
551 1411 773 1459 operativae,
810 1409 949 1447 scilicet
969 1410 1016 1447 de
1035 1420 1179 1458 natura,
1216 1412 1311 1450 duae
1337 1413 1420 1451 sunt
1446 1419 1682 1469 appendices,

71 1466 199 1517 magni
211 1477 368 1516 utraque
382 1466 505 1518 pretii.
562 1466 687 1502 Prima
702 1465 762 1512 est,
783 1475 824 1502 ut
838 1464 900 1501 fiat
916 1467 1169 1503 inventarium
1184 1479 1302 1518 opum
1319 1469 1580 1520 humanarum,
1602 1487 1682 1522 quo

71 1523 302 1576 excipiantur
318 1524 355 1559 &
376 1522 538 1559 breviter
553 1530 826 1558 enumerentur
842 1519 972 1557 omnia
988 1520 1190 1558 hominum
1208 1523 1309 1560 bona
1325 1526 1360 1560 ὅ(
1376 1524 1564 1574 fortunae,
1597 1527 1682 1575 (live

68 1575 141 1616 fin‘t
160 1589 204 1615 ex
228 1577 410 1614 fructibus
436 1578 473 1613 ὃς
493 1576 740 1627 proventibus
764 1585 931 1622 naturae,
967 1573 1039 1613 five
1064 1578 1165 1625 artis)
1194 1589 1288 1625 quae
1313 1579 1387 1623 jam
1408 1580 1605 1631 habentur,
1645 1588 1683 1623 ὃς

69 1633 205 1684 quibus
219 1631 396 1670 homines
410 1631 600 1677 fruuntur,
630 1630 779 1677 adjeffls
794 1631 851 1678 iis,
879 1642 974 1678 quae
990 1631 1086 1668 olim
1101 1630 1308 1670 innotuisse
1320 1635 1474 1683 constat,
1503 1649 1606 1676 nunc
1621 1652 1683 1678 au.

67 1699 149 1726 tem
176 1688 388 1738 perier-unt:
426 1686 594 1724 adhunc
612 1685 741 1732 finem,
771 1695 813 1723 ut
833 1687 899 1734 qui
919 1686 964 1723 ad
991 1698 1089 1724 nova
1107 1687 1261 1725 inventa
1280 1689 1497 1740 accingitur,
1536 1694 1582 1731 de
1606 1695 1682 1739 jam

69 1744 231 1782 inventis
260 1745 297 1780 δε
317 1740 524 1780 extantibus
549 1742 752 1791 negotium
777 1738 842 1778 fibi
871 1753 954 1778 non
979 1741 1135 1779 facessat.
1191 1744 1278 1780 Hoc
1305 1757 1397 1785 vero
1426 1747 1682 1788 inventarium

67 1800 187 1848 magis
214 1799 285 1835 crit
318 1797 573 1841 artificiosum,
617 1795 810 1846 magisque
844 1798 959 1833 ctiam
992 1798 1098 1843 utile,
1140 1795 1165 1834 fi
1199 1811 1295 1846 quae
1323 1805 1523 1840 communi
1558 1804 1681 1843 homi-

69 1865 166 1892 num
201 1854 387 1903 opinione
424 1847 668 1902 impossibilia
707 1862 941 1903 reputantur,
993 1853 1034 1889 in
1067 1865 1304 1904 unoquoque
1335 1868 1473 1904 genere
1507 1860 1679 1905 adjunxe-

67 1910 138 1948 ris:
168 1919 279 1958 atque
302 1920 376 1947 una
398 1909 570 1960 proxima
593 1902 897 1958 impossibilibus,
925 1919 1021 1955 quae
1040 1917 1169 1945 tamen
1192 1908 1389 1957 habentur,
1427 1915 1600 1965 copulcs;
1638 1927 1680 1954 ut

68 1966 228 2011 alterum
251 1962 457 2001 humanam
476 1962 741 2001 inventionem
757 1972 874 2009 acuat,
910 1963 1072 1999 alterum
1096 1964 1354 2012 quadantenus
1374 1966 1522 2017 dirigat,
1561 1980 1679 2019 utque

68 2030 113 2057 ex
141 2017 197 2057 his
224 2019 401 2068 'optativis
429 2019 467 2056 ’ὃς
495 2018 777 2069 potentialibus‚
817 2018 934 2056 astiva
961 2020 1174 2070 promptius
1202 2020 1445 2060 deducantur.
1511 2025 1681 2064 Secunda

69 2073 130 2122 est,
166 2084 208 2112 ut
231 2073 294 2111 fiat
318 2075 574 2111 calendarium
598 2085 734 2110 eorum
755 2074 1115 2125 experimentorum,
1152 2086 1247 2123 quae
1268 2075 1429 2115 maxime
1452 2080 1681 2128 polyclu-csta

70 2128 169 2177 funt,
200 2131 238 2167 ὅ(
260 2129 307 2166 ad
322 2130 486 2166 aliorum
512 2126 778 2166 inventionem
801 2127 942 2166 faciunt
967 2131 1003 2166 ὅ(
1027 2129 1182 2166 ducunt.
1243 2131 1414 2182 Exempli
1436 2137 1566 2183 gratia,
1596 2133 1681 2173 Ex-

5 2184 8 2187 ’
59 2184 323 2238 perimentum
350 2181 577 2235 artificialis
605 2182 925 2235 conglaciationis
951 2195 1085 2236 aquae,
1124 2196 1189 2233 per
1218 2187 1377 2234 glaciem
1408 2200 1494 2226 cum
1523 2189 1594 2227 sale
1626 2193 1680 2229 ni-

67 2252 152 2290 gro,
183 2240 228 2277 ad
249 2239 396 2276 infinita
416 2237 597 2289 pertinet:
626 2239 711 2275 Hoc
735 2240 839 2275 enim
858 2239 1019 2276 modum
1041 2239 1348 2278 condensarionis
1374 2241 1556 2281 secretum
1581 2258 1679 2284 reve-

68 2296 133 2342 lat,
163 2306 242 2344 quo
265 2293 415 2331 homini
431 2292 527 2330 nihil
552 2293 601 2330 est
623 2291 852 2330 fructuosius.
911 2293 1057 2330 Praesto
1080 2295 1183 2330 enim
1208 2293 1257 2331 cst
1280 2294 1376 2345 ignis
1399 2298 1443 2334 ad
1470 2299 1679 2346 rarefae'tio-

68 2362 159 2392 nes;
195 2361 325 2388 verum
349 2351 390 2386 in
415 2346 773 2386 condensationibus
800 2349 1000 2385 laboratur.
1056 2347 1272 2386 Plurimum
1292 2361 1418 2389 autem
1441 2353 1529 2391 facit
1553 2355 1598 2392 ad
1624 2359 1680 2393 in-

67 2404 245 2443 veniendi
273 2404 559 2456 compendium,
602 2401 628 2439 fi
657 2402 872 2449 hujusmodi
901 2403 1131 2454 polychresta
1164 2406 1322 2454 proprio
1350 2408 1524 2459 catalogo
1545 2412 1677 2462 excipi-

69 2469 191 2499 antur.

692 2623 740 2668 >C
776 2625 822 2668 A
858 2623 906 2668 P.
974 2624 1052 2669 VI.

72 2719 148 2760 ‘De
175 2733 316 2775 magna
342 2720 610 2777 philosbphiae
638 2720 847 2769 naturalis,
886 2731 970 2761 tam
995 2721 1270 2776 speculativae
1298 2736 1413 2778 quam
1440 2728 1678 2778 operati-vae,

124 2775 332 2830 appendice
357 2776 664 2816 mathematica.-
702 2775 876 2831 quodque
900 2779 1004 2816 inter
1033 2776 1261 2830 appendices
1281 2781 1417 2831 potius
1440 2783 1532 2833 poni
1556 2781 1678 2828 debet,

122 2844 238 2886 quam
251 2833 356 2871 inter
359 2832 556 2885 scientias
558 2830 846 2886 filasiana-vas.
904 2831 1087 2871 ‘Partim
1103 2832 1404 2873 mathematicae
1418 2836 1460 2874 in
1470 2847 1609 2889 puram
1627 2834 1673 2880 ὡ

127 2894 307 2926 mtxtam.

193 2999 263 3036 PT
274 2999 378 3036 IME
406 2999 641 3045 Aristoteles,
679 2994 873 3051 phyficam
905 2995 952 3039 ἀπ’
981 2997 1299 3037 mathematicam
1322 3012 1510 3053 generare
1531 3000 1676 3054 prafffi-

202 3065 285 3091 cam
298 3052 368 3094 five
385 3053 659 3092 mechanicam.
714 3056 841 3106 Quare
858 3066 944 3092 cum
963 3054 1036 3100 iam
1051 3065 1129 3093 tam
1147 3055 1408 3104 speculativam
1425 3069 1536 3105 quam
1554 3070 1678 3107 opera-

128 3110 195 3148 VO
207 3120 243 3146 L.
274 3110 301 3147 Ι,
871 3111 899 3149 P
1565 3114 1678 3149 rivam

1807 232 1828 247 θ

1805 251 1828 276 0
