2040 3439
106 162 346 267 capatus.
372 203 473 249 DE
525 199 1024 251 AUGMENTIS
1076 202 1680 256 SCIENTIARUM.

107 299 253 338 fimilia.
311 300 532 352 Quinetiam
552 299 867 350 apophthegmata
890 311 1061 352 veterum
1086 301 1293 354 sapientum
1319 302 1395 340 fere
1418 315 1483 352 per
1506 302 1714 346 fimilitudi-

104 367 170 392 nes
190 367 270 392 rem
287 354 602 391 demonstrabant.
658 353 757 392 Hinc
783 357 987 394 Menenius
1007 357 1184 407 Agrippa·
1200 354 1296 408 apud
1320 359 1519 396 Romanos
1545 359 1714 409 (gentem

104 423 153 448 co
176 409 322 448 saeculo
341 410 502 446 minime
525 410 725 457 literatam)
752 409 975 448 seditionem
1000 412 1123 449 fabula
1139 408 1317 462 repressit.
1375 412 1550 463 Denique
1571 426 1615 453 ut
1636 416 1713 456 hie-

105 465 323 514 roglyphiea
345 465 474 509 literis,
504 465 556 500 ita
571 464 768 513 parabolae
783 468 1014 515 argumentis
1029 477 1132 504 erant
1146 469 1389 515 antiquiores.
1408 496 1411 499 -
1445 469 1577 518 Atque
1595 471 1712 510 hodie

103 522 217 558 etiam
241 522 277 557 ὅ(
294 519 437 569 semper
460 520 618 556 eximius
642 518 691 556 est
714 522 751 557 &
765 519 838 557 fuit
860 522 1121 570 parabolarum
1137 524 1258 572 vigor,
1288 534 1375 560 cum
1399 535 1469 561 nec
1491 534 1712 574 argumenta

104 586 181 613 tam
197 573 395 624 perspicua,
424 585 494 610 nec
508 586 595 611 vera
609 576 778 624 exempla
797 587 875 612 tam
891 587 974 626 apta
991 577 1060 614 effe
1075 573 1230 628 poffinr.
1467 606 1470 609 Α

156 630 330 679 Arna
346 627 396 666 est
410 628 492 666 usus
507 628 662 680 poeseOs
682 631 926 679 parabolicae,
955 630 1072 683 priori
1088 630 1186 680 quasi
1210 633 1433 680 contrarius,
1461 637 1527 683 qui
1547 635 1635 674 facit
1651 636 1710 687 (ut

103 685 276 732 diximus)
303 684 349 721 ad
368 685 631 725 involucrum3
669 697 797 723 earum
821 698 959 739 nempe
985 699 1121 733 rerum,
1158 700 1317 736 quarum
1344 688 1503 737 dignitas
1528 701 1709 740 tanquam

102 741 191 778 velo
209 739 376 788 quodam
400 738 556 776 discreta
576 739 646 775 ess'e
671 751 877 777 mereatur:
906 741 980 778 hoe
1000 741 1060 788 est,
1098 753 1184 779 cum
1205 744 1352 780 occulta
1377 747 1412 780 &
1438 745 1606 793 mysteria
1627 747 1707 784 reli-

101 796 238 846 gioniS,
275 795 462 845 politicae,
500 796 537 831 ὃ(
556 794 826 846 philosophiae,
855 795 989 833 fabulis
1015 798 1052 832 ὅ(
1076 798 1260 845 parabolis
1286 798 1500 836 vcstiuntur.
1560 801 1709 841 Utrum

100 862 193 888 vero
211 849 345 887 fabulis
364 848 551 886 veteribus
566 851 764 900 poetarum
790 849 898 887 subsit
914 852 1047 899 aliquis
1071 851 1193 889 sensus
1209 850 1392 900 mysticus,
1422 854 1707 895 dubitationem

99 905 328 943 nonnullam
343 904 473 944 haben
496 912 606 952 atquc
617 902 681 954 ipsi
696 914 795 941 certe
809 905 969 942 fatemur
985 916 1053 942 nos
1069 908 1108 942 in
1125 918 1207 943 eam
1220 906 1443 944 sententiam
1458 911 1707 959 propendere,

100 970 143 998 ut
166 971 247 998 non
272 960 394 1008 paucis
414 957 659 1007 antiquorum
682 962 879 1009 poetarum
895 960 1030 999 fabulis
1056 959 1270 1009 mysterium
1293 962 1459 1000 infusum
1484 963 1586 1001 fuisse
1605 976 1709 1017 putc-

98 1026 195 1053 mus.
252 1016 389 1063 Neque
413 1026 483 1051 nos
500 1024 641 1061 movet,
671 1015 773 1062 quod
795 1014 855 1052 ista
875 1017 998 1066 pueris
1017 1015 1093 1053 fere
1110 1018 1146 1053 ὃ(
1166 1018 1422 1065 grammaticis
1445 1019 1709 1067 relinquantur

101 1068 343 1115 &vilescant‚
374 1079 414 1106 ut
437 1069 484 1105 de
500 1067 571 1105 illis
591 1072 847 1121 contemptim
866 1069 1088 1108 sententiam
1114 1071 1299 1108 feramus:
1329 1073 1420 1120 quin
1446 1084 1589 1121 contra,
1619 1087 1706 1113 cum

99 1126 209 1177 plane
229 1124 370 1162 constet
397 1123 527 1173 scripta
548 1124 623 1171 illa,
663 1137 757 1173 quae
777 1125 917 1163 fabulas
943 1125 1022 1163 istas
1047 1128 1217 1173 recitant,
1258 1139 1300 1163 ex
1328 1127 1468 1177 scriptis
1488 1129 1706 1177 hominum,

97 1180 178 1230 post
199 1181 325 1217 literas
347 1179 461 1216 sacras
486 1179 554 1216 css'e
578 1176 846 1228 antiquiflima,
885 1183 921 1217 ὃς
946 1182 1062 1230 longe
1087 1180 1141 1218 his
1163 1183 1397 1230 antiquiores
1424 1183 1563 1220 fabulas
1589 1183 1704 1236 ipsas;

98 1233 259 1282 (etenim
284 1244 462 1283 tanquam
487 1236 588 1285 prius
615 1235 777 1272 creditae
803 1237 840 1272 ὅ(
865 1246 1046 1287 receptae,
1088 1249 1170 1274 non
1194 1247 1374 1285 tanquam
1400 1240 1631 1287 excogitatae
1657 1242 1705 1278 ab

97 1289 173 1328 illis
187 1288 426 1341 scriptoribus
447 1289 672 1337 referuntur)
691 1291 866 1327 videntur
891 1290 959 1327 css'c
975 1290 1084 1328 instar
1107 1293 1230 1329 tenuis
1246 1291 1436 1337 cujusdam
1459 1305 1579 1339 aurae,
1609 1307 1704 1343 quae

96 1357 140 1382 ex
153 1343 416 1382 traditionibus
431 1345 634 1382 nationum
651 1346 769 1394 magis
784 1346 1022 1394 antiquarum
1037 1345 1076 1383 in
1086 1347 1319 1384 Graecorum
1330 1345 1461 1384 fistulas
1474 1347 1699 1387 inciderunt.

98 1400 203 1438 Cum
225 1412 328 1446 vero,
365 1411 458 1448 quae
474 1401 570 1436 circa
593 1400 724 1437 harum
743 1401 1004 1451 parabolarum
1029 1402 1393 1450 interpretationem,
1422 1402 1542 1440 adhuc
1564 1414 1705 1443 tentata

95 1453 167 1492 fint
181 1467 247 1506 per
260 1455 435 1492 homines
459 1453 594 1491 scilicet
611 1455 819 1503 imperit03‚
851 1467 919 1491 nec
936 1457 1033 1493 ultra
1050 1457 1157 1493 locos
1177 1467 1401 1493 communes
1416 1457 1561 1504 doctos,
1591 1461 1704 1497 nobis

96 1510 206 1547 nullo
229 1509 351 1546 modo
376 1507 616 1549 satisfaciant3
653 1509 932 1561 philosophiam
956 1509 1160 1548 secundum
1185 1511 1378 1559 parabolas
1406 1510 1575 1560 antiquas
1605 1515 1704 1552 inter

95 1561 294 1602 desiderata
315 1563 452 1601 referre
472 1563 592 1601 visum
616 1563 675 1600 est.
732 1565 820 1608 Ejus
843 1575 970 1601 autem
995 1566 1120 1617 operis
1143 1566 1360 1616 exemplum
1385 1576 1504 1603 unum
1531 1577 1594 1604 aut
1616 1570 1703 1606 alte-

93 1631 179 1656 rum
204 1618 481 1668 subjungemus.
542 1620 636 1657 Non
663 1619 766 1667 quod
789 1631 843 1656 res
863 1617 904 1656 fit
930 1619 1077 1657 fortass'c
1103 1622 1228 1666 tanti‚'
1248 1620 1310 1657 sed
1336 1630 1376 1658 ut
1399 1620 1610 1659 institutum
1633 1636 1703 1661 no-

93 1675 207 1712 strum
223 1673 419 1712 servemus.
476 1674 517 1711 Id
532 1673 748 1718 hujusmodi
765 1672 824 1720 cst,
855 1685 895 1712 ut
910 1675 957 1711 de
972 1675 1148 1728 operibus
1164 1676 1251 1722 illis,
1280 1688 1373 1724 quae
1389 1678 1490 1713 inter
1504 1675 1705 1716 desiderata

94 1731 273 1779 ponimus
299 1727 336 1776 (si
364 1729 454 1778 quid
475 1727 516 1765 fit
539 1730 653 1780 paulo
677 1729 883 1777 obscurius)
911 1740 1096 1781 perpetuo
1114 1740 1177 1768 aut
1200 1741 1394 1780 praecepta
1418 1731 1464 1767 ad
1489 1743 1582 1780 opus
1608 1734 1704 1771 illud

95 1783 365 1831 instruendum,
403 1794 464 1822 aut
489 1786 658 1835 exempla
678 1796 956 1836 proponamus:
986 1798 1034 1822 ne
1057 1786 1139 1833 quis
1164 1785 1264 1822 forte
1288 1786 1469 1823 existimet
1492 1787 1613 1824 levem
1641 1790 1704 1825 ali-

96 1851 211 1888 quam
235 1850 382 1876 tantum
410 1841 612 1887 notionem
637 1839 683 1876 dc
708 1840 779 1876 illis
803 1850 974 1877 mentem
995 1839 1159 1877 nostram
1182 1840 1436 1890 perstrinxiss'e,
1480 1841 1624 1890 nosque
1648 1856 1701 1880 re-

94 1896 240 1943 giones,
261 1892 349 1931 sicut
365 1906 531 1943 augures,
561 1896 692 1931 animo
707 1904 854 1932 tantum
871 1894 1008 1942 metiri,
1032 1908 1155 1943 neque
1171 1908 1230 1932 eas
1246 1894 1479 1945 ingrediendi
1495 1895 1567 1934 vias
1584 1898 1697 1935 nolle.

93 1949 224 1986 Aliam
245 1951 409 1998 aliquam
433 1960 577 1999 partem
594 1950 633 1986 in
656 1947 755 2001 poesi
771 1948 964 1987 desiderari
985 1963 1065 1987 non
1082 1952 1318 1991 invenimus3
1349 1952 1442 1999 quin
1466 1952 1590 2002 potius
1611 1964 1699 1990 cum

94 2005 222 2054 planta
245 2002 286 2042 fit
311 2002 438 2054 poesis,
466 2017 560 2052 quac
584 2006 700 2042 vcluti
723 2017 743 2042 a
765 2016 863 2042 terra
883 2007 1102 2052 luxuriante,
1132 2005 1269 2054 absque
1296 2016 1401 2042 certo
1430 2004 1584 2052 semine,
1619 2019 1699 2056 ger-

91 2060 302 2106 minaverit,
340 2059 452 2109 supra
469 2069 627 2096 caeteras
646 2060 834 2097 dothiuas
857 2062 1017 2098 excrevit
1041 2063 1078 2098 δί
1097 2059 1230 2098 diffusa
1250 2060 1310 2097 est.
1367 2061 1513 2098 Verum
1540 2062 1614 2105 jam
1642 2074 1699 2098 ex-

93 2116 215 2163 empla
240 2126 511 2166 proponemuS,
548 2116 618 2151 tria
643 2125 792 2152 tantum
814 2127 990 2163 numero,
1027 2127 1148 2154 unum
1167 2127 1188 2153 c
1213 2115 1454 2162 naturalibus,
1491 2127 1511 2153 c
1531 2116 1698 2166 politicis

93 2181 225 2216 unum,
252 2180 364 2218 atque
380 2181 500 2207 unum
516 2169 680 2220 denique
701 2182 721 2207 c
736 2171 954 2208 moralibus,

92 2275 325 2332 Exemplum
345 2279 516 2331 primum
535 2276 799 2331 philosb'pJJiae
818 2278 1030 2330 fheundnm
1048 2278 1258 2332 parabolas·
1292 2280 1478 2332 antiquas
1506 2279 1548 2317 in
1575 2287 1687 2318 natu-

362 2331 519 2372 ralibus.
576 2332 650 2371 ‘De
664 2334 855 2387 universo,
866 2333 1078 2386 fecundum
1082 2333 1264 2387 fabulam
1281 2333 1423 2373 Panis.

100 2469 101 2472 =
218 2444 440 2497 NTIQUI
455 2446 739 2494 generationem
756 2446 865 2483 Panis
880 2446 919 2482 in
936 2445 1055 2483 dubio
1071 2447 1287 2496 relinquunt
1303 2459 1310 2481 z
1341 2444 1422 2481 Alii
1443 2446 1547 2481 enim
1568 2458 1655 2483 cum
1674 2458 1696 2483 a

245 2501 440 2537 Mercurio
454 2501 624 2550 genitum
639 2515 646 2536 ι
674 2499 736 2537 alii
756 2501 871 2549 longe
886 2501 1001 2537 alium
1016 2502 1269 2550 generationis
1285 2501 1444 2536 modum
1460 2501 1494 2536 ei
1509 2500 1692 2538 tribuunt.

89 2557 213 2593 Aiunt
229 2554 329 2592 enim
345 2564 480 2605 procos
506 2554 697 2592 universos
717 2566 804 2593 cum
820 2556 1010 2607 Penelope
1033 2567 1113 2592 rem
1129 2554 1298 2601 habuiffe,
1327 2567 1369 2591 ex
1384 2566 1462 2605 quo
1477 2554 1695 2603 promiscuo

91 2611 297 2648 concubitu
322 2612 420 2647 Pana
441 2622 689 2647 communem
712 2610 832 2647 filium
854 2617 981 2647 ortum
1002 2611 1082 2648 css'e.
1139 2612 1276 2658 Neque
1296 2608 1624 2659 praetermittenda
1644 2609 1694 2647 est

90 2664 196 2702 tertia
221 2666 284 2702 illa
299 2667 553 2714 generationis
573 2666 794 2714 explicatio:
823 2666 989 2717 Quidam
1011 2668 1113 2702 enim
1134 2665 1393 2715 prodiderunt,
1423 2675 1510 2701 cum
1526 2663 1632 2716 Jovis
1653 2668 1690 2702 ὃς

90 2721 262 2768 Hybreo's
288 2721 338 2766 (id
367 2719 427 2766 est,
465 2719 743 2768 contumeliae‚)
783 2719 903 2757 filium
929 2720 1044 2757 fuisse.
1101 2721 1312 2767 Utcunque
1337 2729 1439 2759 orto,
1477 2720 1610 2756 Parcae
1639 2719 1693 2756 illi

72 2774 232 2811 'sorores
256 2775 359 2812 fuiss'e
380 2775 641 2827 perhibentur:
682 2787 777 2822 quae
801 2775 840 2811 in
865 2775 971 2824 specu
993 2775 1234 2812 subterraneo
1258 2774 1491 2811 habitabant:
1531 2775 1608 2811 Pan
1632 2786 1692 2811 au-

89 2839 168 2874 temv
184 2831 399 2868 morabatur
420 2830 485 2867 sub
501 2830 577 2866 dio.
634 2826 784 2878 Effigies
810 2832 916 2867 Panis
937 2831 1019 2866 talis
1034 2831 1079 2866 ab
1102 2828 1320 2878 antiquitate
1340 2827 1579 2869 describitur3
1609 2841 1690 2866 cor-

89 2895 212 2929 nutus,
242 2885 416 2922 cornibus
441 2886 480 2921 in
497 2894 646 2921 acutum
673 2884 913 2934 lin‘gentibuS,
944 2887 980 2921 ὅ(
1001 2884 1114 2932 usquc
1130 2885 1174 2921 ad
1198 2886 1348 2921 coelum
1372 2882 1578 2932 fastigiatis-5
1607 2896 1687 2920 cor-

89 2950 181 2989 pore
208 2946 296 2976 toto
327 2939 486 2991 hispidus
513 2942 548 2975 &
569 2939 742 2980 villosus;
782 2940 893 2976 barba
918 2940 1105 2988 imprimis
1125 2938 1319 2991 promiss'a3
1356 2938 1473 2987 figura
1499 2938 1686 2983 biformis,

87 2993 251 3030 humana
271 2996 395 3042 quoad
417 2995 616 3045 iiiperio‘ra‚
646 2993 705 3030 sed
725 2993 894 3030 semifera
918 2996 955 3030 &
971 2995 1010 3030 in
1034 3006 1161 3046 caprae
1177 2994 1287 3046 pedes
1310 2992 1511 3031 defluente.
1568 2992 1690 3028 Gesta-

90 3049 150 3085 bat
171 3047 474 3098 autenrinsignia
490 3047 695 3100 potcstatis3
724 3047 858 3086 sinistra
879 3047 1032 3086 fistulam
1054 3061 1096 3086 cx
1113 3049 1254 3099 septem
1277 3049 1426 3087 calamis
1442 3047 1689 3099 compactam,

140 3105 248 3141 Vor„
282 3105 304 3139 Ι.
871 3104 899 3139 L
1565 3101 1691 3138 dextra

1794 196 1852 259 ‘8‘1
