2040 3439
126 224 226 270 188

439 216 532 263 DE
567 207 1019 259 AUGMENTIS
1054 205 1600 254 SCIENTIARUM.
1721 197 1923 252 ·L1b.vl‘.

654 345 910 392 Ceremonz‘ae,
941 340 1103 390 (Fumi,
1126 340 1360 395 Affefft‘atio.
1414 343 1587 381 XXXIV.

365 425 461 465 Pro.
492 425 632 464 VULT
645 434 696 459 us
731 423 768 458 δε
794 418 909 469 gestus
941 418 1077 455 decora
1106 418 1333 465 moderatio,
1372 430 1502 456 verum
1530 412 1825 464 condimentum
1858 418 1931 457 vir*-

313 484 416 521 tutis.

370 538 393 573 S
408 547 421 572 1
439 537 474 571 ὅ(
495 533 534 569 in
550 532 670 569 verbis
686 531 802 579 vulgo
813 540 997 578 pat·emUS‚
1026 527 1116 577 quid
1130 529 1169 565 ni
1186 529 1225 565 in
1242 527 1370 565 habitu
1387 529 1423 565 &
1438 527 1556 577 gestu?

368 592 472 641 QUI
496 590 537 624 in
563 586 704 623 levibus
730 587 767 622 &
790 584 1010 632 quotidiana
1034 581 1316 629 consuetudine,
1346 583 1459 620 decus
1480 594 1560 619 non
1578 583 1756 630 retinent,
1787 581 1828 620 sit
1844 583 1945 621 licet<

316 647 371 683 vir
387 655 555 692 magnus,
575 639 677 678 noris
692 651 821 677 tamen
837 640 938 676 hunc
953 649 1101 676 tantum
1117 640 1227 675 certis
1243 638 1346 675 horis
1367 639 1502 687 sapere.

370 700 560 738 ViaTus
590 699 625 732 ἃ
642 695 838 747 prudentia
863 692 938 730 fine
961 691 1119 743 punffis,
1148 695 1250 731 velut
1279 692 1495 745 peregrinae
1529 694 1680 742 linguae
1708 691 1814 732 sunt;
1845 704 1934 730 nam

318 755 434 803 vulgo
452 765 531 789 non
548 749 823 799 intelliguntur.

373 810 451 860 Qu
465 819 479 844 1
498 805 600 856 vulgi
629 804 776 842 sensum
789 818 853 855 per
869 806 1152 854 congruitatem
1175 815 1257 840 non
1280 801 1399 850 novit,
1429 803 1469 849 is,
1500 801 1525 839 fi
1541 814 1610 839 nec
1625 814 1689 852 per
1710 801 1935 840 observatio-

322 876 411 903 nem
428 864 589 908 nover'1t‚
620 862 797 898 omnium
813 857 953 897 stultiffi
962 872 1044 896 mus
1059 859 1119 896 est.

378 920 406 957 P
418 930 447 955 U
460 929 489 955 N
506 930 527 954 c
542 929 566 953 T
580 928 594 953 1
623 914 814 953 transsatio
830 915 914 952 sunt
937 913 1079 952 virtutis
1095 915 1135 950 in
1151 914 1318 963 linguam
1330 912 1580 950 vernaculam.

380 972 492 1011 Cant.
523 973 599 1024 Qu
612 983 625 1008 1
640 983 664 1008 D
685 969 902 1016 deformius,
933 982 1046 1019 quam
1068 969 1216 1006 scenam
1231 970 1271 1005 in
1287 970 1403 1005 vitam
1423 967 1644 1005 transferre?

380 1030 410 1066 E
427 1040 451 1065 x
474 1028 706 1076 ingenuitate
720 1026 916 1070 decorum,
945 1038 987 1062 ex
1003 1036 1079 1062 arte
1095 1024 1239 1060 odium.

382 1084 560 1121 MAGIS
590 1082 736 1132 placent
759 1080 954 1120 ceruss'atae
977 1081 1111 1117 buccae
1148 1081 1184 1116 δε
1213 1075 1451 1115 calamistrata
1477 1089 1601 1125 coma,
1631 1089 1746 1126 quam
1775 1077 1941 1115 ceruffati

329 1141 366 1175 ὃ(
380 1136 608 1175 calamistrati
629 1147 766 1172 moreS.

382 1195 459 1245 Qu
474 1204 488 1229 Ι
509 1190 679 1228 animum
709 1190 754 1226 ad
784 1199 862 1226 tam
880 1187 987 1225 exiles
1013 1187 1294 1225 observationes
1311 1189 1484 1238 applicat,
1518 1200 1678 1239 magnae
1701 1188 1944 1238 cogitationis

330 1260 440 1300 capax
462 1259 544 1284 non
559 1246 617 1282 est.

383 1302 421 1340 A
434 1314 456 1338 F
466 1313 490 1338 F
501 1312 524 1337 E
537 1313 559 1338 c
571 1312 594 1336 T
605 1311 631 1337 A
641 1311 665 1336 T
678 1310 693 1336 1
705 1311 730 1336 o
760 1295 1014 1347 ingenuitatis,
1042 1297 1204 1349 putredo
1219 1298 1358 1335 lucens.

981 1392 1090 1445 Joci.
1138 1395 1296 1434 XXXV.

388 1470 485 1511 Pro.
516 1472 553 1508 O
566 1482 592 1507 R
605 1480 664 1506 AT
675 1481 701 1505 o
712 1480 740 1504 R
752 1479 782 1504 u
796 1478 832 1503 M
857 1479 917 1504 ara
932 1468 1046 1513 jocus.

390 1529 467 1578 Qu
481 1538 495 1564 1
522 1527 562 1562 in
578 1524 757 1561 omnibus
774 1521 985 1559 modestum
1002 1524 1172 1574 leporem
1187 1521 1332 1569 miscet,
1355 1523 1567 1560 libertatem
1582 1522 1700 1559 animi
1717 1522 1865 1560 retinet.

391 1584 429 1619 R
441 1594 462 1619 E
472 1593 489 1618 3
519 1578 568 1617 est
586 1578 690 1628 supra
715 1577 940 1627 opinionem
953 1577 1117 1627 politica,
1153 1577 1258 1615 facile
1278 1576 1429 1615 transire
1451 1591 1472 1615 a
1493 1578 1583 1624 joco
1612 1577 1658 1614 ad
1682 1576 1830 1625 serium,
1860 1590 1880 1615 a
1899 1576 1949 1615 se-

339 1635 397 1677 rio
418 1638 462 1673 ad
478 1637 619 1682 jocum.

394 1693 430 1729 V
443 1704 465 1728 E
477 1704 504 1728 R
517 1702 532 1728 1
546 1701 570 1726 T
580 1700 639 1725 AT
653 1700 666 1725 1
677 1695 708 1735 3,
738 1686 821 1724 alias
835 1700 917 1724 non
933 1683 1187 1737 perventurae,
1219 1687 1320 1739 saepe
1340 1688 1557 1726 vehiculum
1575 1688 1690 1733 jocus.

396 1745 508 1785 Cant.
536 1746 579 1783 Is
595 1756 619 1780 T
630 1755 656 1781 o
667 1755 684 1780 3
711 1742 996 1781 deformitatum
1021 1756 1063 1781 ac
1085 1742 1387 1782 concinnitatum
1401 1755 1559 1793 aucupes
1574 1742 1653 1792 quis
1681 1754 1763 1780 non
1779 1752 1950 1780 contem-

339 1803 426 1850 nat?

396 1859 433 1894 R
445 1868 467 1893 E
478 1867 545 1894 Ru
555 1866 591 1892 M
621 1852 926 1904 magnitudinem
941 1854 1062 1890 eluere
1077 1854 1178 1900 ioco,
1208 1853 1426 1905 improbum
1441 1852 1640 1891 artificium
1660 1851 1721 1890 est.

390 1911 413 1964 J
427 1923 453 1948 ο
466 1923 552 1949 cos
580 1920 662 1947 tum
678 1906 879 1955 considera,
908 1920 996 1945 cum
1016 1907 1087 1946 risu
1109 1909 1271 1946 destituti
1289 1908 1384 1946 sunt.

398 1968 597 2004 FAcETl
627 1963 682 2001 isti
709 1963 787 2001 fere
815 1975 897 2000 non
928 1974 1122 2015 penetrant
1154 1965 1251 2001 ultra
1277 1963 1506 2016 superficiem
1526 1975 1665 2010 rerum,
1699 1961 1764 2000 ubi
1792 1963 1867 2011 joci
1905 1963 1955 2002 se-

345 2022 409 2060 des
430 2020 488 2058 est.

400 2077 444 2117 U
457 2089 480 2115 Β
493 2088 509 2114 1
539 2077 643 2123 jocus
655 2074 702 2112 ad
716 2074 807 2112 seria
827 2076 1017 2112 momenti
1031 2072 1173 2123 aliquid
1191 2073 1314 2121 habet,
1345 2074 1398 2112 ibi
1414 2076 1542 2113 levitas
1556 2074 1710 2127 puerilis
1724 2073 1783 2112 est.

970 2167 1105 2206 Amor.
1160 2169 1335 2207 XXXVI.

401 2235 499 2276 Pro.
528 2236 566 2275 A
579 2250 608 2275 N
620 2249 649 2275 N
661 2250 686 2274 o
696 2248 727 2274 N
755 2237 869 2283 vides,
899 2249 1034 2274 omnes
1050 2237 1086 2274 se
1100 2240 1299 2285 quaerere?
1327 2247 1364 2274 at
1379 2249 1506 2274 amans
1521 2237 1621 2275 solus
1642 2236 1678 2274 se
1688 2237 1844 2274 invenit.

403 2294 525 2332 NON
559 2292 609 2331 cst
622 2294 760 2330 meiior
781 2293 974 2329 ordinatio
1003 2292 1129 2340 animi,
1159 2304 1273 2341 quam
1288 2305 1332 2330 cx
1361 2291 1521 2344 imperio
1551 2292 1700 2330 affectus
1726 2291 1876 2338 alicujus
1902 2290 1956 2329 in-

352 2347 472 2398 signis.

405 2406 481 2455 Qu
492 2415 508 2441 1
535 2403 625 2454 sapit
647 2401 868 2440 desiderium
897 2413 1066 2452 quaeram
1096 2415 1186 2440 nam
1214 2401 1278 2452 qui
1304 2415 1388 2441 non
1415 2401 1554 2455 aliquid
1582 2399 1772 2452 insigniter
1807 2400 1958 2455 appetit,

353 2456 387 2495 ci
402 2461 532 2495 onmia
547 2459 690 2508 ingrata
702 2458 786 2495 sunt
798 2460 835 2494 δε
855 2458 981 2494 taedio
995 2460 1115 2509 plena.

410 2515 485 2564 Qu
502 2526 515 2550 1
528 2526 553 2550 D
581 2513 620 2550 ni
635 2513 672 2549 in
689 2513 830 2551 unitate
844 2513 1047 2563 acquiescat
1062 2513 1184 2551 unus?

412 2568 523 2604 cont.
553 2568 590 2604 A
603 2580 637 2605 M
648 2580 674 2605 o
685 2580 712 2605 R
727 2579 741 2605 1
765 2569 932 2604 multum
944 2568 1053 2606 debet
1070 2568 1188 2615 scena,
1215 2567 1312 2605 nihil
1332 2568 1419 2605 vita.

412 2623 479 2660 N1
494 2634 519 2659 L
547 2633 624 2659 tam
638 2622 727 2661 varii
742 2621 907 2659 nominis
926 2623 985 2669 est,
1014 2635 1128 2673 quam
1149 2635 1277 2660 amor:
1307 2625 1412 2662 Nam
1430 2634 1498 2670 res,
1526 2631 1589 2660 aut
1618 2632 1696 2659 tam
1722 2621 1828 2660 stulta
1855 2620 1903 2660 est
1919 2629 1960 2659 ut

359 2674 395 2714 se
416 2676 562 2723 neseiat,
590 2688 651 2714 aut
665 2689 742 2714 tam
758 2677 884 2730 turpis,
913 2688 956 2714 ut
972 2678 1007 2714 se
1022 2678 1112 2716 fuco
1126 2679 1277 2715 condat.

417 2734 453 2769 O
467 2743 492 2768 D
504 2743 518 2768 1
546 2731 627 2768 istos
640 2733 993 2784 monophrontistas.

415 2788 453 2824 A
465 2798 492 2824 N
506 2798 530 2824 c.
543 2798 567 2824 u
581 2799 598 2823 s
610 2798 633 2823 T
642 2799 669 2824 A
691 2788 899 2826 admodum
915 2788 1188 2840 contemplatio
1202 2799 1324 2826 amor.

942 2884 1149 2924 Amicitia.
1207 2887 1396 2925 XXXVII.

418 2953 514 2994 Pro.
543 2956 572 2992 E
584 2967 611 2992 A
623 2968 649 2992 D
660 2968 682 2993 E
693 2968 727 2994 M
746 2957 831 2995 facit
845 2957 1018 3005 amicitia,
1045 2971 1139 3007 quae
1155 2958 1353 3006 fortitudo,
1382 2957 1445 2996 sed
1466 2957 1616 2998 suavius.

420 3012 444 3048 S
456 3022 484 3048 u
496 3022 551 3048 Av
564 3022 586 3046 E
612 3010 900 3049 condimentum
915 3015 1092 3051 omnium
1113 3015 1307 3050 bonorum
1321 3012 1493 3051 amicitia.

418 3066 446 3104 P
460 3076 482 3102 E
493 3077 511 3102 3
520 3077 537 3102 3
549 3076 564 3104 1
575 3076 610 3102 M
621 3077 647 3101 A
676 3065 852 3113 solitudo,
881 3080 963 3104 non
982 3080 1081 3104 veras
1097 3069 1230 3105 habere
1249 3070 1441 3108 amicitias·

419 3121 456 3160 D
470 3132 483 3158 1
495 3132 520 3158 G
531 3131 559 3157 N
572 3131 599 3159 A
627 3121 746 3158 malae
760 3120 846 3158 fidei
862 3123 972 3169 ultio,
998 3122 1168 3161 amicitiis
1181 3124 1329 3174 privari.

1854 3174 1965 3215 Cont-
