2040 3439
79 206 263 272 Capu.
303 204 402 251 DE
452 168 953 249 AUGMENTis
1001 172 1608 252 SCIENTIARUM.

77 308 127 344 Et
160 303 250 343 sicut
286 303 457 340 animam
489 300 685 338 dostrinae
721 299 804 339 suae
836 301 1007 349 caelestis,
1052 300 1103 339 ita
1130 314 1268 354 eorpus
1302 304 1574 342 miraculorum
1604 304 1690 344 suo·

79 373 181 408 rum,
207 359 401 403 obicitum
420 357 540 394 veluti
563 356 762 407 proprium
788 357 995 394 constituit.
1055 356 1254 407 Nusquam
1274 361 1379 396 enim
1399 360 1560 409 legimus
1580 363 1689 399 mira-

79 418 209 455 culum
227 413 381 462 aliquod
397 412 443 449 ab
458 424 505 448 co
521 421 710 463 patratum
724 413 819 449 circa
835 412 1014 458 honores,
1043 423 1105 451 aut
1120 415 1310 464 pecunias,
1342 414 1502 466 (praeter
1518 417 1689 462 unicum,

74 484 160 521 ‘quo
178 469 368 508 tributum
390 467 607 504 redderetur
630 466 781 504 Caesari
794 466 821 517 ς)
852 467 913 504 scd
934 478 1085 505 tantum
1107 470 1203 506 circa
1217 480 1353 521 corpus
1372 470 1597 519 humanum,
1626 482 1690 510 aut

78 525 395 569 conservandum,
424 532 486 559 aut
507 521 800 567 sustentandum,
829 533 892 560 aut
909 522 1194 572 persanandum.

133 582 429 632 SUBJECTUM
451 576 543 614 istud
568 577 778 614 medicinae
801 578 950 627 (eorpus
973 579 1157 615 nimirum
1178 579 1402 628 humanum)
1426 593 1468 618 ex
1493 582 1685 628 omnibus,

78 649 174 686 quae
203 646 335 672 natura
367 633 590 682 procreavit,
626 633 791 669 maxime
820 633 868 670 cst
888 645 999 686 capax
1028 634 1210 675 remedii3
1249 634 1310 671 sed
1327 632 1487 673 vicissim
1519 637 1612 674 illud
1634 649 1687 675 rc—

76 692 249 729 medium
279 690 441 725 maxime
469 686 519 724 est
544 685 756 724 obnoxium
777 689 909 725 errori.
967 688 1110 725 Eadem
1138 701 1302 737 namque
1329 689 1478 735 subjeeli
1507 691 1688 730 subtilitas

77 749 116 785 ὅ(
134 745 300 792 varietas,
337 753 377 782 ut
399 755 577 792 magnam
603 742 781 779 medendi
803 743 1018 780 facultatem
1043 744 1206 793 praebet,
1236 742 1283 781 fic
1306 757 1481 794 magnam
1498 749 1612 784 etiam
1628 749 1687 785 ab·

78 799 225 840 errandi
261 800 494 837 facilitatem.
551 796 739 850 Quocirca
773 799 1102 847 quemadmodum
1135 812 1193 836 ars
1238 800 1300 836 ista
1336 800 1567 849 (praesertim
1609 815 1689 851 quo

76 869 181 896 nunc
205 856 359 893 habetur
381 851 517 898 modo)
542 855 641 890 inter
658 854 853 904 praecipue
878 854 1168 897 conjefiturales3
1199 853 1248 891 ita
1277 852 1469 903 inquisitio
1483 859 1560 899 ejus
1582 870 1687 910 repo-

77 911 203 951 nenda
219 909 267 948 est
287 910 384 947 inter
400 908 547 946 summe
569 909 699 945 arduas
715 910 751 944 ὅ(
767 918 960 945 accuratas.
1020 910 1158 958 Neque
1179 919 1377 961 propterea
1394 922 1481 948 cum
1498 913 1690 950 Paracelso

77 969 117 1006 &
135 964 356 1015 alchymistis
381 964 431 1001 ita
452 962 663 1015 desipimuS,
693 973 734 999 ut
758 973 932 1013 putemus
956 962 1118 1002 inveniri
1143 966 1183 1001 in
1204 977 1363 1014 corpore
1384 966 1566 1013 humano,
1596 980 1691 1016 quae

76 1020 230 1072 fingulis
251 1017 497 1058 universitatis
514 1028 639 1056 rerum
661 1017 849 1070 speciebus
867 1017 1008 1067 (stellis,
1039 1021 1293 1066 mineralibuS,
1324 1022 1360 1057 ὅ(
1381 1020 1472 1067 aliis)
1493 1022 1693 1074 responde*

74 1081 156 1123 ant,
184 1075 274 1114 ficut
290 1074 344 1112 illi
361 1075 587 1119 fabulantur,
619 1075 750 1111 leviter
768 1075 803 1110 ὅ(
820 1073 929 1110 craffa
946 1075 1120 1111 Minerva
1136 1075 1372 1113 traducentes
1389 1077 1579 1114 emblema
1596 1079 1691 1117 illud

77 1141 252 1171 veterum
271 1131 386 1182 (quod
403 1131 524 1168 homo
548 1129 635 1166 ess'et
652 1128 938 1175 microcosmus,
969 1127 1039 1167 live
1060 1129 1226 1179 epitome
1242 1129 1357 1168 torius
1375 1134 1524 1181 mundi)
1555 1135 1599 1171 ad
1617 1135 1691 1172 hoc

76 1195 347 1226 'commentum
364 1185 481 1223 suum.
539 1186 685 1222 Verum
702 1184 955 1221 nihilominus
976 1184 1048 1222 huc
1066 1198 1121 1222 res
1137 1186 1246 1231 redit,
1277 1196 1320 1223 ut
1339 1187 1455 1235 (quod
1473 1191 1692 1239 occepimus

74 1242 218 1290 dicere)
236 1253 316 1279 non
335 1242 546 1278 inveniatur
563 1241 661 1276 inter
677 1251 837 1288 corpora
854 1241 1033 1276 naturalia
1049 1239 1201 1289 aliquod
1219 1251 1296 1278 tam
1315 1242 1575 1291 multipliciter
1589 1257 1692 1282 eom-

75 1295 258 1352 ‘pofitum,
302 1309 416 1345 quam
448 1307 582 1346 corpus
612 1296 834 1331 humanum.
890 1293 1076 1333 Videmus
1105 1298 1209 1332 enim
1245 1295 1376 1334 herbas
1405 1300 1441 1335 ὃ(
1476 1300 1620 1348 plantas
1649 1313 1692 1340 ex

79 1365 179 1392 terra
208 1354 244 1389 ὅ(
264 1364 358 1400 aqua
386 1352 547 1391 nutriris
588 1351 763 1386 animalia
792 1362 834 1387 ex
864 1350 988 1386 herbis
1008 1353 1045 1387 ὅ(
1065 1350 1262 1388 fruffibus:
1302 1351 1503 1390 hominem
1528 1367 1620 1392 vcro
1649 1368 1693 1394 cx

75 1407 255 1446 *carnibus
290 1406 457 1459 ipsorum
489 1406 726 1445 animalium,
770 1405 1081 1456 (quadrupedum,
1121 1407 1259 1452 avium,
1299 1406 1471 1456 piscium)
1504 1411 1619 1448 etiam
1650 1424 1695 1450 cx

79 1462 218 1509 herbis,
246 1463 383 1511 granis,
405 1461 593 1506 fructibus,
625 1459 739 1496 succis
755 1463 791 1496 ὅ(
807 1460 1017 1508 liquoribus
1031 1462 1152 1506 variis,
1183 1473 1264 1497 non
1280 1459 1357 1498 fine
1372 1464 1576 1514 multiplici
1591 1477 1694 1502 com-

74 1518 282 1564 mixtione,
312 1517 513 1553 conditura
534 1518 569 1552 ὃ(
595 1516 880 1564 praeparatione
901 1515 1040 1553 horum
1061 1528 1280 1567 corporum,
1310 1516 1525 1566 priusquam
1545 1520 1698 1559 homini

82 1572 154 1612 {int
169 1573 209 1609 in
225 1573 364 1609 cibum.
422 1571 536 1607 Adde
551 1571 652 1618 quod
669 1571 895 1607 animalibus
910 1571 1061 1608 vivendi
1078 1571 1214 1608 modus
1229 1568 1270 1607 fit
1286 1569 1501 1623 simplicior,
1533 1573 1698 1613 affectus-

62 1647 66 1650 >
84 1633 172 1680 que,
193 1628 258 1680 qui
274 1628 313 1663 in
330 1637 467 1675 corpus
482 1634 606 1674 agant,
636 1626 840 1675 pauciores,
870 1627 907 1662 ὅ(
923 1625 967 1662 ad
983 1637 1103 1663 unum
1118 1626 1194 1663 fere
1210 1626 1370 1664 modum
1385 1639 1603 1678 operante33
1634 1631 1699 1669 ubi

83 1683 208 1722 homo
235 1683 329 1719 locis
358 1681 651 1727 habitationum,
692 1680 1035 1728 exercitationibus,
1074 1680 1279 1728 affectibus
1319 1681 1457 1720 somno
1487 1686 1523 1721 ὅ(
1549 1687 1698 1733 vitulus,

80 1738 179 1777 ‘vices
204 1749 324 1791 prope
347 1735 512 1773 infinitas
541 1737 725 1774 variarum
752 1737 1010 1773 mutationum
1041 1735 1149 1774 subit.
1207 1735 1342 1786 Usque
1370 1737 1466 1775 adeo
1494 1730 1624 1778 verum
1650 1741 1699 1779 est

82 1801 213 1840 unam,
243 1794 341 1829 inter
357 1804 413 1828 res
436 1802 608 1837 cacteraS,
637 1792 808 1840 corporis
824 1791 980 1828 humani
1002 1791 1154 1828 massam
1172 1793 1334 1829 maxime
1355 1792 1633 1842 fermentatam,
1664 1800 1700 1835 ὃς

78 1855 127 1886 ex
159 1846 328 1899 plurimis
356 1857 660 1895 coagmentatam
691 1846 772 1882 effe.
830 1847 885 1883 At
913 1845 1039 1884 anima
1067 1858 1201 1884 contra
1229 1847 1514 1887 substantiarum
1543 1849 1592 1887 cst
1621 1850 1700 1889 stm-

81 1900 294 1958 pliciffiina,
324 1912 365 1940 ut
381 1914 463 1939 non
479 1903 578 1938 male
597 1902 777 1938 cecinerit
798 1901 861 1938 ille
879 1915 887 1938 :

480 1997 525 2006 ——
538 1975 765 2029 Parumque
785 1974 947 2029 reliquit

363 2030 798 2085 AEthereumsbnfitm,
827 2038 946 2084 atque
965 2027 1273 2083 auraifimplicis
1288 2032 1424 2084 ignem.

85 2118 207 2158 Unde
223 2118 385 2153 minime
402 2116 449 2153 est
464 2117 694 2160 mirandum,
724 2116 889 2152 animam
907 2113 952 2151 sic
968 2116 1206 2161 collocatam,
1236 2117 1405 2164 requiem
1422 2127 1502 2152 non
1520 2116 1701 2163 invenire,

88 2175 190 2220 juxta
212 2171 359 2208 axioma
383 2171 490 2217 illud,
529 2169 686 2208 filetum
710 2181 837 2207 rerum
861 2176 980 2207 extra
1007 2168 1129 2206 locum
1142 2166 1212 2219 effe
1228 2168 1414 2222 rapidum,
1444 2167 1644 2221 placidum
1658 2171 1702 2208 in

90 2227 180 2266 loco.
239 2228 385 2264 Verum
416 2236 456 2263 ut
484 2227 530 2262 acl
562 2238 642 2262 rem
672 2226 890 2265 redeamus3
928 2226 1025 2263 varia
1053 2225 1116 2261 ista
1143 2224 1339 2262 &subtilis
1357 2224 1525 2275 corporis
1546 2226 1703 2264 humani

88 2280 318 2332 compositio
338 2284 375 2317 ὃ(
395 2281 533 2317 fabrica
548 2280 685 2325 effecit,
715 2290 756 2316 ut
774 2278 813 2318 fit
838 2280 947 2316 instar
962 2281 1095 2328 organi
1121 2277 1261 2327 musici,
1292 2278 1437 2329 operosi
1469 2283 1505 2317 &
1521 2278 1704 2329 exquisiti,

83 2339 195 2387 ⁴quod
217 2337 416 2374 harmonia
436 2335 496 2372 sua
512 2336 621 2373 facile
646 2334 792 2372 excidit.
850 2336 976 2387 Quare
1001 2334 1097 2383 apud
1114 2336 1259 2383 poetas,
1286 2336 1430 2373 summa
1454 2333 1598 2372 ratione
1623 2346 1702 2374 mu-

82 2392 158 2432 stea
179 2403 268 2430 cum
295 2391 483 2428 medicina
509 2389 548 2428 in
571 2389 756 2440 Apolline
780 2391 1050 2438 conjungitur3
1089 2390 1178 2437 quia
1202 2386 1328 2426 similis
1351 2390 1427 2426 fere
1451 2387 1493 2426 fit
1512 2389 1703 2439 utriusque

91 2451 180 2486 artis
205 2448 355 2498 genius3
392 2457 505 2494 atquc
529 2447 568 2482 in
591 2458 638 2482 eo
660 2443 827 2482 consistat
855 2446 965 2497 plane
990 2443 1126 2481 medici
1149 2441 1333 2491 officium,
1372 2454 1412 2481 ut
1437 2444 1523 2481 scifat
1546 2445 1704 2483 humani

94 2504 265 2555 corporis
290 2503 410 2550 lyram
440 2503 490 2538 ita
518 2501 676 2538 tendere
701 2503 737 2537 ὅ(
757 2499 916 2552 pulsare,
955 2510 994 2537 ut
1027 2499 1200 2536 reddatur
1219 2510 1427 2536 concentus
1451 2501 1612 2536 minime
1637 2501 1705 2538 dis-

90 2571 178 2597 cors
205 2561 240 2596 &
267 2556 439 2594 insuavis.
498 2557 600 2605 Ergo
626 2557 782 2592 demum
805 2555 866 2592 ista
893 2555 1042 2599 subiciti
1075 2554 1321 2592 inconstantia
1348 2557 1384 2592 δε
1409 2553 1560 2592 varietas
1584 2566 1704 2593 artem

83 2614 260 2652 'reddidit
281 2610 398 2660 magis
418 2612 731 2655 conjecturalem:
768 2622 826 2647 ars
847 2620 974 2648 autem
997 2621 1074 2646 tam
1095 2610 1356 2653 conjesiuralis
1379 2621 1467 2646 cum
1490 2608 1544 2656 sit,
1573 2611 1703 2648 locum

84 2670 321 2719 «ampliorem
337 2668 439 2703 dedit
456 2679 536 2703 non
554 2666 677 2704 solum
692 2667 824 2711 errori,
845 2676 975 2703 verum
993 2663 1107 2702 etiam·-
1120 2665 1352 2715 imposturae.
1411 2666 1606 2713 Siquidem
1623 2679 1703 2703 om-

86 2717 164 2761 'ries-
181 2724 274 2761 aliae
297 2723 577 2773 propemodum
602 2732 698 2758 artes
721 2724 758 2758 &
784 2720 957 2757 scientiae
979 2721 1120 2758 virtute
1143 2719 1203 2756 sua
1228 2722 1265 2757 ὃ(
1285 2719 1492 2766 rumulone,
1524 2731 1603 2757 non
1630 2722 1703 2758 sue-

85 2779 191 2816 'cell'u
221 2789 282 2815 aut
308 2789 436 2828 opere,
475 2777 699 2821 judicantur.
755 2776 1000 2813 Advocatum
1026 2774 1101 2823 ipsa
1131 2775 1266 2823 agendi
1294 2777 1331 2813 ὅ(
1359 2775 1510 2812 dicendi
1540 2775 1706 2822 facul-tas,

96 2847 176 2872 non
198 2835 318 2870 exitus
333 2831 472 2877 caulae,
501 2831 767 2872 commendat3
796 2831 1026 2880 gubernator
1043 2829 1144 2866 navis
1162 2830 1256 2866 clavi
1273 2830 1428 2866 tenendi
1449 2832 1593 2881 peritia,
1625 2844 1704 2868 non

97 2888 349 2940 expeditionis
369 2887 532 2932 fortuna,
564 2886 598 2923 se
621 2887 765 2936 probat.
822 2885 877 2921 At
902 2885 1080 2930 medicus,
1110 2887 1146 2922 ὅ(
1170 2884 1316 2922 fortaffc
1338 2886 1527 2936 poli-ricus,
1565 2888 1622 2923 vix
1647 2888 1705 2923 ha<

99 2945 190 2981 bent
213 2943 377 2979 actiones
400 2943 541 2989 aliquas
562 2943 742 2992 proprias,
780 2941 915 2989 quibus
936 2939 1123 2989 specimen
1148 2941 1235 2976 artis
1257 2943 1292 2977 ὃς
1316 2941 1464 2977 virtutis
1492 2940 1572 2977 suae
1599 2943 1704 2988 liqui-

100 2999 153 3035 do
182 2997 403 3036 exhibeant3
447 2995 506 3032 sed
535 2998 580 3033 ab
610 3006 747 3034 eventu
776 2996 974 3049 praecipue
1001 2995 1191 3033 honorem
1218 3005 1281 3033 aut
1311 2995 1471 3033 dedecus
1503 3006 1703 3044 reportant,

101 3049 340 3101 iniquissimo
354 3050 503 3102 prorsus
518 3051 673 3098 judicio.

161 3109 273 3146 Voti.
306 3108 332 3144 Ι.
889 3106 940 3156 Q
1510 3106 1708 3154 Quotus

1730 222 1752 254 1
1767 222 1821 255 2⁷1
