2040 3439
92 199 257 281 Lib.I.
478 198 804 247 NOVUM
876 202 1359 250 ORGANUM

91 308 214 347 num,
242 294 398 346 (scilicet
422 306 464 332 ut
491 297 647 333 deteiio
641 309 726 333 cm
748 300 785 334 Ec
804 300 979 335 viliorem
1004 299 1161 338 habeant
1185 301 1230 337 de
1265 302 1322 347 iis,
1350 311 1444 350 quae
1471 302 1544 346 jam
1575 304 1614 340 in
1644 303 1710 341 usu

102 349 206 399 sunt,
234 353 473 400 opinionem,
502 363 613 402 qnam
634 363 735 388 nunc
756 353 916 390 liabent
909 379 918 394 ‚
950 356 985 390 ὅ(
1008 360 1089 392 luae
1110 331 1342 393 conditionis
1357 358 1610 394 intortunium
1627 360 1710 420 plus

102 403 261 443 sentiant
281 408 318 443 δ(
340 404 578 457 pernoscant)
602 418 716 454 quam
747 408 795 444 ad
822 407 1049 446 alacritatem
1073 412 1237 458 aliquam
1267 411 1531 458 inducendam,
1567 424 1630 450 aut
1654 416 1709 450 in-

86 456 272 498 dustriam
290 458 506 510 experiendi
526 462 701 498 acuendm
707 474 745 497 n.
803 464 931 511 ltaque
960 466 1196 509 conjcc'turae
1223 465 1380 512 nostrae,
1409 478 1504 515 quae
1538 465 1638 516 spem
1666 468 1706 506 in

98 512 168 551 hac
193 527 232 552 re
249 515 390 553 faciunt
409 515 658 576 probabilem,
686 518 902 566 aperiendae
932 518 1016 555 sunt
1040 521 1076 555 δε
1100 521 1342 569 proponend
1337 533 1369 557 c
1389 545 1400 561 ‚
1429 519 1517 558 ficut
1541 524 1703 559 Colum-

101 568 168 608 bus
192 570 282 607 fecit
302 581 388 606 ante.
411 568 690 618 navigationem
714 573 816 608 illam
836 572 938 610 luam
958 572 1168 611 mirabilem
1187 577 1298 610 maiis
1320 575 1526 612 Atlantici·
1518 601 1528 617 ‚
1543 588 1629 614 cum
1651 591 1704 615 ra-

95 622 218 685 tiones
240 625 453 671 adduceret,
484 636 550 662 cur
583 626 658 674 ipse
683 638 797 663 novas
818 637 929 664 terras
950 630 986 664 ὃ(
1006 630 1258 674 continentes,
1286 641 1428 679 praeter
1457 643 1515 668 cas
1534 644 1626 682 quae
1642 645 1703 669 an-

95 689 135 716 te
155 681 331 729 cognitae
353 679 519 726 fuerunt,
547 677 707 717 inveniri
729 681 829 732 posse
848 682 1080 720 consideret
1110 685 1215 735 Quae
1231 687 1394 722 rationes
1409 686 1494 722 licet
1510 688 1634 734 primo
1649 701 1703 725 rc-

94 733 221 781 jcfhe,
256 735 378 785 postca
399 746 525 771 tamen
552 734 808 784 experimento
832 738 1008 806 probatae
1026 737 1121 784 sunt,
1152 742 1188 775 ὄε
1211 751 1338 776 rerum
1361 742 1604 777 maximarum
1619 754 1702 780 cau-

92 787 153 826 sae
173 791 210 826 &
233 790 343 827 initia
371 789 549 827 fuerunt.

98 876 101 877 γ
147 845 643 882 XC111.PR1N011³1UM
676 855 800 882 autem
824 845 1048 883 sumendum
1079 859 1099 883 a
1131 847 1241 884 Deo:
1270 849 1356 884 Hoc
1382 847 1565 885 nimirum
1598 852 1702 898 quod

91 901 229 950 agitur,
258 909 412 948 propter
444 900 691 935 excellentem
725 901 765 936 in
790 899 869 950 ipso
892 901 984 937 boni
1011 911 1194 947 naturam,
1224 903 1414 939 manifeste
1440 915 1460 940 a
1487 905 1574 941 Deo
1602 906 1698 947 elic-3

89 956 154 1008 'qui
188 954 323 991 author
359 952 449 991 boni
483 955 520 990 ὃς
548 963 651 1012 pater
670 954 861 991 luminum
897 956 956 992 est.
1011 957 1054 993 ln
1088 958 1367 1008 operationibus
1402 969 1527 994 autem
1560 958 1691 997 dixinis

91 1009 202 1046 initia
229 1021 396 1060 quaeque
421 1005 632 1046 tenuissima
655 1010 796 1046 exitum
823 1021 929 1047 certo
949 1010 1113 1048 trahunt.
1169 1011 1298 1062 Atque
1313 1013 1417 1061 quod
1436 1012 1482 1049 de
1499 1012 1692 1076 [piritu-ali-

68 1063 159 1101 ‘bus
179 1064 323 1101 dictum
350 1063 411 1110 est,
442 1061 620 1115 Regnum
645 1061 735 1101 Dei
767 1074 841 1101 non
860 1065 974 1102 venit
1003 1077 1088 1103 cum
1112 1063 1404 1117 obstruatione3
1433 1067 1472 1104 id
1507 1069 1620 1104 ctiam
1649 1071 1689 1106 in

56 1115 198 1165 'omni
223 1120 366 1164 majore
384 1130 497 1170 opere
519 1118 779 1168 providentiae
813 1120 960 1157 divinae
991 1122 1140 1158 evenire
1161 1122 1367 1170 reperitur:
1396 1132 1436 1158 ut
1454 1124 1584 1159 omnia
1610 1121 1687 1161 sine

80 1163 241 1226 ¹strepitu
260 1175 299 1211 δε
322 1175 450 1212 sonitu
472 1173 614 1225 placide
644 1174 839 1211 labantur
831 1199 840 1215 ‚
869 1185 980 1222 atque
1001 1188 1055 1213 res
1082 1177 1193 1227 plane
1222 1187 1264 1224 ag-
1255 1186 1358 1222 tatur,
1386 1176 1601 1227 priulquam
1621 1179 1689 1215 ho-

87 1227 209 1268 mines
232 1240 316 1266 eam
338 1230 396 1278 agi
415 1238 548 1278 putent
569 1238 630 1265 aut
651 1228 854 1266 advertant.
910 1232 1047 1278 Neque
1067 1217 1278 1267 omittenda
1294 1231 1341 1267 cst
1339 1231 1549 1295 prophetia
1574 1233 1689 1270 Dani-

86 1278 155 1319 elis
175 1283 224 1320 de
250 1284 394 1321 ultimis
416 1282 548 1319 mundi
568 1282 820 1334 temporibus;
851 1282 980 1322 Multi
989 1282 1187 1337 pertrans
1168 1282 1288 1331 bunt
1319 1281 1366 1327 &e
1391 1284 1594 1338 multiplex
1609 1289 1686 1324 erit

76 1335 276 1390 fiientia:
303 1337 499 1375 Manifeste
527 1339 689 1375 innuens
717 1340 752 1374 ὅ(
781 1337 987 1388 significans
1015 1340 1109 1376 esse
1103 1352 1141 1376 m
1161 1339 1256 1386 fatis,
1276 1316 1312 1376 id
1336 1340 1395 1386 est,
1425 1342 1466 1378 in
1487 1343 1686 1390 providen

85 1391 148 1439 tia,
175 1403 217 1430 ut
243 1391 481 1442 pertransitus
502 1393 646 1439 mundi,
679 1391 759 1443 (qui
787 1405 851 1444 per
884 1403 943 1430 tot
976 1395 1202 1443 longinquas
1229 1395 1483 1443 navigationes
1510 1398 1687 1445 impletus

83 1448 209 1496 plane,
235 1459 301 1485 aut
323 1449 395 1492 jam
420 1449 460 1484 in
490 1459 602 1496 opere
630 1447 699 1484 ess'e
721 1448 879 1496 videtur)
916 1451 952 1486 ὅ(
980 1460 1181 1499 augmenta
1206 1448 1442 1486 scientiarum
1469 1449 1508 1486 in
1530 1452 1688 1490 eandem

86 1512 248 1547 aetatem
266 1501 444 1539 incidant.

137 1557 280 1594 XCIV.
310 1558 575 1609 SEQUITUR
607 1556 701 1594 ratio
726 1559 902 1595 omnium
922 1557 1082 1596 maxima
1096 1556 1141 1595 ad
1169 1557 1377 1596 faciendam
1394 1558 1517 1609 spem3
1548 1572 1685 1610 nempe

82 1623 126 1648 ex
141 1613 330 1649 erroribus
351 1613 532 1663 temporis
555 1610 756 1661 praeteriti,
785 1614 822 1649 &
838 1612 980 1650 viarum
1003 1613 1123 1650 adhuc
1137 1623 1376 1651 tentatarum.
1407 1616 1564 1664 Optime
1580 1618 1685 1653 enim

83 1661 134 1703 est
159 1679 201 1703 ca
229 1665 474 1716 reprehensio,
504 1678 618 1714 quam
638 1667 684 1703 de
710 1666 801 1704 statu
824 1667 924 1704 civili
951 1667 1048 1705 haud
1083 1669 1284 1717 prudenter
1307 1668 1559 1706 administrato
1589 1671 1684 1718 quil-

75 1717 187 1772 'piam
215 1721 273 1758 his
293 1721 412 1759 verbis
440 1722 657 1770 complexus
685 1721 758 1758 est:
789 1719 914 1774 Qtod
936 1720 991 1759 ad
1008 1723 1227 1775 praeterita
1244 1720 1439 1774 pffmum
1472 1721 1534 1772 est,
1562 1722 1608 1762 id
1632 1718 1689 1762 ad

75 1772 225 1827 futura
248 1777 430 1828 optimum
457 1773 587 1813 videri
612 1773 732 1813 debet
790 1775 833 1813 St
858 1777 957 1814 enim
983 1789 1055 1815 vos
1077 1778 1214 1824 omnia,
1244 1789 1340 1829 quae
1367 1776 1422 1815 ad
1442 1775 1603 1827 officium
1619 1791 1682 1817 ιε

75 1827 203 1881 strum
217 1829 410 1882 speHant,
430 1827 755 1882 praestitiffeti55
785 1842 903 1883 neque
931 1838 1060 1869 tamen
1084 1844 1145 1869 res
1172 1831 1321 1882 vestrae
1351 1833 1392 1870 in
1425 1832 1577 1870 meliore
1603 1832 1683 1871 loco

85 1882 225 1936 fff'ent3
254 1897 301 1923 ne
316 1885 408 1937 spes
437 1883 588 1938 quidem
614 1883 694 1923 ulla
722 1883 872 1937 reliqua
889 1883 1012 1937 foret,
1055 1899 1121 1924 eas
1155 1887 1198 1924 in
1225 1885 1360 1924 melius
1378 1886 1547 1938 provehi
1564 1887 1679 1939 polsi.

82 1938 165 1977 Sed
190 1952 275 1978 cum
293 1952 417 1978 rerum
446 1938 658 1989 vtstrarum
674 1937 819 1989 status,
849 1952 922 1977 non
950 1954 974 1977 a
993 1941 1039 1978 vi
1061 1940 1142 1992 ipsc}
1170 1954 1239 1978 rer
1236 1953 1305 1988 tm
1324 1940 1402 2001 fid
1422 1940 1470 1979 ab
1493 1955 1681 1980 errormus

82 1992 225 2045 vestris
248 1994 401 2047 males}
429 1992 599 2038 habeat,
620 1992 854 2046 sperandum
880 1993 942 2044 cst,
972 1994 1055 2033 illis
1088 1994 1275 2033 erroribus
1303 1993 1416 2043 miſjts
1442 2004 1512 2033 aut
1541 2009 1681 2034 correc-

81 2048 152 2097 tis,
180 2062 357 2102 magnam
379 2061 503 2087 rerflm
535 2050 577 2087 in
605 2047 740 2086 melius
768 2050 1021 2087 mutationem
1046 2048 1141 2100 fieri
1160 2048 1277 2102 paffe.
1336 2050 1457 2088 Simili
1493 2052 1624 2099 modo,
1654 2051 1680 2090 si

81 2103 259 2142 homines
285 2118 352 2155 per
373 2115 475 2142 tanta
499 2116 687 2142 annorum
708 2104 820 2156 spatia
838 2106 937 2142 iiam
965 2117 1087 2142 veram
1110 2105 1377 2143 inveniendi&
1395 2106 1545 2143 colendi
1565 2106 1678 2144 icien-

80 2161 151 2196 tias
168 2161 379 2206 tenuissent,
409 2172 478 2197 nec
501 2170 628 2196 tamen
649 2160 802 2196 ulterius
830 2161 1003 2210 progredi
1041 2161 1255 2211 potuiss'ent‚
1288 2161 1401 2198 audax
1428 2161 1679 2211 proculdubio

83 2216 123 2251 δ(
140 2216 337 2252 temeraria
359 2215 457 2252 foret
476 2213 620 2265 opinio,
648 2214 747 2265 poll'e
771 2226 850 2250 rem
881 2216 919 2251 in
949 2214 1102 2251 ulterius
1134 2217 1301 2264 provehi.
1356 2216 1472 2267 Quod
1500 2213 1525 2252 sl
1545 2217 1586 2252 in
1619 2218 1677 2253 via

80 2267 155 2318 ipsa
176 2280 339 2306 erratum
362 2268 415 2315 sit,
444 2280 554 2317 atque
574 2269 776 2305 hominum
797 2281 908 2319 opera
934 2271 972 2305 in
997 2269 1037 2305 iis
1051 2269 1284 2319 consumpta,
1314 2271 1353 2306 in
1369 2271 1502 2321 quibus
1521 2269 1677 2308 minime

80 2324 304 2376 oportebat3
331 2324 493 2372 sequitur
509 2336 550 2360 ex
575 2335 634 2369 eo,
664 2335 745 2360 non
760 2324 799 2359 in
816 2330 924 2360 rebus
939 2321 1019 2374 ipsis
1038 2321 1299 2362 difficultatem
1314 2326 1420 2371 oriri,
1453 2336 1549 2372 quae
1572 2336 1678 2374 pote-

79 2377 178 2416 statis
191 2379 334 2416 nostrae
357 2391 438 2416 non
454 2378 536 2416 sunt
548 2395 561 2419 ,-
592 2378 651 2415 sed
673 2380 712 2414 in
733 2379 924 2414 intellectu
947 2379 1126 2425 humano,
1154 2378 1302 2427 ejusque
1318 2379 1383 2416 usu
1407 2382 1443 2417 ὃς
1465 2381 1677 2428 applicatio-

82 2446 157 2474 ne5
185 2445 278 2484 quae
297 2446 354 2470 res
382 2434 589 2470 remedium
606 2435 642 2469 ὅ(
663 2431 887 2469 medicinam
912 2432 1069 2482 inscipit.
1128 2434 1255 2482 Itaque
1279 2433 1467 2483 optimum
1497 2435 1608 2471 fuerit
1636 2433 1678 2471 il-

82 2489 140 2526 los
169 2488 267 2540 ipsos
294 2501 435 2525 errores
460 2499 697 2538 proponere:
726 2489 832 2538 Quot
853 2489 956 2523 enim
980 2487 1114 2524 fuerint
1145 2500 1317 2526 errorum
1343 2489 1614 2540 impedimenta
1632 2490 1674 2527 in

80 2545 295 2595 praetetit0‚
324 2554 383 2580 tot
407 2544 491 2580 sunt
512 2541 586 2594 spei
614 2552 830 2591 argumenta
852 2543 892 2578 in
912 2541 1094 2579 futurum.
1150 2543 1201 2578 Ea
1224 2555 1314 2580 vero
1334 2544 1419 2580 licet
1438 2543 1476 2580 in
1493 2543 1549 2580 his
1576 2555 1677 2591 quae

66 2592 248 2647 'superius
266 2597 360 2635 dista
376 2597 471 2644 sunt,
500 2610 581 2635 non
600 2595 734 2634 intacta
753 2598 917 2633 omnino
935 2595 1071 2633 fuerint
1087 2614 1099 2638 ,-
1129 2607 1254 2633 tamen
1276 2609 1318 2634 ea
1341 2597 1451 2634 etiam
1472 2609 1574 2635 nunc
1594 2600 1673 2635 brc-

81 2654 184 2705 ‚viter
201 2651 321 2689 verbis
349 2653 457 2689 nudis
476 2665 518 2689 ac
540 2650 765 2703 simplicibus
793 2651 1061 2701 repraesentare
1086 2651 1205 2688 visum
1233 2652 1292 2688 cst.

135 2708 260 2745 XCV.
290 2709 389 2758 QUI
405 2708 649 2744 “straverunt
661 2705 836 2752 scientias,
851 2717 913 2743 aut
927 2705 1091 2757 empirici
1107 2716 1168 2742 aut
1178 2707 1382 2756 dogmatici
1401 2706 1564 2744 fuerunt.
1586 2708 1671 2744 Em-

80 2759 196 2812 pirici,
223 2762 401 2799 formicae
421 2774 542 2806 more,
558 2771 768 2810 congerunt
781 2770 930 2797 tantum
953 2763 989 2797 ὃ(
1004 2771 1180 2797 utuntur:
1210 2760 1436 2810 Rationales‚
1454 2774 1672 2799 arancarum

22 2846 24 2850 ,
80 2817 205 2863 more,
231 2818 321 2854 telas
341 2829 383 2854 ex
400 2816 434 2853 se
453 2816 662 2853 conficiunt
680 2829 687 2851 :
716 2815 811 2866 Apis
830 2827 921 2852 vero
948 2817 1044 2851 ratio
1065 2815 1188 2852 media
1209 2816 1269 2858 cst,
1297 2828 1389 2864 quae
1415 2819 1609 2853 materiam
1631 2829 1674 2854 ex

85 2871 241 2908 floribus
255 2872 356 2909 horti
378 2874 413 2908 ὃ(
434 2872 509 2920 agri
537 2870 656 2910 elicit3
686 2869 744 2906 sed
768 2880 893 2906 tamen
914 2881 995 2906 eam
1022 2872 1171 2919 propria
1191 2871 1363 2908 facultate
1386 2870 1492 2908 vertit
1515 2875 1550 2908 δ(
1578 2873 1677 2920 digc-

85 2928 146 2962 rit.
204 2928 341 2975 Neque
367 2924 531 2964 absimile
561 2923 813 2974 philosophiae
841 2936 971 2962 verum
996 2924 1186 2973 opificium
1216 2925 1290 2968 est,·
1321 2927 1424 2973 quod
1444 2938 1513 2962 nec
1542 2928 1679 2962 mentis

81 2979 222 3018 >viribus
242 2992 389 3018 tantum
405 2991 466 3018 aut
487 2982 680 3029 praecipue
695 2978 839 3026 nititur,
874 2991 996 3027 neque
1021 2991 1063 3016 cx
1078 2979 1225 3016 historia
1251 2982 1408 3017 naturali
1432 2983 1467 3017 ὃς
1494 2979 1676 3017 mechani-

41 3032 44 3033 ’
85 3036 137 3072 cis
155 3035 411 3086 experimentis
426 3035 629 3086 praebitam
649 3035 856 3082 materiam,
878 3035 917 3071 in
933 3035 1321 3084 memoriaintcgram,
1352 3035 1412 3071 sed
1434 3037 1473 3071 in
1488 3033 1675 3071 intelleciu

96 3136 99 3139 Ι
139 3091 251 3129 VOL.
280 3092 308 3128 1.
925 3089 986 3139 Pp
1018 3099 1036 3124 2
1496 3098 1678 3125 mut-„itam

1790 223 1888 270 299
