2040 3439
95 186 320 251 cap.1v.
392 185 486 234 DE
522 178 964 236 A'UGMENTIS
994 179 1535 238 sclENTlARUM‘.

150 286 218 323 Ar
228 296 324 337 QUE
353 284 443 322 haec
456 282 653 331 antitheta,
685 284 794 337 (quae
813 298 916 323 nunc
944 285 1221 336 proposuimus)
1252 286 1399 325 fortass'e
1418 291 1513 326 tanti
1532 302 1613 328 non
1635 292 1709 330 fue-

91 342 190 379 rint:
223 341 294 378 Sed
311 352 397 377 cum
413 340 490 385 jam
506 337 599 376 olim
615 351 740 388 parata
755 342 792 378 ὃς
812 342 969 378 colleEta
994 353 1013 378 a
1044 341 1154 378 nobis
1177 341 1303 389 essent,
1339 344 1533 382 noluimus
1553 345 1710 390 diligen-

87 394 161 433 tiae
183 395 328 432 nostrae
359 395 532 441 juvenilis
559 393 725 432 fructum
740 397 881 447 perire:
911 395 1124 447 praesertim
1140 408 1240 443 cum,
1273 396 1310 445 (si
1335 397 1416 446 quis
1436 399 1577 437 acutius
1592 388 1709 440 nitro-

89 449 230 501 spiciat)
249 450 389 487 semina
404 448 485 497 sint,
516 460 597 485 non
623 449 746 487 flores.
805 451 848 487 In
864 451 934 488 illo
954 462 1079 488 autem
1102 451 1393 490 adolescentiam
1422 454 1532 503 plane
1557 455 1705 505 spirant,

89 505 194 557 quod
224 503 294 541 sint
315 506 354 542 in
385 503 534 551 morali,
564 501 636 542 five
660 504 961 543 demonstrativo
979 518 1129 556 genere,
1156 506 1330 545 uberiora
1340 527 1354 552 ,ς
1384 508 1424 546 in
1452 509 1706 560 deliberativo,

89 563 127 599 &
143 558 318 606 judiciali,
348 571 542 611 perpauca.

143 616 341 653 TERTIA
368 616 557 662 collectio,
590 627 684 664 quae
707 617 869 666 pertinet
885 615 929 652 ad
957 616 1268 668 promptuariam‚
1297 629 1407 669 atque
1437 621 1550 657 etiam
1570 619 1706 660 deside·

89 681 202 716 ratur,
231 668 280 707 est
309 682 361 716 ca,
401 682 516 718 quam
531 679 664 709 v'ocare
680 672 810 720 placet,
831 670 1084 708 formularum
1100 673 1305 710 minorum.
1362 675 1450 711 Illae
1466 687 1592 713 autem
1607 677 1704 725 sunt,

89 724 205 764 veluti
233 725 424 771 vestibula,
468 725 640 775 posticae,
679 735 962 772 ante-camerae,
1004 738 1239 774 re-camcrae‚
1278 727 1462 775 transitus,
1505 733 1574 768 &c.
1628 744 1705 770 ora-

89 779 202 818 tionis
218 798 232 823 ,·
262 791 356 828 quae
380 778 708 818 indiscriminatim
729 779 906 818 omnibus
921 780 1090 827 subjeffis
1105 792 1322 834 competere
1350 781 1502 832 pollint.
1559 788 1698 839 Quales

87 836 174 874 fiant
188 835 447 887 praefationes,
476 835 748 877 conclusiones,
768 831 1025 885 digreffioneS,
1055 834 1302 883 transitiones,
1332 836 1608 889 promillioncs,
1638 843 1698 879 de-

88 891 325 937 clinationes,
357 892 392 927 ὅ(
416 891 579 941 plurima
603 891 800 937 ejusmodi.
857 891 1194 942 Quemadmodum
1211 894 1365 929 enimin
1376 893 1558 941 aedificiis,
1587 898 1702 948 pluri-

86 957 197 984 mum
212 945 300 982 facit
316 947 352 982 ὅ(
368 945 414 982 ad
439 947 673 996 voluptatem
699 948 735 983 δε
759 945 804 982 ad
819 944 939 992 usum,
969 956 1009 983 ut
1038 945 1274 996 frontispicia,
1298 951 1442 996 gradu3‚
1468 948 1567 997 ostia,
1599 952 1700 989 fene-

86 1000 187 1048 strae,
216 999 347 1047 aditus,
375 999 558 1047 transitus,
589 1000 862 1047 &hujusmodi,
892 1000 1370 1039 commodedistribuantur
1386 1020 1399 1044 ‚-
1430 1004 1699 1047 eodemmodo

86 1057 202 1094 etiam
217 1055 256 1092 in
272 1057 444 1093 oratione
454 1055 507 1104 fit,
523 1067 565 1094 ut
577 1056 832 1094 additamenta
847 1053 1194 1108 &interpofitioncs
1209 1056 1304 1104 istae,
1327 1055 1370 1107 (si
1380 1059 1514 1096 decore
1531 1062 1566 1097 ὅ(
1580 1064 1700 1113 perire

87 1112 304 1149 formentur
321 1113 357 1148 &
377 1112 628 1161 collocentur)
659 1113 869 1163 plurimum
897 1121 981 1148 tum
1010 1112 1160 1160 gratiae,
1185 1122 1267 1150 tum
1292 1114 1589 1162 commoditatis,
1621 1117 1699 1154 uni-

86 1166 209 1205 versae
232 1167 414 1204 orationis
435 1166 630 1205 structurae
658 1167 844 1212 adjiciant.
899 1167 1042 1203 Harum
1067 1166 1318 1205 formularum
1334 1170 1549 1221 exemplum
1579 1184 1701 1210 unum

87 1232 152 1259 aut
180 1223 342 1259 alterum
365 1233 635 1271 proponemus,
664 1234 789 1270 neque
815 1220 951 1259 diutius
980 1221 1112 1258 iisdem
1136 1221 1439 1261 immorabimur.
1496 1223 1569 1262 Etsi
1596 1227 1700 1264 enim

87 1275 160 1314 sint
184 1289 239 1314 res
252 1276 351 1314 haud
378 1278 501 1326 exigui
529 1276 626 1325 usus,
652 1287 780 1314 tamen
801 1288 889 1315 cum
909 1275 1005 1313 nihil
1034 1278 1074 1313 in
1103 1277 1158 1314 his
1182 1278 1360 1315 addamus
1389 1279 1435 1315 de
1460 1280 1600 1328 nostro,
1637 1280 1701 1319 secl

90 1342 240 1369 tantum
269 1332 449 1369 formulas
474 1333 591 1369 nudas
611 1345 653 1369 ex
671 1331 927 1369 Demosthene
959 1342 1022 1369 aut
1040 1332 1230 1369 Cicerone
1259 1343 1321 1370 aut
1338 1331 1413 1370 alio
1441 1337 1622 1385 quopiam
1651 1337 1702 1373 se-

88 1388 188 1424 lecto
203 1386 358 1424 authore
385 1386 643 1434 describamus,
671 1387 828 1424 inferius
843 1384 1022 1436 quiddam
1036 1385 1229 1434 videntur,
1259 1399 1371 1439 quam
1398 1398 1439 1426 ut
1468 1391 1510 1426 in
1531 1402 1579 1428 eo
1607 1401 1700 1430 tem-

91 1453 160 1494 pus
175 1452 349 1480 teramus.

568 1507 749 1558 Exempla
765 1506 1017 1544 formularum
1033 1508 1240 1544 minorum.

650 1560 858 1600 Conclusio
872 1562 1157 1600 Deliberativae.

147 1618 172 1655 S
185 1628 200 1654 1
213 1629 236 1655 c
256 1618 292 1653 ὃς
312 1616 461 1666 culpam
473 1617 710 1667 praeteritam
721 1616 774 1653 fas
789 1615 855 1654 erit
869 1616 1068 1664 redimere,
1099 1620 1135 1654 δε
1150 1618 1285 1656 futuris
1299 1617 1556 1657 incommodis
1571 1621 1702 1659 eadem

92 1684 207 1725 opera
224 1671 450 1724 prospicere.

551 1736 770 1774 Partitionis
785 1746 975 1774 accuratae
990 1738 1246 1776 corollarium.

144 1791 189 1832 U
202 1803 226 1828 T
255 1803 389 1829 omnes
402 1789 627 1840 intelligant,
658 1791 754 1829 nihil
782 1804 845 1829 me
873 1794 910 1829 ὃ(
937 1791 1192 1842 subterfugere
1221 1795 1375 1833 voluisse
1400 1797 1608 1844 reticendo,
1638 1809 1700 1835 aut

96 1846 293 1885 obscurare
308 1847 483 1884 dicendo.

662 1911 848 1950 Transitio
868 1925 957 1950 cum
975 1913 1137 1951 monito.

148 1970 334 2008 VERUM
363 1967 452 2005 haec
462 1965 511 2005 ita
524 1977 809 2018 praetereamus,
837 1978 879 2006 ut
895 1978 1024 2006 tamen
1048 1971 1237 2007 intuentes
1261 1969 1299 2006 δε
1315 1969 1566 2020 respectanreS,
1595 1972 1705 2008 relin-

96 2036 266 2075 quamus.

428 2086 718 2138 Praeoccupatio
730 2099 864 2127 contra
878 2085 1101 2139 opinionem
1115 2091 1369 2128 inveteratam.

151 2146 354 2190 FACIAM,
383 2153 424 2180 ut
448 2142 664 2193 intelligatis
687 2145 728 2180 in
757 2155 838 2182 tota
854 2144 969 2191 causa,
999 2145 1089 2196 quid
1118 2158 1173 2182 res
1203 2144 1275 2194 ipsa
1302 2146 1443 2192 tulerit,
1480 2144 1570 2196 quid
1598 2150 1706 2183 error

97 2196 290 2245 affinxerit,
320 2197 409 2247 quid
425 2197 564 2235 invidia
577 2198 811 2237 conflaverit.

151 2257 285 2292 HAl-:c
314 2265 427 2304 pauca
442 2253 682 2299 enumerasse,
712 2255 756 2290 ad
777 2255 957 2303 exempla,
988 2253 1068 2291 satis
1088 2254 1222 2291 fuerit:
1252 2267 1340 2292 cum
1356 2256 1503 2303 quibus,
1533 2255 1706 2305 appendi-

99 2322 159 2348 ces
173 2307 392 2355 rhetoricae,
421 2320 515 2360 quae
529 2308 574 2345 ad
590 2308 886 2360 promptuariam
907 2308 1082 2360 speetant,
1111 2310 1385 2347 concludimus.

1530 2380 1548 2396 ἱ

730 2454 772 2499 C
806 2456 848 2499 A
886 2454 934 2499 P.
1003 2454 1080 2498 IV.

230 2544 471 2601 Appendices
478 2544 681 2600 generales
695 2543 792 2585 dnae
813 2543 1037 2585 traditivae
1053 2564 1066 2590 ,-
1097 2546 1237 2585 critica
1253 2541 1302 2588 <ff
1309 2536 1581 2599 paedagogica.

179 2659 514 2700 UPERSUNT
548 2658 644 2695 duae
673 2658 894 2707 appendices
928 2656 1120 2695 traditivac
1156 2656 1194 2693 in
1228 2668 1393 2705 gcnere3
1435 2658 1548 2694 altera
1573 2656 1709 2705 critica,

205 2716 319 2752 altera
343 2711 600 2763 paedagogica.
659 2713 762 2750 Sicut
776 2715 880 2750 enim
896 2725 976 2764 pars
1006 2711 1197 2750 traditivae
1225 2712 1420 2760 praecipua
1443 2710 1482 2749 in
1511 2711 1711 2764 scriptione

105 2773 293 2809 librorum
309 2766 479 2808 confistit,
508 2770 559 2805 ita
587 2779 668 2819 pars
688 2768 766 2812 ejus
797 2768 948 2804 relativa
964 2769 1002 2803 in
1020 2768 1203 2804 librorum
1220 2765 1378 2804 versatur
1392 2767 1572 2803 lefflone:
1602 2767 1713 2804 leelio

103 2837 246 2871 autem,
275 2825 332 2862 vel
354 2823 618 2873 magistrorum
646 2834 719 2871 ope
752 2825 904 2871 regitur,
934 2823 993 2858 vel
1023 2820 1198 2858 industria
1224 2820 1401 2870 cujusque
1427 2821 1576 2873 propria
1605 2822 1712 2872 perti⁴

58 2906 61 2907 ν
108 2882 225 2920 citur3
254 2890 364 2928 atque
381 2877 466 2915 huic
480 2876 532 2914 rei
548 2876 751 2915 inserviunt
766 2875 958 2914 doftrinae
973 2878 1069 2923 illae,
1099 2888 1188 2928 quas
1202 2876 1374 2922 diximus,
1403 2876 1508 2913 duae.

163 2935 240 2972 An
260 2936 430 2971 criticam
454 2933 630 2983 speciant,
661 2933 788 2981 primo
803 2932 1005 2969 authorum
1021 2932 1268 2983 probatorum
1283 2929 1409 2968 limata
1438 2932 1632 2977 correffio,
1678 2933 1715 2968 ὅ(

112 2990 308 3028 emendata
331 2987 473 3029 editio;
501 2986 632 3039 quibus
655 2989 691 3024 &
714 2985 882 3038 ipsorum
905 2987 1107 3024 authorum
1137 2987 1262 3024 honor
1276 2987 1497 3033 vindicatur,
1529 2990 1562 3022 ὁ(
1585 2984 1717 3022 studio-

112 3042 155 3081 fis
169 3046 299 3082 lumen
323 3043 539 3093 praefertur.
594 3043 680 3094 Qua
704 3051 831 3080 tamen
849 3040 941 3080 inre
960 3040 1082 3080 studiis
1104 3041 1201 3081 haud
1218 3053 1348 3092 parum
1377 3042 1593 3079 detrimenti
1620 3039 1716 3077 intu-

1674 3094 1718 3132 lit

1799 204 1890 256 191
