2040 3439
63 172 267 238 capnt.
304 168 402 217 DE
451 166 953 217 AUGMENTIS
999 166 1605 217 SCIENTIARUM.

63 272 174 309 facile
204 269 301 307 hanc
330 267 582 305 ambitionem
609 279 698 305 eum
725 280 746 305 a
775 267 960 318 discipulo
984 268 1052 307 suo
1074 269 1261 319 accepisse,
1296 282 1410 319 quem
1436 270 1585 308 fortasse
1619 287 1677 314 ae-

61 327 223 364 mulatus
256 322 324 365 est3
354 333 394 360 ut
422 320 448 360 si
468 323 532 360 illc
552 333 688 360 omnes
717 324 902 370 nationes,
931 323 994 362 hic
1022 336 1158 362 omnes
1178 326 1382 375 opiniones
1404 325 1602 376 subigeret,
1634 333 1672 369 ὅ(

63 379 326 419 monarchiam
340 377 531 427 quandam
548 379 592 414 in
614 379 1002 428 contemplationibus
1015 377 1080 417 sibi
1096 381 1291 418 conderer.
1346 382 1574 433 Quanquam
1589 383 1671 424 fieri

62 432 189 489 poffit,
217 444 258 472 ut
282 434 379 483 apud
393 433 540 481 aliquos
564 434 718 470 tetricos
732 435 769 470 ὅ(
792 435 943 483 linguae
959 435 1124 481 acerbae,
1153 433 1262 473 simili
1285 448 1374 474 cum
1396 436 1582 489 discipulo
1602 438 1671 478 suo

63 493 178 530 titulo
203 487 453 539 infigniretur.

332 568 448 609 Felix
469 577 660 608 terrarum
672 568 828 623 praedo,
857 583 930 609 non
946 571 1044 611 utile
1058 565 1197 611 mundo

333 624 374 664 E
376 624 485 664 ditus
499 624 733 678 exemplum:

62 710 209 748 Eodem
225 707 358 754 modo,

357 778 475 820 Felix
494 779 858 836 dochinaepraedo,
890 779 972 825 dyc.

62 878 188 916 Nobis
211 890 302 915 vero
322 891 364 915 ex
385 879 499 916 altera
523 890 627 930 parre
649 880 809 928 (quibus,
838 889 1025 928 quantum
1049 880 1196 917 calamo
1218 881 1396 927 valemus,
1426 882 1525 919 inter
1548 890 1672 920 vetera

61 935 99 971 ὃ(
121 945 220 970 nova
236 935 276 970 in
300 935 417 971 literis
433 934 566 971 foedus
591 938 627 971 ὃ(
644 936 920 972 commercium
936 935 1158 971 contrahere
1182 936 1288 972 cordi
1304 936 1365 984 est)
1382 936 1575 974 decretum
1596 949 1672 975 rna-

61 997 139 1035 net,
175 987 437 1038 antiquitatem
457 991 633 1026 comitari
658 989 773 1038 usque
795 990 841 1027 ad
862 1002 961 1030 aras;
991 1000 1103 1038 atque
1121 992 1302 1027 vocabula
1325 993 1477 1040 antiqua
1497 993 1671 1037 retinere,

62 1055 278 1092 quanquam
309 1043 454 1081 sensum
483 1056 617 1082 eorum
647 1047 684 1082 ὃς
712 1044 951 1082 definitiones
980 1044 1119 1094 saepius
1147 1047 1416 1087 immutemus3
1466 1047 1673 1085 secundum

62 1099 303 1137 moderatum
325 1098 433 1136 illum
450 1102 487 1137 ὅ(
508 1099 702 1138 laudatum
717 1102 758 1137 in
780 1101 953 1138 civilibus
973 1101 1139 1138 novandi
1162 1101 1335 1148 modum,
1363 1113 1441 1153 quo
1461 1115 1588 1140 rerum
1608 1103 1671 1140 sta—

62 1163 104 1191 tu
119 1164 274 1201 novato,
302 1155 506 1193 verborum
531 1166 661 1193 tamen
681 1155 852 1193 solennia
874 1156 1034 1197 durent3
1063 1156 1169 1205 quod
1191 1166 1300 1194 notat
1321 1158 1487 1205 Tacitus,
1518 1155 1672 1196 Eadem

63 1206 355 1261 magistratuum
372 1208 572 1248 vocabula.

113 1266 390 1302 REDEAMUS
414 1267 528 1315 igitur
543 1266 589 1304 ad
613 1265 872 1315 acceptionem
892 1267 1066 1305 vocabuli
1087 1264 1365 1316 metaphysicae,
1395 1265 1525 1306 nostro
1550 1267 1668 1306 sensu.

59 1320 167 1358 Patet
191 1319 303 1366 exiis,
334 1333 428 1369 quae
445 1320 549 1370 supra
571 1321 818 1368 differuimus,
846 1322 1060 1371 disjungere
1085 1334 1156 1359 nos
1170 1322 1448 1372 philosophiam
1469 1325 1631 1372 primam
1652 1336 1673 1362 a

61 1373 320 1425 metaphyfica,
349 1388 444 1424 quae
468 1377 641 1414 hastenus
657 1389 727 1426 pro
750 1389 790 1413 re
810 1377 941 1413 eadem
966 1377 1111 1414 habitae
1135 1377 1231 1414 sunt.
1287 1379 1395 1415 lllam
1421 1390 1671 1416 communem

59 1429 299 1467 scientiarum
311 1440 518 1480 parentem,
533 1432 629 1469 hanc
642 1433 819 1468 naturalis
831 1431 1089 1483 philosophiae
1101 1434 1334 1482 portionem,
1350 1432 1554 1485 posuimus.
1603 1433 1674 1471 At-

60 1487 126 1534 qui
143 1485 403 1537 philosophiae
422 1485 565 1538 primae
581 1488 804 1524 communia
823 1489 859 1523 &
876 1486 1087 1536 promiscua
1103 1486 1345 1525 scientiarum
1366 1490 1552 1527 axiomata
1567 1487 1674 1540 aflig-

60 1542 243 1578 flavimus.
300 1542 426 1578 Etiam
453 1543 622 1580 relativas
646 1544 683 1579 <Sc
706 1541 929 1580 adventitias
956 1543 1106 1579 entium
1127 1543 1393 1584 conditionem
1433 1544 1535 1593 (quas
1558 1544 1673 1582 trans-

63 1597 266 1634 cendentes
293 1597 589 1645 nominavimus)
622 1598 801 1644 multum,
844 1608 1028 1646 paucum;
1073 1597 1187 1644 idem,
1230 1598 1439 1640 diversum3
1485 1596 1675 1649 possibile,

61 1647 315 1702 impossibile3
356 1654 394 1688 &
417 1652 491 1689 hoe
520 1665 638 1702 genus
659 1653 803 1701 reliqua
833 1652 959 1689 eidem
988 1653 1249 1694 attribuimus3
1286 1654 1324 1691 id
1352 1654 1599 1693 solummodo
1619 1668 1692 1700 cci-⁴

60 1707 200 1748 vendo‚
228 1716 270 1744 ut
290 1703 435 1756 physice
459 1720 541 1744 non
566 1709 689 1758 logice
713 1708 931 1745 tratstenrur⁸
987 1707 1044 1744 At
1067 1706 1352 1758 inquisitionem
1375 1710 1422 1747 dc
1446 1712 1545 1758 Deo,
1583 1723 1676 1758 uno,

62 1763 181 1809 bono,
210 1763 364 1810 angelis,
393 1761 592 1814 spiritibus,
622 1764 667 1800 ad
690 1762 927 1812 theologiam
944 1765 1154 1800 naturalem
1178 1764 1385 1803 retulimus.
1442 1767 1589 1803 Merito
1611 1765 1676 1816 igi-

61 1827 124 1856 tur
147 1816 274 1866 quaeri
293 1813 419 1867 pofl'lt,
457 1819 548 1866 quid
569 1819 725 1856 tandem
747 1816 801 1859 sit,
842 1818 946 1867 quod
970 1817 1239 1870 metaphysicae
1263 1821 1519 1868 relinquatur?
1559 1824 1677 1859 Certe

62 1875 162 1910 ultra
181 1882 353 1910 naturam
377 1873 486 1920 nihil,
527 1873 587 1911 scd
614 1872 721 1923 ipsius
746 1884 899 1910 naturae
920 1885 1001 1922 pars
1025 1875 1151 1911 multo
1171 1872 1486 1924 praestantissima.
1544 1878 1676 1926 Atque

61 1928 236 1980 profesto
258 1930 350 1965 citra
366 1927 528 1966 veritatis
551 1928 806 1981 dispendium,
837 1929 909 1966 huc
927 1928 1042 1977 usque
1065 1930 1112 1966 de
1128 1941 1299 1967 veterum
1317 1929 1500 1968 sententia
1521 1933 1674 1982 respon-

62 1985 150 2021 dere
170 1984 291 2029 liceat,
322 1980 510 2034 phyficam
530 1997 572 2021 ea
586 1985 755 2031 trastare,
786 1996 880 2032 quae
904 1986 1053 2036 penitus
1070 1985 1110 2020 in
1130 1984 1282 2022 materia
1301 1985 1420 2023 mersa
1436 1986 1520 2024 sunt
1536 1990 1573 2025 ὃ(
1594 1999 1676 2025 mo-

64 2040 164 2084 bilia,
216 2037 503 2087 metaphyficam
538 2038 711 2076 abstraCta
744 2041 862 2089 magis
895 2042 932 2076 δε
966 2039 1181 2077 constantia.
1239 2040 1381 2078 Rursus
1414 2039 1600 2093 physicam
1635 2045 1677 2080 in

62 2105 194 2132 natura
211 2091 419 2145 supponere
435 2093 665 2132 existentiam
681 2105 843 2140 tantum,
873 2097 910 2132 ὅ(
925 2104 1090 2141 motum,
1121 2097 1157 2132 ὃς
1173 2096 1382 2133 naturalem
1398 2094 1676 2139 necestitatenu

63 2161 99 2187 at
124 2147 410 2200 metaphysicam
432 2151 548 2186 etiam
570 2160 742 2191 mentem
763 2152 800 2187 ὅ(
824 2150 958 2187 ideam.
1016 2151 1119 2188 Nam
1142 2150 1215 2187 huc
1238 2150 1338 2188 forte
1358 2152 1453 2189 redit
1473 2164 1526 2199 ea,
1563 2164 1679 2201 quam

61 2206 242 2250 dicemus,
273 2216 341 2240 res.
399 2206 545 2242 Verum
566 2217 637 2243 nos
652 2217 747 2252 eam,
778 2205 882 2242 missa
899 2204 1082 2242 sermonis
1097 2205 1339 2252 sublimitate,
1369 2206 1559 2256 perspicue
1576 2211 1612 2246 δε
1627 2208 1677 2245 fa-

63 2260 264 2296 miliariter
293 2271 564 2310 proponemus.
622 2260 753 2297 Partiri
787 2259 912 2296 sumus
943 2257 1184 2297 Naturalem
1204 2257 1488 2313 philosbphiam
1516 2262 1559 2300 in
1590 2275 1676 2300 cau-

53 2314 191 2368 starum
219 2310 513 2366 inqnz'sttionem‚
558 2311 606 2357 ὅγ’
626 2312 917 2366 prodnffionem
945 2312 1162 2364 effec‘lnmn.
1231 2313 1521 2367 Inquisttionem
1549 2317 1679 2370 causit-

65 2382 150 2409 rum
175 2370 218 2407 in
243 2367 455 2406 theoricam
480 2368 724 2422 conjecimus.
791 2371 884 2406 Eam
906 2371 946 2405 in
973 2367 1159 2418 physicam
1180 2372 1216 2407 δε
1241 2369 1532 2420 metaphysicam
1552 2373 1679 2423 partiti

64 2425 201 2463 sumus.
262 2426 366 2473 Ergo
389 2425 531 2462 necesse
552 2425 612 2472 est,
643 2435 684 2463 ut
706 2434 792 2463 vera
807 2423 1020 2461 differentia
1046 2424 1179 2462 harum
1196 2424 1361 2462 sumatur
1382 2438 1425 2463 ex
1446 2437 1578 2465 natura
1597 2441 1679 2467 cau-

63 2481 199 2527 sarum,
245 2492 334 2528 quas
362 2478 571 2528 inquirunt.
628 2482 757 2528 Itaque
785 2479 921 2527 absque
950 2481 1074 2527 aliqua
1103 2479 1329 2517 obscuritate
1358 2490 1421 2518 aut
1446 2480 1680 2531 circuitione,

63 2534 207 2588 physsca
222 2534 283 2582 est,
312 2546 407 2583 quae
426 2534 582 2585 inquirit
602 2535 650 2572 de
667 2532 856 2573 efficiente
872 2537 909 2572 δε
924 2536 1091 2582 materia,
1120 2532 1368 2585 metaphysica
1383 2548 1477 2584 quae
1491 2537 1538 2575 de
1554 2538 1680 2578 forma

66 2595 103 2630 ὅ(
121 2590 208 2627 fine.

119 2646 332 2682 PHYSICA
348 2645 463 2694 igitur
483 2645 677 2683 causarum
691 2655 782 2696 vaga
798 2647 834 2683 &
857 2646 1011 2691 incerta,
1041 2647 1078 2682 ὅ(
1094 2657 1166 2694 pro
1189 2645 1311 2681 modo
1328 2644 1492 2693 subjecti,
1521 2649 1680 2689 mobilia

66 2701 352 2752 compleffitur3
382 2700 575 2738 causarum
596 2700 842 2738 constantiam
859 2713 938 2737 non
956 2700 1165 2748 assequitur.

293 2771 436 2811 Limus
451 2780 496 2810 nt
510 2771 576 2811 hic
595 2771 777 2825 durescit,
809 2770 857 2815 <sy
870 2770 966 2810 haec
981 2779 1026 2810 ut
1040 2785 1127 2810 cera
1145 2770 1336 2824 liquescit,

289 2827 374 2866 Uno
395 2826 595 2881 eodemque
610 2829 697 2882 tgne

67 2911 168 2960 Ignis
182 2910 335 2947 duritiei
351 2909 468 2958 causa,
490 2910 552 2948 sed
568 2912 609 2947 in
625 2911 724 2948 limo
739 2924 748 2952 3
770 2909 865 2960 ignis
881 2909 1168 2958 colliquationis
1184 2909 1302 2958 causa,
1329 2910 1388 2948 sed
1406 2912 1444 2948 in
1460 2923 1555 2948 cera.
1599 2913 1680 2949 Par-

68 2966 208 3002 ticmur
232 2975 358 3002 autem
383 2963 569 3015 physicam
592 2964 631 3002 in
656 2966 845 3003 doetrinas
868 2976 954 3002 treS.
1013 2967 1159 3003 Natura
1182 2969 1285 3003 enim
1312 2977 1374 3003 aut
1397 2967 1555 3004 collecta
1578 2968 1618 3003 in
1643 2981 1679 3004 u-

70 3031 177 3066 num,
215 3030 277 3057 aut
301 3019 379 3060 fusa
403 3023 439 3059 &
465 3020 584 3074 sparsa
603 3019 663 3058 est.
721 3021 931 3069 Colligitur
952 3032 1042 3057 vero
1065 3019 1104 3059 in
1126 3033 1243 3059 unum
1270 3032 1415 3061 natura,
1445 3032 1506 3059 aut
1531 3032 1682 3070 propter

124 3076 235 3114 VOL.
264 3076 292 3112 I.
826 3077 865 3113 N
884 3086 905 3112 2
1511 3088 1674 3112 commu-

1745 182 1811 234 99
