2040 3439
166 223 263 272 216

504 217 597 263 DE
635 180 1078 261 AUGMENTts
1112 181 1650 256 samm-mimia.
1721 198 1960 257 Libsvm.

347 311 549 352 metiamur
570 313 607 350 ὃ(
636 322 833 350 tueamur:
866 307 972 360 quod
999 306 1113 344 etiam
1137 317 1218 342 non
1239 305 1337 342 male
1359 299 1531 356 expressit
1559 306 1607 342 T.
1624 305 1765 353 Livius,
1787 306 1888 352 (lieet
1903 300 1964 351 alii

349 371 404 406 rei
428 368 607 414 intentus)
634 378 682 404 co
705 364 885 418 personae
899 361 1107 399 cliarastere
1124 374 1132 396 :
1163 357 1232 398 Ne
1252 358 1414 410 (inquit)
1437 365 1509 397 aut
1523 371 1710 413 arrogans
1728 358 1879 408 videar,
1894 367 1965 400 ant

350 421 563 461 obnoxius:
605 431 762 473 quorum
790 416 958 456 alterum
990 412 1042 466 est
1069 412 1219 453 alienae
1242 412 1442 453 libertatis
1480 411 1605 462 obliti,
1648 413 1829 462 alterumv
1849 415 1958 469 sitae.

352 480 407 517 Ex
435 474 619 515 contraria
648 487 738 512 vero
765 483 881 523 parte,
916 470 942 509 si
967 469 1167 508 urbanitati
1206 471 1244 508 &
1272 471 1477 519 elegantiae
1513 481 1666 507 morum
1695 471 1965 510 externae‘im-

350 531 496 583 pensius
533 529 755 575 studeamus,
785 526 978 565 transeunt
1008 524 1093 562 illac
1121 526 1163 562 in
1193 523 1433 562 affectionem
1461 524 1653 573 quandam
1683 526 1901 564 deformem
1928 529 1967 567 δε

351 587 615 624 adulterinam.
673 580 793 636 Qud
808 582 908 620 enim
930 578 1153 634 deformius,
1177 591 1292 632 quam
1299 577 1459 631 scenam
1486 579 1529 616 in
1544 579 1675 618 vitam
1703 577 1924 634 transfirr'e
1942 578 1964 620 ἓ

351 639 582 693 Quinetiam,
612 637 696 676 licet
726 640 766 675 in
782 636 963 675 excessum
987 636 1097 672 illum
1111 633 1291 672 vitiosum
1305 634 1465 672 minime
1484 635 1754 686 prolabantur3
1783 635 1967 688 temporis

351 707 479 734 tamen
501 692 665 732 nimium
689 696 729 731 in
751 691 967 737 hujusmodi
1000 691 1168 727 leviculis
1187 688 1404 737 absumitur,
1434 689 1656 738 animusque
1669 691 1715 728 ad
1731 703 1860 730 curam
1875 682 1966 744 ipsa-

349 763 449 797 rum,
479 751 597 800 magis
623 761 737 798 quam
767 757 934 798 oportet,
962 743 1192 795 deprimitur.
1252 745 1418 793 Ideoque
1443 742 1532 782 sicut
1557 745 1598 782 in
1617 745 1828 793 academiis,
1842 740 1966 786 adole-

350 804 493 843 scentes
525 806 719 842 literarum
742 799 901 848 studiosi,
930 812 967 839 at
994 798 1178 838 sodalium
1204 796 1463 849 congressibus
1490 800 1571 849 plus
1599 798 1683 838 satis
1711 796 1958 851 indulgentes

350 859 502 898 moneri
522 859 643 897 solent
667 873 687 896 a
712 858 1026 911 praeceptoribus,
1055 854 1220 900 Amicos
1254 853 1326 906 effe
1342 852 1461 906 fures
1487 855 1697 907 temporis.-
1725 853 1772 893 sic
1791 867 1891 895 certe
1915 832 1966 894 ΜΞ

348 913 449 953 sidua
470 914 544 962 ista,
579 916 620 952 in
645 911 936 952 conversationis
968 913 1166 956 decorum,
1205 909 1322 948 animi
1361 908 1548 956 intentio,
1581 922 1762 960 magnum
1786 910 1968 962 graviori—

350 971 418 1009 bus
438 968 746 1008 meditationibus
761 969 904 1006 furtum
924 967 1024 1004 facit.
1083 965 1244 1014 Deinde,
1260 967 1326 1014 qui
1340 966 1478 1016 primas
1497 965 1592 1002 adeo
1611 967 1652 1002 in
1673 965 1881 1005 urbanitate
1899 967 1968 1005 ob·

347 1027 485 1071 tinent,
511 1027 547 1062 ὅ(
576 1025 620 1062 ad
651 1024 745 1061 hanc
770 1036 851 1060 rem
876 1034 993 1060 unam
1016 1019 1114 1070 quasi
1142 1020 1220 1058 nati
1244 1019 1431 1068 videntur,
1461 1019 1536 1057 hoc
1561 1019 1807 1068 fcrehabent,
1841 1031 1883 1060 ut
1901 1018 1967 1060 sibi

346 1079 427 1133 ipsis
443 1082 483 1117 in
499 1081 562 1117 illa
584 1079 659 1116 sola
675 1079 946 1130 complaceant,
968 1079 1004 1114 &
1021 1076 1066 1114 ad
1081 1078 1235 1113 virtutes
1255 1075 1452 1113 solidiores
1471 1076 1509 1112 ὅ(
1523 1073 1704 1122 celsiOres,
1726 1074 1783 1114 vix
1798 1088 1850 1123 un
1877 1087 1967 1115 uam

348 1134 532 1185 aspirent:
565 1135 767 1186 Quandoe
782 1143 928 1178 contra,
958 1134 1023 1181 qui
1039 1129 1103 1168 sibi
1132 1133 1171 1168 in
1187 1131 1255 1168 hac
1281 1140 1387 1183 parte
1406 1130 1571 1168 defectus
1586 1129 1671 1168 sunt
1686 1129 1838 1179 conscii,
1878 1143 1967 1170 ecus

348 1203 392 1228 ex
413 1191 513 1227 bona
527 1190 800 1227 existimatione
819 1197 1006 1236 quaerunt
1023 1201 1031 1223 z
1060 1187 1125 1223 ubi
1142 1188 1246 1224 enim
1262 1185 1359 1223 adest
1379 1186 1480 1224 bona
1494 1185 1727 1233 existimatio,
1747 1184 1878 1225 omnia
1890 1185 1968 1226 fere

347 1245 511 1285 decent;
539 1243 602 1282 ubi
620 1256 710 1281 vero
732 1243 795 1281 illa
813 1240 949 1289 deficit,
975 1253 1060 1279 tum
1084 1241 1242 1278 demum
1262 1252 1282 1278 a
1304 1239 1579 1278 commoditate
1601 1253 1756 1279 morum
1776 1237 1887 1293 atque
1901 1238 1967 1289 'ur'-

346 1300 510 1337 banitate
537 1296 740 1336 subsidium
765 1296 973 1349 petendum
998 1296 1057 1333 est.
1114 1297 1251 1342 Porro,
1280 1295 1327 1333 ad
1356 1308 1411 1333 res
1434 1296 1628 1346 gerendaS,
1654 1295 1713 1334 vix
1733 1293 1878 1347 gravius
1901 1307 1966 1339 aut

344 1354 576 1403 frequentius
592 1355 749 1403 reperias
769 1352 1104 1404 impedimentum,
1132 1363 1248 1402 quam
1275 1350 1426 1398 hujusce
1452 1349 1582 1389 decori
1613 1353 1757 1389 externi
1778 1341 1965 1391 curiosam

343 1408 458 1447 nimis
472 1407 788 1455 observationem,
805 1418 916 1456 atque
938 1407 1032 1445 illud
1049 1407 1222 1452 alterum,
1247 1406 1352 1455 quod
1372 1406 1462 1444 huic
1482 1403 1545 1458 ipsi
1571 1404 1747 1449 inservit3
1767 1405 1965 1455 nimirum,

341 1466 494 1502 anxiam
515 1464 699 1514 temporis
731 1472 841 1514 atque
867 1462 1201 1512 opportunitatum
1235 1460 1471 1499 elediionem.
1529 1461 1688 1511 Egregie
1715 1461 1819 1500 enim
1857 1462 1965 1501 Solo-

345 1531 468 1557 mon:
498 1517 587 1571 Qi
612 1516 769 1570 respicit
790 1513 848 1554 ad
865 1523 1019 1564 ventos,
1047 1527 1123 1554 non
1139 1514 1341 1568 seminam
1372 1516 1439 1569 qui
1467 1514 1624 1568 respicit
1654 1513 1712 1554 ad
1729 1514 1859 1564 nubes,
1888 1528 1964 1556 non

344 1574 473 1612 metit.
532 1574 704 1611 Creanda
724 1571 906 1624 siquidem
934 1571 1047 1610 nobis
1072 1571 1120 1609 est
1140 1571 1404 1621 opportunitas
1431 1570 1570 1622 saepius
1587 1582 1702 1620 quam
1719 1572 1964 1625 opperienda.

345 1630 407 1670 Ut
427 1629 544 1667 verbo
564 1629 743 1675 dicamus,
773 1627 913 1665 urbana
930 1626 990 1664 ista
1015 1638 1170 1664 morum
1190 1624 1430 1677 compositio,
1460 1623 1576 1664 veluti
1594 1625 1698 1664 vestis
1713 1626 1833 1665 animi
1845 1627 1907 1676 est,
1927 1629 1967 1666 &

344 1682 506 1734 proinde
534 1682 637 1722 vestis
657 1682 951 1721 commoditates
974 1681 1108 1718 referre
1128 1681 1251 1718 debet.
1309 1682 1483 1719 Primum
1512 1682 1619 1718 enim
1639 1680 1722 1719 talis
1741 1681 1812 1720 effe
1838 1682 1965 1731 debet,

344 1749 386 1777 ut
416 1738 457 1777 sit
477 1738 518 1776 in
543 1739 609 1777 usu
624 1736 825 1776 communi
842 1751 850 1774 :
880 1737 1016 1784 rursuS,
1033 1747 1075 1773 ut
1098 1748 1180 1774 non
1196 1734 1238 1774 sit
1253 1735 1367 1774 nimis
1382 1734 1537 1774 delicata
1556 1745 1620 1773 aut
1635 1735 1851 1789 sumptuosa
1868 1751 1878 1775 z
1901 1738 1965 1776 de·

338 1794 442 1840 inde,
471 1793 522 1831 ita
551 1793 797 1840 conficienda,
827 1802 869 1830 ut
900 1791 926 1829 fi
951 1804 1024 1844 qua
1046 1789 1088 1829 sit
1117 1793 1158 1828 in
1194 1793 1328 1828 animo
1349 1793 1478 1838 virtus,
1507 1802 1592 1828 cam
1613 1791 1784 1830 exhibeat
1798 1791 1963 1834 maxime

338 1847 611 1899 conspicuam3
642 1847 667 1885 si
701 1860 775 1897 qua
799 1847 1034 1892 deformitas,
1065 1847 1226 1884 eandem
1260 1845 1427 1896 suppleat
1463 1848 1500 1883 ὅ(
1535 1846 1727 1884 occultet:
1756 1844 1966 1897 Postremo,

340 1905 379 1941 ὅ(
405 1903 513 1953 super
534 1905 677 1950 omnia,
709 1914 758 1940 ne
786 1900 827 1940 sit
850 1901 964 1939 nimis
989 1900 1100 1948 areca,
1129 1912 1240 1953 atque
1263 1899 1313 1938 ita
1331 1900 1502 1938 animum
1517 1899 1697 1950 angustet,
1724 1912 1767 1941 ut
1796 1902 1966 1949 ejusdem

338 1968 469 1996 motus
493 1960 534 1995 in
563 1959 673 1996 rebus
694 1957 866 2007 gerendis
890 1957 1064 1994 cohibeat
1086 1959 1122 1993 &
1141 1956 1336 2008 impediat.
1393 1957 1541 1994 Verum
1566 1955 1657 1993 haec
1684 1969 1765 2007 pars
1791 1956 1965 2002 scientiae

340 2014 459 2051 civilis
486 2013 533 2050 de
562 2013 850 2051 conversatione
879 2013 1068 2062 eleganter
1096 2011 1269 2061 profesto
1295 2023 1317 2049 a
1345 2009 1544 2049 nonnullis
1572 2011 1723 2051 tractata
1750 2013 1813 2061 est,
1839 2003 1965 2065 neque

352 2069 436 2107 ullo
462 2068 585 2107 modo
611 2079 793 2117 tanquam
821 2065 1023 2105 desiderata
1043 2066 1176 2118 reponi
1209 2066 1332 2104 debet.

956 2233 999 2279 C
1035 2234 1081 2280 A
1117 2233 1167 2279 P.
1242 2232 1301 2279 II.

345 2350 530 2392 Partitio
553 2347 752 2392 doHrinae
779 2350 826 2390 de
845 2352 1012 2406 negotiis
1028 2371 1043 2397 ‚-
1075 2352 1118 2391 in
1137 2349 1354 2392 doft'rinam
1372 2348 1420 2389 de
1446 2347 1698 2403 occastonibus
1724 2347 1882 2405 sparsis,
1910 2346 1961 2395 &-

397 2407 615 2447 doc‘i‘rinam
633 2406 681 2446 de
703 2406 853 2446 ambitu
867 2410 993 2447 vitae.
1052 2405 1291 2459 Exemplum
1308 2405 1506 2445 dominae
1524 2404 1571 2444 de
1590 2402 1961 2460 occafionibusspar-

384 2459 456 2513 fis,
489 2475 539 2501 ex
558 2461 761 2516 parabolis
780 2462 977 2517 aliquibus
999 2460 1226 2502 Solomonis.
1280 2460 1506 2515 Praecepta
1524 2460 1572 2500 de
1599 2459 1749 2499 ambitu
1769 2461 1896 2500 vitae.

470 2599 713 2638 OCTRIN
721 2599 814 2636 AM
843 2598 891 2635 de
920 2596 1082 2648 negotiis
1097 2598 1305 2649 partiemur
1337 2598 1377 2634 in
1404 2597 1616 2635 doctrinam
1642 2598 1689 2635 de
1705 2595 1964 2638 occasionibus

498 2651 628 2704 sparsiS,
659 2657 696 2692 &
721 2652 931 2691 doffiirinam
951 2654 999 2690 de
1013 2652 1160 2690 ambitu
1184 2654 1307 2691 vitae:
1336 2653 1508 2704 Quarum
1527 2654 1640 2690 altera
1657 2653 1871 2691 universam
1898 2665 1963 2691 ne-

344 2707 543 2758 gotiorum
569 2711 788 2747 varietatem
811 2709 1090 2758 complectitur,
1119 2709 1157 2745 δε
1183 2706 1280 2746 vitae
1299 2706 1515 2745 communis
1530 2719 1712 2757 tanquam
1725 2705 1961 2747 amanuensis

340 2763 417 2804 est3
445 2764 570 2809 altera,
590 2775 632 2800 ea
650 2774 812 2811 tantum,
841 2776 935 2813 quae
959 2764 1006 2801 ad
1029 2764 1222 2815 propriam
1236 2761 1414 2814 cujusque
1436 2763 1631 2802 fortunam
1658 2762 1961 2814 amplificandam

342 2818 519 2868 speciant,
547 2821 722 2869 excerpit,
755 2821 792 2858 &
817 2818 1006 2869 suggerit5
1039 2830 1134 2868 quae
1153 2816 1316 2868 singulis,
1345 2829 1417 2868 pro
1438 2816 1583 2855 intimis
1597 2818 1820 2867 quibusdam
1835 2826 1963 2856 rerum

343 2873 491 2910 suarum
514 2873 660 2909 tabellis
679 2884 741 2911 aut
756 2874 939 2911 codicillis
968 2873 1038 2911 effe
1065 2869 1220 2925 possint.
1276 2874 1423 2912 Verum
1445 2884 1650 2922 antequam
1668 2873 1714 2910 ad
1735 2871 1871 2923 species
1899 2873 1962 2910 de·

342 2927 574 2973 scendamus,
589 2927 729 2976 aliquid
747 2928 844 2966 eirca
863 2927 1074 2966 doctrinam
1094 2929 1141 2966 de
1164 2927 1328 2978 negotiis
1344 2929 1385 2965 in
1403 2940 1543 2978 genere
1561 2926 1823 2979 praefabimur.
1881 2928 1962 2966 Do·

341 2981 500 3019 &trinam
515 2982 562 3018 de
577 2981 748 3031 negotiis,
776 2996 848 3034 pro
876 2987 930 3020 rei
957 2994 1174 3030 momento,
1200 2984 1373 3022 tractavit
1387 2983 1508 3021 adhuc
1533 2995 1678 3023 nem03
1706 2995 1797 3020 cum
1812 2993 1962 3033 magna,

345 3046 426 3076 tam
451 3036 644 3076 literarum
665 3048 779 3089 quam
808 3037 1054 3088 literatorum,
1085 3037 1364 3077 existimationis
1393 3039 1540 3085 jafiura.
1599 3037 1664 3075 Ab
1692 3037 1760 3075 hac
1784 3038 1962 3086 enimfra-

1880 3089 1962 3130 dice
