2040 3439
60 145 265 211 oap.1v.
302 144 401 190 DE
453 142 953 189 AUGMENTIS
1001 139 1608 189 SCIENTIARUM.
1711 158 1805 203 ιε,-

113 246 359 284 INSANIAE
387 251 513 279 autem
537 241 779 291 astrologicae
806 241 964 294 (practer
989 253 1042 288 ea,
1071 253 1165 290 quae
1196 254 1214 279 a
1236 243 1424 293 principio
1444 246 1671 289 notavimus,

56 297 290 343 commenta)
311 298 382 334 alia
401 295 581 344 quaedam
609 297 740 348 portio
755 296 914 345 superest
939 308 1017 333 non
1035 298 1370 348 praetermitte-mia
1387 310 1396 333 ι
1425 309 1520 346 quae
1540 308 1668 335 tamen

59 354 106 391 ab
120 353 317 401 astrologia
334 350 598 396 secludi-solet,
627 350 718 388 &in
733 352 910 400 magiam,
940 363 1053 400 quam
1073 360 1221 398 vocant,
1251 351 1447 390 coelestem
1463 352 1666 390 transferri.

57 410 110 447 Ea
126 408 229 446 nasta
244 405 293 444 est
309 407 448 443 mitum
465 415 734 442 commentum
756 406 898 454 ingenii
914 406 1082 452 humani,
1113 408 1309 455 nimirum,
1331 417 1370 444 ut
1387 407 1592 445 benevolus
1607 409 1668 445 ali-

57 465 142 514 quis
157 461 242 500 situs
258 460 437 499 astrorum
461 461 502 496 in
525 457 651 509 sigillis
677 470 740 498 aut
760 457 954 509 signaculis
980 461 1080 512 (puta
1101 462 1258 507 metalli,
1289 472 1351 498 aut
1369 473 1542 511 gemmae
1558 464 1668 499 alicu-

59 520 114 564 ius
139 517 184 555 ad
219 516 478 554 intentionem
506 515 692 564 propriae)
722 516 938 566 excipiatur,
967 528 1060 563 quae
1087 516 1199 553 horae
1224 516 1301 559 ejus
1330 516 1549 554 felicitatem
1580 519 1669 555 alias

59 573 412 626 praetervolaturam
438 569 644 615 detineant,
674 572 709 607 ὃ(
725 568 823 618 quasi
839 570 1030 608 volatilem
1052 570 1178 620 rigant.
1236 572 1574 622 Qiemadmodum
1589 585 1668 621 gra-

59 631 153 667 viter
173 627 237 666 ille
252 625 511 674 conqueritur,
540 624 586 661 de
602 635 680 661 tarn
698 625 821 662 nobili
838 625 934 674 apud
950 626 1127 674 antiquos
1143 635 1232 666 arte,
1261 625 1481 676 jampridem
1498 628 1641 665 amissa:

328 696 515 739 Annultts
539 697 666 752 infusb
687 711 762 738 non
782 700 898 738 vivit
922 701 1044 738 mirus
1067 697 1221 753 ogympo,

332 753 428 794 Non
449 755 575 807 magis
589 755 768 807 ingentes
791 753 933 793 humili
944 753 1022 806 sttb
1041 754 1181 794 lumine
1194 753 1363 808 phoebos

329 807 428 849 Fert
443 820 613 862 gemma,
642 816 714 848 aut
733 808 829 862 celso
852 809 1035 863 divulsas
1062 809 1220 849 cardine
1246 809 1370 848 lunas.

62 890 177 929 Certe
194 892 368 940 reliquias
385 889 609 936 sanitorum,
641 901 846 937 carumque
861 889 1026 936 virtutes,
1057 892 1196 942 recepit
1212 889 1358 927 ecclesia
1374 893 1561 936 Romana,
1595 893 1669 938 (nc-

59 958 133 995 que
153 948 256 984 enim
286 948 326 982 in
355 944 489 982 divinis
511 947 546 981 ὅ(
577 946 837 982 immateriatis
856 946 974 983 fluxus
1001 947 1185 996 temporis
1210 945 1325 993 obest)
1352 959 1485 983 verum
1512 959 1553 984 ur
1577 960 1666 986 con-

57 1002 194 1040 dantur
214 1001 393 1049 reliquiae
419 1001 530 1046 cocli,
561 1012 641 1048 quo
663 999 767 1046 hora,
797 1012 892 1048 quae
909 996 1053 1037 rccessit
1070 1003 1106 1038 ὅ(
1121 1011 1301 1048 tanquam
1317 1011 1469 1038 mortua
1485 1000 1546 1049 est,
1577 1005 1667 1041 revi-

50 1056 171 1095 viscat
191 1058 227 1094 &
243 1057 499 1101 continuetur,
530 1066 632 1092 mera
648 1053 697 1091 est
720 1054 938 1106 superstitio.
998 1055 1107 1092 Missa
1126 1056 1242 1105 igitur
1265 1055 1355 1093 haec
1380 1055 1570 1104 faciamus,
1599 1057 1669 1096 nisi

59 1111 159 1150 forte
179 1111 305 1148 musae
326 1111 493 1147 aniculae
510 1110 582 1155 jam
599 1110 712 1147 factae
732 1107 813 1148 sint.

114 1168 371 1205 PHYSICAM
394 1165 607 1202 abstraCtam
634 1163 674 1202 in
701 1165 790 1202 duas
814 1174 934 1217 partes
959 1161 1156 1203 restisiime
1185 1165 1300 1204 dividi
1326 1166 1425 1216 posse
1452 1166 1669 1205 statuimus:

60 1220 271 1259 doetrinam
292 1221 338 1257 de
355 1219 621 1257 schematismis
638 1222 825 1267 materiae,
857 1222 893 1257 ὅ(
909 1221 1122 1258 ἀοᾶῑίητιπι
1138 1221 1185 1258 de
1200 1221 1421 1273 appetitibus
1437 1224 1473 1259 ὅ(
1488 1224 1669 1261 motibus.

48 1276 258 1328 ,Utrosque
279 1274 412 1314 cursim
442 1275 759 1322 enumerabimus,
789 1277 890 1313 unde
905 1288 1010 1313 verae
1025 1274 1191 1326 physicae
1207 1277 1254 1313 de
1274 1275 1453 1314 abstractis
1473 1278 1669 1316 adumbra-

57 1332 117 1369 tio
139 1332 320 1387 quaedam
354 1330 489 1368 deduci
522 1327 649 1380 poffitf
705 1330 965 1368 Schematismi
994 1333 1175 1369 materiae
1203 1331 1300 1378 sunt,
1330 1331 1500 1378 denium,
1531 1344 1669 1380 rarum,

57 1399 181 1437 grave,
211 1388 303 1434 leve,
333 1386 509 1432 calidum,
537 1385 734 1435 frigidum,
763 1385 951 1435 tangibile,
973 1388 1269 1447 pneumaticum,
1285 1388 1450 1434 volatile,
1466 1387 1593 1435 fixum,
1609 1389 1669 1426 de-

58 1444 318 1487 terminatum,
347 1440 520 1487 fluidum,
548 1440 764 1487 humidum,
794 1439 943 1481 siccum,
972 1439 1121 1502 pingue,
1150 1441 1324 1488 crudum,
1355 1441 1505 1489 durum,
1535 1444 1668 1490 molle,

55 1496 203 1547 fragile,
231 1473 374 1542 tensile,
402 1495 597 1545 porosum,
628 1497 791 1540 unitum,
821 1495 1076 1547 spirituosum,
1106 1497 1288 1541 jejunum,
1319 1494 1483 1548 simplex,
1513 1508 1670 1546 compo-

48 1528 182 1599 situm,
219 1551 444 1597 absolutum,
481 1550 699 1600 imperfecte
717 1550 882 1597 mistum,
918 1550 1096 1588 fibrosum
1121 1561 1233 1599 atque
1264 1550 1459 1596 venoium‚
1499 1549 1672 1603 simplicis

57 1603 243 1660 positurae
267 1604 338 1644 sive
354 1615 542 1668 aequum.
572 1603 743 1653 similare,
758 1582 998 1644 dissiniilare:
1028 1605 1291 1658 specificatum,
1309 1618 1389 1643 non
1401 1605 1669 1655 specificatum:

60 1663 297 1712 organicum,
326 1661 617 1710 inotganicum:
645 1659 867 1708 animatum,
891 1661 1169 1698 inanimatum.
1200 1673 1322 1709 neque
1339 1662 1435 1699 ultra
1451 1674 1529 1698 rem
1546 1673 1670 1700 exten-

60 1716 197 1755 dimus.
253 1715 433 1755 Sensibile
448 1716 553 1752 enim
573 1717 610 1753 ὃς
635 1714 857 1762 insensibile,
886 1717 1069 1755 rationale
1084 1719 1119 1753 ὃ(
1137 1717 1365 1762 irrationale,
1395 1717 1437 1754 ad
1460 1717 1672 1755 docltinam

59 1768 109 1809 <se
132 1772 290 1810 homine
306 1772 507 1816 rejicimus.
561 1770 815 1823 Appetituum
837 1782 929 1809 vcro
944 1774 981 1809 &
995 1781 1173 1809 motuum
1188 1771 1267 1808 duo
1281 1784 1418 1821 genera
1435 1771 1517 1809 sunt
1536 1787 1542 1808 :
1575 1774 1672 1811 Sunt

61 1828 167 1865 enim
182 1828 241 1864 vel
257 1837 384 1864 motus
399 1823 588 1875 simplices,
618 1828 657 1863 in
674 1827 809 1875 quibus
824 1827 924 1864 radix
940 1828 1117 1864 omnium
1133 1827 1360 1864 naturalium
1377 1828 1569 1864 astionum
1582 1838 1672 1864 eon-

65 1883 223 1929 tinetur‚
250 1894 322 1933 pro
344 1883 491 1918 ratione
511 1891 638 1918 tamen
656 1880 1007 1919 schematismorum
1022 1883 1211 1928 materiae,
1240 1883 1298 1918 vel
1323 1892 1449 1919 motus
1473 1881 1672 1932 compositi

61 1934 134 1976 five
158 1936 354 1988 produffi3
385 1948 405 1974 a
427 1936 563 1985 quibus
586 1937 730 1974 ultimis
754 1947 899 1986 recepta
919 1935 1156 1987 philosophia
1180 1937 1286 1985 (quae
1306 1949 1437 1988 parum
1453 1936 1499 1974 de
1515 1949 1674 1989 corpore

50 2001 217 2030 >natutae
238 1991 397 2042 stringit)
427 1990 647 2043 auspicatur.
703 1991 856 2029 Debent
871 2002 997 2030 autem
1017 1992 1145 2029 haberi
1172 1991 1391 2035 huiusmodi
1416 2002 1544 2029 motus
1570 2004 1674 2030 com-

63 2045 174 2098 positi
208 2047 350 2096 (quales
380 2046 464 2084 sunt
493 2047 703 2095 generatio,
732 2048 928 2096 corruptio
957 2049 993 2085 &
1018 2047 1165 2096 reliqui)
1202 2059 1271 2098 pro
1296 2044 1412 2095 pensis
1437 2047 1673 2095 quibusdam,

64 2112 128 2140 aut
143 2101 298 2140 summis
313 2112 489 2139 motuum
508 2099 745 2150 simplicium,
756 2104 882 2153 potius
897 2115 1010 2150 quam
1025 2114 1097 2154 pro
1113 2103 1281 2139 motibus
1296 2103 1507 2150 primitivis,
1540 2103 1674 2140 Motus

62 2154 245 2209 simplices
261 2156 357 2203 sunt,
387 2167 513 2193 motus
528 2158 745 2208 antitypiae,
774 2169 888 2205 quem
904 2159 1020 2207 vulgo
1036 2168 1200 2201 motum,
1231 2169 1277 2193 ne
1301 2156 1364 2193 fiat
1389 2159 1598 2205 penetratio
1622 2157 1673 2194 di-

64 2210 318 2255 mensionum,
348 2221 505 2248 vocant:
534 2222 662 2248 motus
677 2224 806 2257 nexus,
836 2224 951 2260 quem
975 2222 1125 2249 motum
1154 2225 1195 2248 cx
1221 2212 1308 2260 fuga
1337 2213 1441 2248 vacui
1459 2213 1672 2263 appellant:

66 2278 195 2305 motus
210 2265 400 2313 libertatis,
417 2278 463 2303 ne
479 2266 588 2303 detur
602 2263 830 2317 compressio
844 2277 906 2303 aut
922 2265 1088 2303 extensio
1110 2267 1461 2315 practer-naturalis:
1492 2276 1619 2302 motus
1635 2268 1674 2305 'm

65 2322 258 2372 sphaeram
286 2333 438 2367 novam,
468 2319 539 2357 sive
560 2322 603 2357 ad
635 2320 917 2358 rarefiic'iionem
948 2323 983 2359 ὅ(
1006 2321 1371 2358 condenfiitioncm:
1403 2330 1529 2356 motus
1561 2333 1675 2359 nexus

67 2375 230 2424 secundi,
261 2375 331 2415 sive
355 2389 403 2413 ne
426 2376 535 2413 detur
551 2376 690 2412 solutio
711 2377 995 2413 continuitatis:
1026 2386 1154 2413 motus
1177 2377 1483 2424 congregationis
1509 2377 1676 2422 majoris,

66 2430 139 2471 five
162 2433 209 2470 ad
240 2432 366 2468 massas
395 2431 699 2468 connaturalium
730 2430 894 2475 suorum,
926 2432 989 2479 qui
1019 2432 1105 2480 vulg
1084 2443 1133 2477 „ro
1160 2431 1296 2467 dicitur
1322 2441 1449 2466 motus
1475 2432 1675 2467 naturalis:

67 2497 194 2525 motus
211 2487 518 2536 congregationis
538 2484 710 2531 minoris,
740 2487 804 2536 qui
830 2487 945 2535 vulgo
969 2485 1106 2523 d1citur
1132 2484 1358 2536 sympathiae
1374 2487 1409 2521 δε
1426 2485 1673 2533 antipathia-c:

68 2552 196 2581 motus
210 2541 424 2593 disponens,
445 2539 514 2578 sive
527 2550 694 2592 utpartes
707 2541 800 2576 bene
812 2541 1071 2578 collocentur
1065 2553 1103 2576 1n
1120 2550 1225 2578 toto:
1256 2550 1382 2576 motus
1398 2535 1676 2578 aslimilationis

68 2594 139 2635 sive
156 2597 483 2657 multiplicationis
507 2606 659 2632 naturae
677 2595 757 2632 suae
775 2594 880 2644 super
895 2596 1022 2633 aliud:
1052 2606 1178 2632 motus
1209 2595 1454 2639 excitationis,
1485 2594 1547 2630 ubi
1564 2607 1676 2644 agens

71 2652 238 2690 nobilius
255 2650 459 2689 motumin
479 2652 554 2687 alio
572 2652 750 2687 latentem
776 2652 812 2687 ὅ(
834 2650 996 2701 sopitum
1027 2651 1186 2687 excitat:
1216 2660 1344 2686 motus
1371 2647 1478 2698 sigilli
1508 2647 1578 2686 sive
1608 2652 1675 2686 im-

71 2703 279 2757 prcffionis,
310 2705 480 2758 operatio
495 2705 633 2742 scilicet
649 2705 785 2751 absque
800 2703 1148 2742 communicatione
1171 2702 1385 2741 substantiae
1404 2717 1411 2739 τ
1442 2715 1568 2741 morus
1585 2707 1677 2754 regi-

72 2773 126 2808 us,
155 2760 225 2800 sive
241 2761 424 2798 cohibitio
440 2763 670 2808 reliquorum
687 2771 864 2797 motuum
881 2772 900 2796 a
917 2770 1024 2796 motu
1042 2760 1371 2808 praedominante:
1402 2770 1529 2795 motus
1542 2759 1678 2808 absque

72 2817 251 2862 termino,
280 2814 350 2853 sive
372 2818 512 2853 rotatio
534 2815 738 2866 spontanea
761 2829 767 2850 :
799 2825 926 2851 motus
955 2813 1237 2863 trepidationis÷
1268 2811 1337 2851 sive
1368 2813 1515 2862 systolcs
1544 2816 1581 2850 δε
1604 2816 1678 2850 dia-

74 2869 195 2917 stolcs,
232 2883 437 2920 corporum
474 2870 623 2914 seilicet,
662 2881 755 2918 quae
782 2871 955 2906 locantur
988 2871 1085 2905 inter
1113 2869 1316 2905 commoda
1341 2871 1375 2905 &
1408 2869 1679 2905 incommoda:

75 2925 264 2976 postremo
279 2925 483 2971 decubituS,
513 2923 582 2962 {ive
612 2924 853 2961 exhorrentia
876 2934 1014 2969 motuS,
1042 2937 1134 2971 quae
1153 2925 1265 2960 ctiam
1283 2924 1529 2974 plurimarum
1554 2936 1678 2960 rerum

77 2979 126 3018 est
157 2980 350 3018 causativa.
408 2979 635 3026 Huiusmodi
667 2979 751 3017 sunt
786 2989 912 3016 motus
941 2976 1134 3027 simplices²
1172 2980 1235 3026 qni
1262 2990 1304 3014 ex
1337 2979 1586 3027 penetralibus
1619 2991 1678 3014 na*

131 3035 240 3076 VOL.
273 3036 302 3073 Ι.
849 3036 886 3069 O
1579 3043 1680 3068 tutae
