2040 3439
72 190 172 241 300

581 164 912 221 novum
982 140 1473 213 ORGANUM·.
1722 161 1872 223 Lim.

254 277 440 310 mutatam
462 266 501 304 ὃτ-
523 264 708 303 subastam
736 263 899 313 reponit.
955 262 1083 312 Itaque
1105 272 1149 298 ex
1177 259 1310 296 harum
1332 258 1552 299 facultatum
1583 259 1873 313 (experimenta—

256 327 302 364 lis
321 324 461 362 scilieet
480 322 518 357 &
537 317 912 368 rationalis)·arffiore
935 317 970 354 δε
986 314 1167 353 [αιιᾶῑοῑε
1181 313 1336 352 foedere
1353 316 1471 366 (quod
1490 315 1611 354 adhuc
1631 316 1771 354 facium
1789 308 1882 367 nor-1¹>

258 380 320 428 est)
342 379 437 415 bene
458 371 680 425 sperandum
701 370 760 410 est.
805 386 807 388 -

310 432 451 472 XCVI.
482 431 793 467 NATURALxs
813 424 1050 478 philosophia
1077 425 1199 464 adhue
1218 424 1354 463 fincera
1380 438 1462 464 non
1490 427 1692 473 invenitur,
1724 425 1785 463 sed
1817 425 1889 476 iri-ff

257 489 353 528 feda
371 488 410 524 &
422 488 596 534 corrupta
615 496 623 520 :
651 483 693 519 in
712 481 930 529 Aristotelis·
951 481 1077 519 schola
1104 493 1168 531 per
1190 481 1356 531 logicam
1373 499 1388 524 ,-
1418 483 1459 518 in
1479 482 1646 519 Platonis
1664 481 1791 518 schola
1807 491 1889 531 perd

258 542 492 591 theologiam
518 538 726 576 naturalem
742 554 756 580 ‚-
788 537 828 574 in
848 535 1008 574 secunda
1033 534 1159 573 schola
1177 536 1358 582 Platonis,
1388 538 1514 574 Procli
1537 539 1573 574 ὃς
1604 538 1779 582 aliorum,
1807 547 1873 587 per

258 595 589 636 mathematicam3
617 604 712 642 quae
735 591 1017 642 philosophiam
1044 591 1254 628 naturalem
1268 590 1484 638 terminare,
1512 604 1593 629 non
1613 602 1792 641 generare
1810 598 1875 629 aut

259 661 455 705 procreare
483 648 607 686 debet.
663 647 721 685 At
750 659 794 684 cx
819 645 1054 697 philosophia
1089 645 1248 683 naturali
1275 658 1368 697 pura
1388 648 1425 684 ὃς
1457 646 1685 697 impermista
1709 647 1873 684 meliora

262 705 439 758 speranda
460 703 555 742 sunt.
1802 750 1810 752 .

314 760 474 800 XCVII.
504 761 654 797 NEMO
684 757 805 795 adhuc
823 766 927 794 tanta
948 753 1083 793 mentis
1111 753 1316 794 constantia
1335 754 1373 792 δε
1398 757 1520 805 rigore
1550 755 1721 794 inventus
1742 753 1803 803 cst,
1831 764 1875 793 ut

260 816 466 854 decreverit
491 816 528 852 ὅ(
546 811 610 850 fibi
629 811 849 863 imposuerit
876 811 1040 849 theorias
1074 813 1110 848 ὃς
1139 812 1319 848 notiones
1348 823 1573 849 communes
1612 811 1758 862 penitus
1787 810 1875 848 abo-

261 872 350 918 lere,
382 872 420 909 &
439 869 674 907 intellectum
707 867 876 905 abrasum
905 869 942 904 &
977 878 1139 915 aequum
1171 866 1217 903 ad
1247 864 1479 915 particularia
1503 867 1549 904 de
1577 865 1729 916 integro
1762 866 1877 917 appli-

264 938 362 964 care.
418 927 548 974 Itaque
576 922 672 961 ratio
693 923 758 960 illa
790 923 965 969 humana,
994 933 1107 970 quam
1143 922 1336 968 habemus,
1366 934 1408 958 ex
1428 923 1550 959 multa
1575 922 1648 959 fide
1681 923 1718 958 ὅ(
1750 921 1878 969 multo

261 983 375 1019 etiam
412 981 508 1026 casu,
538 990 609 1016 nec
633 989 716 1015 non
739 989 782 1016 ex
797 976 1012 1027 puerilibus,
1041 988 1129 1026 quas
1151 978 1281 1028 primo
1299 974 1495 1024 hausimus,
1523 976 1749 1015 notionibus
1767 975 1876 1025 farta-

261 1048 314 1087 go
335 1035 518 1085 quaedam
539 1034 587 1071 est
608 1035 644 1070 &
660 1034 867 1082 congeries,

314 1092 455 1141 QUOD
478 1087 503 1126 fi
527 1089 610 1137 quis
637 1098 757 1125 aetate
779 1097 937 1134 matura,
966 1088 1004 1124 ὅ(
1025 1084 1184 1124 sensibus
1213 1086 1367 1136 integris
1387 1088 1424 1124 ὅ(
1452 1097 1581 1125 mente
1601 1095 1819 1137 repurgata,
1837 1084 1874 1132 se
1906 1075 1910 1120 ᾗ

261 1146 306 1184 ad
333 1144 602 1195 experientiam
622 1145 659 1180 ὅ(
683 1142 729 1180 ad
749 1141 982 1192 particularia
1007 1141 1055 1179 de
1079 1143 1229 1192 integro
1242 1143 1414 1191 applicet,
1442 1142 1489 1180 de
1509 1155 1558 1180 eo
1576 1140 1710 1180 melius
1735 1141 1881 1194 speran-

261 1202 358 1238 dum
382 1199 442 1237 est.
501 1197 630 1249 Atque
648 1197 717 1235 hac
739 1195 778 1234 in
801 1207 903 1250 parte
919 1197 1030 1234 nobis
1046 1196 1272 1248 spondemus
1293 1196 1486 1235 fortunam
1503 1197 1708 1235 Alexandri
1721 1197 1876 1246 Magni:

261 1267 386 1305 neque
405 1252 487 1303 quis
513 1265 584 1290 nos
612 1254 785 1290 vanitatis
812 1262 954 1302 arguat,
984 1262 1187 1301 antequam
1216 1253 1358 1290 exitum
1386 1253 1440 1289 rei
1456 1251 1589 1300 audiat,
1614 1264 1709 1302 quae
1735 1252 1782 1290 ad
1795 1264 1879 1289 exu⁴

263 1311 402 1349 endam
422 1320 583 1346 omnem
611 1309 817 1346 vanitatem
838 1307 986 1360 spedtat.

319 1367 526 1403 ETENIM
545 1362 592 1400 de
611 1362 834 1400 Alexandro
861 1365 898 1400 ὅ(
916 1363 994 1408 ejus
1020 1362 1130 1400 rebus
1149 1360 1255 1413 gestis
1275 1361 1492 1401 AEschines
1518 1363 1570 1400 ita
1598 1363 1779 1412 loquutus
1802 1360 1879 1400 est:
1907 1352 1912 1355 Δ
1936 1395 1940 1399 .

266 1418 359 1459 Nos
381 1425 485 1457 certe
507 1417 639 1456 vitam
666 1416 868 1456 mortalem
892 1428 966 1456 non
994 1417 1174 1455 vivimus
1189 1436 1203 1462 ,ς
1223 1414 1301 1469 fid
1324 1417 1366 1454 in
1385 1415 1456 1454 hoc
1477 1418 1565 1455 nati
1574 1415 1726 1469 fiemus,
1755 1423 1800 1455 nt
1809 1425 1881 1469 pos

255 1473 423 1527 steritas
450 1471 498 1511 de
520 1470 628 1511 nobis
650 1479 840 1526 portenta
867 1478 1001 1510 narret
1025 1468 1073 1514 ὠ
1089 1469 1323 1525 praedicet:
1351 1471 1503 1524 perinde
1539 1484 1581 1510 ac
1613 1470 1640 1510 fi
1671 1472 1880 1511 Alexandri
1920 1460 1922 1464 ⁸

267 1543 322 1568 res
347 1528 458 1580 gestas
479 1540 552 1580 pro
570 1529 756 1566 miraculo
789 1527 977 1566 habuisset.

318 1585 394 1623 Ar
419 1583 515 1622 aevis
553 1582 793 1632 sequentibus
828 1583 937 1621 Titus
960 1584 1088 1621 Livius
1122 1581 1255 1620 melius
1284 1594 1366 1620 rem
1397 1579 1554 1620 advertit
1584 1583 1621 1620 ὅ(
1646 1581 1880 1633 introspexit,

267 1651 380 1690 atque
400 1640 448 1677 de
467 1638 687 1676 Alexandro
706 1637 920 1684 hujusmodi
940 1637 1131 1688 quippiam
1151 1639 1243 1675 dixit
1261 1653 1268 1674 z
1300 1635 1405 1675 Eum
1429 1649 1503 1675 non
1528 1635 1641 1675 aliud
1651 1649 1766 1690 quam
1790 1635 1882 1675 bene

264 1693 398 1748 aufiaem
433 1705 541 1732 vana
574 1700 823 1731 contemnere.
879 1694 1010 1742 Atque
1037 1691 1155 1730 limile
1180 1695 1294 1730 etiarn
1323 1693 1370 1729 de
1395 1693 1504 1730 nobis
1537 1691 1720 1739 judicium
1747 1693 1883 1731 futuris

267 1748 505 1799 temporibus
528 1749 666 1786 fastum
690 1750 735 1785 iri
757 1748 1003 1786 existimamus
1025 1763 1032 1784 :
1064 1746 1153 1786 Nos
1180 1747 1242 1786 nil
1252 1747 1382 1799 magni
1397 1744 1548 1799 feciffe,
1565 1745 1645 1799 βτί
1663 1753 1820 1786 tantum
1834 1758 1883 1793 ea

262 1817 361 1858 quae
381 1813 455 1857 pro
481 1804 635 1855 magnis
667 1801 870 1850 habentur,
899 1800 1219 1854 minorisfeciffi’.
1280 1803 1352 1840 Sed
1373 1804 1530 1839 interim
1559 1802 1681 1851 (quod
1701 1804 1777 1850 jam
1793 1801 1884 1840 dixi-

266 1861 363 1908 mus)
397 1870 478 1896 non
499 1859 548 1896 cst
562 1858 641 1908 spes
669 1856 738 1895 nisi
758 1860 798 1895 in
815 1857 1099 1908 regeneratione
1117 1857 1358 1895 scientiarum
1380 1870 1390 1898 3
1421 1868 1461 1895 ut
1478 1869 1540 1894 eae
1560 1856 1697 1896 scilicet
1718 1858 1763 1895 ab
1779 1869 1884 1910 expe-

269 1915 406 1952 rientia
433 1924 540 1951 certo
564 1914 699 1950 ordine
724 1912 931 1951 excitentur
952 1912 1124 1951 &rursus
1151 1914 1389 1951 condantur:
1418 1914 1519 1964 quod
1542 1913 1661 1950 adhuc
1675 1913 1814 1951 fastum
1834 1910 1886 1950 es-

267 1969 303 2007 se
331 1981 397 2007 aut
425 1968 645 2018 cogitatum,
674 1981 794 2006 nemo
823 1969 878 2015 (ut
906 1969 1144 2017 arbitramur)
1166 1965 1414 2006 affirmaverit.

319 2025 496 2064 XCVIII.
527 2023 710 2075 ATQUE
746 2023 992 2074 experientiae
1027 2023 1285 2070 fundamenta,
1316 2022 1488 2073 (quando
1521 2022 1566 2060 ad
1595 2023 1692 2061 hanc
1718 2025 1886 2061 omnino

264 2080 545 2118 deveniendum
572 2077 638 2128 est)
671 2089 734 2117 aut
768 2080 884 2126 nulla,
913 2089 976 2117 aut
1004 2079 1213 2116 admodum
1255 2078 1405 2115 infirma
1442 2077 1562 2116 adhuc
1600 2074 1784 2129 fuerunt-5
1814 2089 1884 2116 nec

264 2135 550 2187 particularium
583 2134 682 2182 sylva
711 2135 748 2171 &
776 2135 962 2181 materies,
992 2135 1051 2171 vel
1080 2146 1254 2182 numero,
1282 2135 1339 2171 vel
1370 2145 1519 2183 genere,
1561 2134 1620 2171 vel
1649 2132 1885 2182 certitudine,

267 2190 519 2228 informando
537 2188 742 2228 intellectui
771 2199 1004 2239 competenS,
1032 2198 1095 2226 aut
1116 2190 1197 2226 ullo
1217 2189 1339 2226 modo
1358 2185 1554 2236 sufficiens,
1584 2188 1705 2227 adhuc
1726 2186 1887 2238 quaesita

269 2244 320 2282 est
335 2247 372 2282 ὅ(
392 2244 575 2295 congesta.
633 2245 706 2282 Sed
731 2254 865 2282 contra
892 2244 1069 2281 homines
1088 2243 1189 2281 dosii
1211 2243 1350 2295 (supini
1375 2243 1460 2281 sane
1488 2245 1523 2280 ὅ(
1544 2244 1683 2292 faciles)
1712 2255 1887 2282 rumores

273 2299 458 2351 quosdam
479 2300 739 2350 experientiae,
769 2302 805 2337 ὃς
833 2297 932 2351 quasi
960 2299 1075 2336 famas
1097 2302 1134 2337 ὅ(
1162 2311 1267 2337 auras
1292 2301 1383 2347 ejus,
1412 2299 1457 2336 ad
1485 2298 1759 2350 philosophiam
1782 2299 1884 2338 suam

274 2357 335 2393 vel
368 2355 670 2392 constituendam
702 2355 760 2392 vel
793 2353 1094 2392 confirmandam
1131 2366 1365 2407 exceperunt,
1395 2365 1506 2402 atque
1538 2355 1612 2392 illis
1636 2353 1887 2393 nihilominus

277 2411 424 2459 pondus
446 2409 605 2460 legitimi
633 2408 839 2448 testimonii
869 2410 1135 2448 attribuerunt.
1190 2410 1252 2447 Ac
1279 2411 1395 2447 veluti
1416 2407 1440 2446 fi
1464 2421 1624 2459 regnum
1647 2409 1801 2458 aliquod
1823 2418 1888 2447 aut

277 2465 385 2502 status
400 2477 481 2502 non
499 2477 542 2502 ex
557 2463 672 2502 literis
688 2467 724 2502 ὅ(
739 2464 982 2503 relationibus
1006 2477 1025 2502 a
1054 2464 1182 2515 legatis
1206 2468 1242 2502 ὃς
1271 2466 1414 2502 nuntiis
1438 2463 1511 2501 fide
1525 2464 1647 2514 dignis
1662 2461 1789 2513 missis,
1825 2464 1887 2503 sed
1944 2497 1945 2500 ,

279 2531 323 2556 ex
346 2519 577 2558 urbanorum
605 2519 846 2558 sermunculis
867 2522 962 2557 &ex
989 2518 1107 2557 triviis
1127 2518 1279 2557 consilia
1306 2519 1368 2557 sua
1395 2521 1431 2556 ὅ(
1456 2521 1611 2569 negotia
1642 2521 1887 2568 gubernarem

279 2572 445 2611 omnino
467 2576 550 2611 talis
572 2575 610 2612 in
626 2575 901 2627 philosophiam
916 2573 1194 2623 administratio,
1222 2585 1404 2624 quatenus
1422 2574 1467 2611 ad
1482 2576 1748 2625 experientiam
1770 2577 1888 2613 intro-

279 2629 389 2666 ducta
420 2628 480 2665 est.
536 2631 605 2668 Nil
625 2631 761 2667 debitis
788 2630 913 2668 modis
938 2628 1173 2678 exquifitum,
1194 2628 1248 2667 nil
1268 2629 1511 2677 verificatum,
1541 2631 1594 2667 nil
1629 2642 1886 2678 numeratum,

281 2684 338 2721 nil
353 2683 567 2735 appensum,
597 2686 651 2721 nil
675 2684 886 2723 dimensum
908 2683 946 2722 in
965 2684 1123 2722 naturali
1144 2684 1290 2722 historia
1305 2686 1494 2734 reperitur.
1551 2686 1607 2722 At
1623 2685 1725 2733 quod
1751 2684 1789 2723 in
1821 2686 1887 2725 ob·

283 2738 492 2776 servatione
519 2738 756 2778 indefinitum
787 2743 986 2790 &vagum‚
1015 2740 1053 2777 id
1081 2739 1121 2777 in
1143 2740 1418 2777 informatione
1447 2739 1553 2777 fallax
1577 2739 1793 2778 &infidum
1827 2739 1887 2778 est.
1934 2735 1937 2743 ”

282 2792 399 2845 Qiod
425 2791 450 2829 fi
471 2791 530 2829 cui
558 2794 647 2831 haec
674 2796 771 2833 mira
792 2795 893 2832 diem
920 2796 1129 2842 videantur,
1158 2797 1194 2833 ὅ(
1214 2796 1384 2843 querelae
1408 2793 1531 2832 minus
1553 2795 1660 2841 justae
1686 2797 1887 2844 propiora;

283 2859 372 2885 cum
390 2846 610 2884 Aristoteles
635 2859 758 2887 tantus
786 2850 859 2900 ipse
884 2851 952 2897 vir,
981 2853 1018 2887 ὅ(
1038 2853 1133 2888 tanti
1162 2850 1254 2900 regis
1270 2851 1404 2899 opibus
1431 2849 1613 2896 subnixus,
1642 2859 1720 2886 tam
1746 2862 1888 2886 accura-

282 2912 361 2940 tam
382 2902 428 2939 de
448 2900 666 2939 animalibus
686 2904 875 2942 historiam
895 2905 1125 2947 confecerit3
1154 2916 1265 2954 atque
1285 2904 1343 2942 alii
1368 2904 1545 2942 nonnulli
1569 2905 1711 2947 majore
1734 2903 1889 2954 diligen·

283 2956 333 2994 tia
360 2957 474 3009 (lieet
507 2955 656 3007 strepitu
682 2960 846 3007 minore)
878 2962 997 2997 multa
1025 2961 1253 3005 adjecerint3
1286 2962 1323 2998 &
1359 2959 1479 2997 rursus
1508 2959 1568 2996 alii
1592 2960 1638 2996 dc
1662 2960 1809 3009 plantis,
1840 2961 1893 2997 de

286 3013 448 3051 metallis
470 3013 508 3051 ἀ
523 3007 720 3060 fossilibus,
749 3013 915 3053 historias
935 3017 973 3053 ὅ(
995 3014 1227 3055 narrationes
1250 3013 1418 3064 copiosas
1438 3013 1744 3065 conscripsti-inm
1762 3015 1788 3052 is
1804 3014 1888 3051 sane

1805 3082 1885 3106 non
