2040 3439
153 369 1695 473 PRAEFATIO

162 598 165 600 ’
327 588 395 628 UI
430 588 476 625 de
506 599 647 633 natura,
676 599 854 640 tanquam
888 590 934 626 de
963 602 1002 626 rc
1028 590 1228 642 explorata,
1257 592 1503 640 pronuntiare
1524 591 1596 631 ausi
1626 594 1722 643 sunt,-

120 590 315 807 Ο
348 641 418 680 {ive
439 644 513 680 hoc
532 656 573 681 ex
591 642 705 680 animi
727 645 861 682 fiducia
881 645 1055 690 fecerint,
1084 643 1154 681 five
1174 643 1373 682 ambitiose
1394 648 1431 683 ὅ(
1451 659 1560 685 more
1587 650 1725 698 profes-

349 698 474 741 sorio‚·
506 700 676 736 maximis
691 698 746 737 illi
761 699 1039 751 philosophiam
1059 703 1096 737 ἃ
1116 696 1284 736 scientias
1299 700 1537 740 detrimentis
1551 702 1722 744 affecere.

356 754 415 793 Ut
444 755 546 790 enim
571 755 615 791 ad
635 754 748 792 fidem
771 755 977 791 faciendam
998 755 1122 800 validi,
1152 755 1202 790 ita
1229 753 1341 791 etiam
1368 755 1413 792 ad
1441 756 1723 806 inquisitionem

6 827 7 831 ¹
48 829 68 851 υ
117 809 409 858 extinguendam
439 811 475 846 ὃ(
505 810 802 860 abrumpendum
836 806 1002 847 efficaces
1035 809 1211 847 fuerunt:
1242 810 1378 857 Neque
1407 810 1541 850 virtute
1573 816 1722 866 propria

116 875 265 902 tantum
300 863 536 913 profuerunt,
564 874 747 915 quantum
783 866 827 902 in·
857 865 930 902 hoe
963 875 1191 910 nocuerunt,
1221 865 1325 911 quod
1355 864 1509 903 aliorem
1540 870 1720 908 virtutem

115 921 352 968 corruperint
373 921 409 956 ὃ(
428 919 671 968 perdiderint.
728 921 805 972 Qii
825 930 950 957 autem
972 920 1202 956 contrariam
1230 917 1315 956 huie
1335 917 1431 958 Viam
1452 919 1601 971 ingressi
1624 924 1722 972 sunt,

115 985 227 1023 atque
246 974 339 1012 nihil
357 973 504 1023 prorsus
525 974 606 1011 seiri
626 974 725 1026 poss'e
746 974 984 1021 asseruerunt,
1012 972 1083 1012 five
1108 986 1150 1011 ex
1174 972 1416 1023 sophistarum
1432 984 1600 1014 veterum
1616 980 1721 1026 odio,

114 1026 185 1067 five
201 1042 242 1066 ex
257 1028 375 1066 animi
392 1029 647 1075 fluchmtione,
678 1040 740 1066 aut
760 1031 872 1066 ctiam
895 1042 937 1066 cx
953 1030 1113 1078 quadam
1129 1029 1320 1066 doetrinae
1334 1031 1454 1080 copia,
1482 1029 1520 1068 in
1537 1032 1631 1071 hanc
1642 1036 1722 1087 opi-

115 1086 274 1122 nionem
290 1082 422 1134 delapsi
440 1082 520 1129 sint,
536 1095 636 1121 certe
648 1097 727 1121 non
744 1084 1042 1122 contemnendas
1057 1085 1133 1128 ejus
1149 1084 1312 1121 rationes
1322 1085 1569 1127 adduxerunt3
1590 1101 1722 1127 verun-

114 1149 242 1176 tamen
265 1151 333 1175 ncc
349 1152 367 1176 a
389 1137 479 1176 veris
497 1141 612 1176 initiis
634 1139 856 1176 sententiam
875 1139 975 1177 suam
991 1138 1217 1185 derivarunt,
1239 1141 1274 1176 &
1294 1139 1415 1177 studio
1429 1142 1595 1188 quodam
1611 1155 1723 1193 atque

114 1193 350 1232 affectatione
371 1194 533 1244 provessi
555 1196 702 1246 prorsus
724 1196 883 1232 modum
903 1193 1137 1232 excesserunt.
1195 1196 1251 1230 At
1264 1191 1492 1246 antiquiores
1508 1209 1549 1234 ex
1567 1199 1718 1237 Graccis

117 1250 296 1298 (quorum
315 1249 443 1298 scripta
462 1247 673 1298 perierunt)
702 1246 799 1286 inter
819 1248 1091 1299 pronunciandi
1111 1248 1322 1295 jaetantiam
1345 1254 1380 1286 ὁ(
1399 1251 1634 1303 acatalepsiae
1661 1255 1722 1292 de·

115 1304 368 1356 sperationem
389 1306 607 1355 prudentius
633 1304 665 1342 se
689 1304 960 1342 sustinuerunt:
989 1304 1119 1353 Atque
1146 1304 1193 1341 dc
1221 1302 1472 1352 inquisitionis
1499 1304 1721 1347 difficultate

113 1362 150 1397 ὃ(
171 1371 297 1396 rerum
315 1359 551 1405 obscuritate,
582 1358 720 1411 saepius
740 1358 994 1408 querimonias
1013 1361 1050 1397 ὅ(
1070 1359 1350 1409 indignationes
1369 1359 1577 1409 miscentes,
1609 1366 1645 1401 ὃς
1661 1377 1718 1402 vc-

111 1416 183 1452 luti
203 1414 374 1452 fraenum
393 1414 620 1459 mordentes,
650 1424 778 1451 tamen
793 1412 1025 1464 propositum
1050 1426 1193 1463 urgere,
1222 1423 1332 1462 atque
1363 1424 1514 1453 naturae
1530 1415 1564 1453 se
1580 1419 1719 1456 immis-

112 1481 199 1506 cere
219 1480 300 1505 non
320 1467 560 1506 destiterunt:
592 1468 906 1507 Consentaneum
934 1468 994 1516 (ut
1023 1469 1183 1516 videtur)
1214 1468 1473 1517 existimantes,
1501 1470 1575 1508 hoc
1598 1474 1719 1522 ipsum

113 1522 303 1571 (videlicet
327 1534 457 1561 utrum
480 1522 620 1573 aliquid
641 1523 721 1561 sciri
738 1521 866 1574 possit)
897 1536 979 1562 non
998 1524 1185 1575 disputare
1205 1523 1267 1562 sed
1296 1525 1450 1575 experiri
1469 1539 1477 1562 ;
1506 1527 1554 1564 Et
1587 1537 1716 1567 tamen

110 1579 167 1616 illi
187 1576 253 1629 ipsi
267 1579 413 1630 impetu
434 1588 583 1616 tantum
604 1579 814 1617 intellectus
833 1577 898 1626 usi,
927 1580 1095 1628 regulam
1114 1590 1196 1617 non
1216 1578 1478 1627 adhibuerunt,
1507 1579 1568 1618 secl
1588 1587 1720 1622 omnia

112 1633 151 1673 in
166 1635 240 1671 acri
255 1634 504 1670 meditatione
520 1635 557 1670 ὅ(
572 1634 711 1671 mentis
721 1635 959 1672 volutatione
974 1636 1011 1672 ὃ(
1025 1635 1230 1684 agitatione
1244 1643 1423 1685 perpetua
1437 1635 1656 1684 posuerunt.

166 1689 205 1728 N
218 1700 374 1726 OSTRA
395 1699 521 1727 autem
539 1690 649 1736 ratio,
679 1699 720 1726 ut
737 1700 850 1738 opere
869 1689 992 1735 ardua,
1022 1691 1075 1726 ita
1094 1688 1197 1727 distu
1216 1689 1334 1726 facilis
1354 1689 1414 1726 est.
1470 1691 1522 1727 Ea
1538 1694 1641 1729 enim
1658 1695 1718 1742 cst,

111 1754 153 1783 ut
172 1744 408 1782 certitudinis
423 1744 559 1792 gradus
577 1744 855 1792 constituamus,
885 1744 1033 1782 sensum
1048 1755 1112 1795 per
1127 1744 1388 1781 reductionem
1411 1746 1598 1794 quandam
1621 1758 1720 1786 tuea-

111 1810 212 1844 mur,
241 1798 303 1837 sed
318 1797 455 1836 mentis
470 1810 576 1850 opuS,
604 1799 708 1850 quod
730 1798 877 1837 sensum
891 1799 1138 1848 subsequitur,
1166 1800 1376 1852 plerunque
1390 1801 1599 1845 rejiciamus
1607 1820 1620 1845 ‚-
1650 1817 1719 1841 no-

111 1866 196 1893 vam
215 1864 341 1892 autem
363 1855 400 1890 &
420 1863 561 1891 certam
581 1855 693 1901 viam,
724 1854 770 1891 ab
799 1852 881 1906 ipsis
910 1853 1082 1892 sensuum
1107 1853 1412 1905 perceptionibus
1435 1858 1557 1893 menti
1585 1861 1720 1907 aperia-

110 1922 196 1947 mus
211 1912 249 1948 &
264 1909 490 1946 muniamus.
546 1909 677 1959 Atque
697 1909 772 1948 hoc
794 1909 1047 1959 proculdubio
1061 1910 1236 1947 viderunt
1256 1911 1293 1946 &
1313 1909 1380 1955 illi,
1409 1909 1472 1961 qui
1500 1920 1620 1949 tantas
1644 1914 1720 1951 dia·

110 1965 263 2005 lesticae
282 1973 403 2014 partes
419 1964 644 2003 tribuerunt.
703 1964 755 2003 Ex
771 1977 850 2013 quo
864 1965 996 2013 liquet,
1026 1965 1112 2004 illos
1127 1964 1335 2002 intelleEtui
1359 1964 1587 2003 adminicula
1610 1980 1720 2015 quae-

111 2018 237 2066 fiviss‘e,
266 2021 405 2057 mentis
434 2030 560 2057 autem
590 2020 799 2069 processum
829 2021 1000 2058 nativum
1029 2021 1067 2057 &
1094 2019 1227 2069 sponte
1247 2029 1480 2066 moventem,
1510 2020 1719 2070 suspectum

110 2074 285 2113 habuisse.
343 2074 415 2112 Sed
444 2074 567 2113 serum
596 2076 706 2125 plane
725 2076 835 2113 rebus
857 2074 1009 2124 perditis
1036 2074 1111 2113 hoc
1138 2074 1334 2112 adhibetur
1363 2075 1594 2117 remedium;
1622 2078 1718 2126 post-

110 2142 226 2178 quam
251 2140 359 2168 mcns
381 2142 424 2167 ex
450 2130 666 2179 quotidiana
685 2131 782 2168 vitae
810 2128 1092 2176 consuetudine,
1122 2132 1159 2168 ὅ(
1179 2130 1447 2176 auditionibus,
1478 2132 1515 2168 ὅ(
1535 2131 1718 2170 doctrinis

110 2184 316 2234 inquinatis
339 2195 530 2234 occupata,
558 2188 594 2224 ὅ(
618 2182 823 2225 vanissimis
847 2183 957 2222 idolis
985 2184 1123 2223 obsessa
1143 2185 1266 2223 fuerit.
1323 2186 1450 2233 Itaque
1472 2197 1525 2222 ars
1553 2187 1617 2223 illa
1638 2188 1715 2225 dia-

111 2241 255 2287 lefflee,
286 2241 367 2277 sero
398 2243 453 2286 (ut
475 2241 650 2288 diximus)
679 2252 825 2286 cavens,
851 2252 975 2288 neque
991 2252 1073 2277 rem
1089 2241 1170 2277 ullo
1184 2240 1305 2277 modo
1321 2238 1525 2287 restituens,
1553 2241 1599 2278 ad
1616 2253 1720 2280 erro-

113 2307 170 2332 res
198 2297 325 2347 potius
355 2294 536 2343 figendos
564 2296 660 2348 quad
693 2296 739 2333 ad
773 2293 967 2333 veritatem
1000 2293 1234 2347 aperiendam
1266 2295 1392 2333 valuit.
1448 2295 1572 2333 Restat
1605 2298 1718 2336 unica

111 2350 204 2388 salus
222 2363 264 2388 ac
285 2350 427 2396 sanitas,
457 2360 498 2388 ut
518 2362 613 2400 opus
640 2351 779 2388 mentis
802 2349 1014 2388 universum
1040 2350 1086 2387 de
1107 2351 1258 2398 integro
1274 2349 1498 2390 resumaturs
1526 2362 1568 2387 ac
1595 2362 1717 2400 mens,

110 2406 186 2451 jam
215 2406 261 2443 ab
286 2404 366 2455 ipso
393 2406 594 2456 principio,
622 2407 733 2443 nullo
749 2405 868 2443 modo
889 2403 953 2442 fibi
969 2407 1218 2455 permittatur,
1260 2403 1319 2441 sed
1340 2415 1522 2456 perpetuo
1542 2417 1715 2455 regatur3

109 2472 152 2499 ac
174 2473 241 2507 res,
271 2461 389 2499 veluti
408 2471 475 2512 per
495 2461 684 2498 machinas
699 2459 929 2498 conficiatur.
987 2461 1083 2497 Sane
1110 2458 1136 2496 st
1161 2460 1334 2497 homines
1359 2471 1472 2510 opera
1495 2461 1713 2499 mechanica

111 2515 220 2553 nudis
249 2516 433 2561 manibus,
462 2515 597 2566 absque
632 2516 964 2554 instrumentorum
993 2517 1029 2552 vi
1053 2516 1090 2552 ὃς
1113 2527 1186 2565 ope
1209 2510 1362 2563 aggreffi
1383 2514 1509 2561 essent,
1539 2517 1715 2565 quemad-

111 2571 272 2610 modum
297 2583 411 2623 opera
430 2569 692 2608 intelle&ualia
715 2570 823 2608 nudis
851 2569 928 2607 fere
958 2571 1096 2607 mentis
1115 2569 1256 2607 viribus
1290 2569 1443 2606 tractare
1474 2580 1544 2607 not
1572 2571 1717 2609 dubita-

110 2637 220 2668 runt5
249 2638 380 2676 parvae
395 2625 603 2664 admodum
618 2625 767 2664 fuissent
784 2637 850 2672 res,
879 2637 969 2674 quas
994 2637 1147 2664 movere
1167 2626 1204 2661 ὅ(
1224 2622 1369 2661 vincere
1384 2623 1598 2674 potuissent,
1626 2626 1715 2664 licet

110 2692 242 2732 operas
263 2680 398 2727 enixas,
427 2691 539 2729 atque
559 2683 672 2718 etiam
694 2681 911 2726 conjunaas
931 2679 1194 2731 praestitissent.
1249 2679 1372 2728 Atqui
1388 2678 1413 2716 si
1432 2679 1614 2729 paulisper
1632 2693 1715 2719 mo-

110 2739 195 2782 rari,
223 2747 335 2785 atque
364 2738 404 2772 in
429 2735 503 2772 hoe
525 2735 645 2785 ipsum
674 2737 900 2785 exemplum,
930 2734 1044 2772 veluti
1069 2734 1107 2771 in
1137 2733 1327 2785 speculum
1362 2733 1499 2772 intueri
1529 2734 1714 2777 velimus;

110 2793 347 2840 exquiramus
378 2788 416 2838 (si
440 2788 577 2839 placet)
608 2788 632 2827 fi
660 2790 759 2827 forte
788 2789 971 2827 obeliscus
1001 2790 1145 2840 aliquiS‚
1175 2789 1435 2838 magnitudine
1464 2787 1630 2839 insignis,
1668 2790 1715 2827 ad

110 2845 291 2896 triumphi
318 2847 374 2883 vel
403 2844 620 2889 hujusmodi
650 2845 949 2894 magnificentiae
976 2844 1087 2881 decus
1115 2844 1392 2882 transferendus
1416 2843 1514 2891 ess'et,
1543 2855 1654 2893 atque
1674 2845 1713 2882 id

111 2900 286 2938 homines
302 2902 410 2939 nudis
426 2901 598 2937 manibus
612 2900 910 2949 aggrederentur,
941 2911 1072 2936 annon
1095 2899 1170 2936 hoc
1192 2911 1349 2949 magnac
1364 2900 1553 2945 cujusdam
1570 2900 1638 2936 ess'e
1653 2900 1713 2936 dc-

111 2958 287 3004 mentiae,
317 2956 497 3005 spectator
524 2954 706 3006 quispiam
726 2956 779 2991 rei
808 2954 950 2992 sobrius
983 2953 1180 2992 fateretur?
1207 2955 1324 3006 Quod
1344 2952 1585 2992 finumerum
1606 2966 1712 3002 auge-

114 3020 196 3048 rent
219 3013 490 3062 operariorum,
520 3020 632 3059 atque
646 3010 720 3048 hoc
737 3010 858 3049 modo
873 3008 907 3048 se
923 3010 1043 3048 valere
1057 3009 1157 3061 posse
1172 3009 1417 3057 confiderent,
1446 3021 1575 3048 aunon
1604 3019 1714 3046 tanto

404 3077 407 3083 ¹
1577 3064 1716 3113 magis?
