2040 3439
71 196 218 244 Lib.1.
290 194 388 239 DE
439 189 936 238 AUGMENTIS
985 185 1587 233 SCIENTIARUM.

77 291 342 337 incubuerunt)
376 299 559 338 quantum
589 284 747 335 subsidii,
789 289 1013 340 viriumque,
1055 288 1252 325 Romanae
1284 286 1358 323 sedi
1386 285 1608 334 reparandae
1640 289 1678 325 ἃ.

71 345 306 384 stabiliendae
323 345 531 381 attulerint.

125 402 302 452 Quane
327 409 366 436 ut
382 398 568 435 absolvam
593 397 688 434 hanc
712 407 868 446 partem,
895 397 974 434 duo
987 396 1075 434 sunt
1099 399 1293 447 praecipua
1313 391 1436 432 officia
1456 397 1494 432 ὃ(
1515 396 1674 433 ministe-

73 457 137 503 ria,
165 465 310 508 praeter
325 463 501 490 ornatum
519 456 554 490 ὗε
571 451 868 499 illustrationem,
899 464 992 499 quae
1008 451 1091 489 fidei
1110 452 1359 500 religionique
1375 449 1616 488 humaniores
1632 453 1673 488 li-

73 522 173 547 terae
189 509 416 558 persolvunt.
475 507 620 554 Unum,
650 507 753 556 quod
775 503 936 544 efficacia
952 505 1018 543 fint
1035 508 1292 550 incitamenta,
1322 508 1366 543 ad
1382 504 1547 544 divinam
1563 506 1675 554 glori-

71 577 132 602 am
163 564 395 602 exaltandam
425 565 461 600 5<
485 563 767 599 celebrandam:
806 560 895 598 ficut
918 563 1023 598 enim
1049 561 1181 598 Psalmi
1205 564 1242 598 ὃ(
1265 563 1356 597 aliae
1377 560 1576 609 scripturae
1599 573 1675 598 cre-

72 621 143 656 bro
168 631 238 656 nos
263 620 423 656 invitant
447 617 493 654 ad
518 618 886 666 contemplationem
907 615 1300 665 praedicationemque
1324 617 1614 664 magnificorum
1636 619 1671 654 ἅ

74 672 353 721 admirabilium
369 685 528 724 operum
544 673 638 712 Deis
667 674 728 718 ita,
758 670 783 708 fi
799 682 946 708 tantum
964 672 1001 707 in
1019 684 1153 709 corum
1171 672 1287 720 specie
1303 681 1464 718 externa,
1495 670 1582 707 sicut
1598 671 1676 708 sen-

71 727 164 766 sibus
189 728 320 765 nostris
337 727 371 764 se
396 727 586 773 exhibent,
615 727 863 772 haereremus,
893 726 1052 762 eandem
1076 726 1281 763 faceremus
1296 724 1471 765 iniuriam
1493 726 1674 770 Maiestati

70 785 231 829 divinae,
261 795 302 819 ac
326 781 349 819 si
364 782 410 818 de
434 783 628 833 opulentia
645 784 680 819 &
704 780 810 833 copia
826 777 1049 817 nobilillimi
1073 782 1281 830 gemmarii,
1312 792 1353 816 ex
1378 782 1422 816 iis
1437 793 1530 828 quae
1554 782 1676 830 palam

71 848 312 888 exponuntur
335 839 374 874 in
396 837 560 886 pergula,
590 837 849 882 judicaremus.
906 835 1097 881 Alterum,
1128 836 1232 883 quod
1256 833 1438 883 singulare
1462 838 1676 873 remedium

69 893 359 944 antidotumque
383 893 552 929 exhibeat
575 891 822 941 philosophia,
860 901 993 927 contra
1015 890 1274 928 infidelitatem
1300 892 1335 926 ὃ(
1360 902 1514 926 errores.
1571 891 1676 928 Nam

71 949 240 986 Salvator
264 948 385 984 noster
411 948 548 995 inquit,
578 944 756 992 Erratis,
785 944 997 997 7zesc'·z'entes
1011 943 1236 997 stripturas
1263 941 1542 995 &potentiam
1567 943 1667 982 Dei.

71 1003 156 1053 Ubi
171 1003 264 1040 duos
279 1003 406 1049 libros,
428 1014 475 1039 ne
491 1001 529 1039 in
546 1012 689 1038 errores
704 1001 925 1046 incidamus,
955 1002 1136 1049 proponit
1152 1001 1263 1037 nobis
1279 1000 1527 1037 evolvendos:
1548 1002 1676 1049 primo

72 1058 255 1103 volumen
284 1056 557 1107 scripturarum,
587 1068 680 1104 quae
713 1056 950 1094 voluntatem
966 1055 1050 1103 Dei,
1078 1056 1166 1092 dein
1198 1056 1379 1094 volumen
1408 1065 1674 1102 creaturarum,

71 1106 166 1166 quae
190 1114 400 1162 potentiam
426 1113 613 1149 revelant:
643 1113 820 1164 Quorum
843 1109 1038 1160 posterior,
1067 1112 1182 1148 veluti
1212 1112 1322 1148 clavis
1343 1110 1391 1147 cst
1413 1112 1562 1158 prioris,
1592 1122 1676 1148 non

72 1165 193 1206 solu'm
215 1168 450 1205 intellecslum
466 1167 635 1204 nostrum
652 1168 832 1215 aperiens,
863 1166 907 1203 ad
922 1169 1127 1214 genuinam
1143 1165 1402 1214 leripturarum
1419 1176 1601 1212 mentem,
1631 1178 1675 1204 cx

67 1221 301 1273 generalibus
315 1224 450 1272 regulis
464 1223 619 1258 rationis
632 1224 668 1258 ὃ(
682 1222 824 1270 legibus
837 1219 1017 1257 sermonis
1029 1221 1343 1272 expromendam5
1361 1220 1419 1257 sed
1433 1233 1550 1271 porro
1562 1222 1677 1258 etiam

69 1273 266 1330 praecipue
289 1278 402 1315 fidem
424 1277 587 1314 nostram
613 1276 788 1322 reserans,
818 1285 857 1313 ut
878 1277 917 1312 in
940 1275 1072 1312 seriam
1089 1276 1344 1324 ingrediamur
1371 1278 1676 1326 omnipotentiae

69 1330 217 1371 divinae
239 1333 544 1379 meditationem,
582 1333 685 1375 cujus
708 1331 933 1368 cliarae‘cercs
957 1332 1120 1367 maxime
1140 1331 1315 1380 insculpti
1339 1332 1416 1373 ejus
1443 1332 1617 1379 operibus
1637 1333 1676 1368 &

67 1386 171 1427 incisi
200 1387 294 1425 sunt.
352 1389 519 1425 Tantum
541 1387 587 1424 de
611 1387 748 1424 divinis
771 1383 991 1422 testimoniis
1010 1397 1052 1423 ac
1073 1385 1219 1433 judiciis
1239 1398 1310 1437 pro
1325 1397 1410 1424 vera
1429 1386 1612 1434 dignitate
1636 1387 1674 1423 &

66 1445 191 1494 pretio
205 1443 398 1480 dodi-inae
413 1442 554 1479 distum
576 1440 629 1478 fit.

121 1499 265 1551 QUAN
278 1508 383 1534 TUM
404 1497 448 1533 ad
464 1497 629 1534 humana
643 1494 857 1533 testimonia
873 1497 910 1532 &
925 1505 1161 1545 argumenta,
1189 1505 1269 1532 tam
1284 1495 1379 1532 latus
1393 1495 1557 1544 aperitur
1577 1506 1677 1533 cam-

67 1565 144 1603 pus,
186 1563 226 1604 ut
255 1553 295 1589 in
322 1552 479 1589 uastam
507 1552 581 1588 hoc
611 1550 713 1589 brevi
742 1553 778 1588 ὅ(
803 1550 936 1600 press'o,
976 1550 1164 1588 delefiium
1191 1551 1320 1601 potius
1349 1549 1522 1587 adhibere
1547 1550 1676 1587 deceat

66 1613 180 1657 quam
209 1608 369 1657 copiam.
426 1608 559 1644 Primo
585 1608 710 1655 iraque
739 1605 907 1642 summus
931 1606 1028 1654 apud
1055 1605 1227 1643 ethnicos
1252 1605 1412 1643 honoris
1429 1605 1563 1654 gradus
1591 1603 1675 1652 fuit,

66 1656 234 1717 divinam
258 1664 555 1709 venerationem,
585 1663 806 1710 cultumque
829 1660 1028 1709 consequi:
1060 1659 1193 1713 (Quod
1210 1660 1364 1709 quidem
1383 1660 1603 1698 Christianis
1627 1661 1677 1698 est

66 1721 246 1770 tanquam
267 1717 406 1756 fruitus
428 1717 562 1756 vetitus
579 1718 601 1765 :)
634 1719 751 1755 Nune
773 1728 864 1754 vero
880 1716 1075 1764 loquimur
1099 1716 1297 1765 separatim
1321 1716 1368 1753 de
1383 1716 1528 1761 judiciis
1549 1715 1679 1752 huma-

67 1776 152 1812 niS.v
194 1775 323 1822 Itaque
351 1773 405 1818 (ut
426 1775 619 1822 coepimus
645 1773 782 1820 dicere)
813 1771 910 1820 apud
936 1771 1121 1819 ethnicos,
1159 1770 1234 1818 ille,
1271 1783 1386 1819 quem
1413 1772 1546 1808 Graeci
1573 1768 1676 1822 Apo·

67 1824 219 1878 theosin,
249 1829 387 1876 Latini,
427 1826 674 1866 Relationem
693 1827 798 1865 inter
818 1825 963 1864 ‘Divos
988 1837 1184 1873 vocarunt,
1216 1825 1409 1878 supremus
1435 1826 1562 1862 honor
1587 1825 1674 1872 fuit,

64 1886 132 1934 qui
147 1885 298 1922 homini
317 1884 363 1920 ab
377 1884 537 1921 homine
552 1883 668 1921 tribui
684 1882 800 1932 poss'et
816 1896 824 1920 :
854 1880 1072 1934 praesertim
1088 1883 1151 1919 ubi
1168 1894 1248 1919 non
1264 1894 1306 1918 ex
1325 1882 1491 1926 decreto,
1521 1891 1582 1917 aut
1598 1881 1673 1918 cdi-

66 1941 129 1978 e‘to
143 1940 271 1988 aliquo
286 1940 448 1988 imperii,
472 1939 527 1986 (ut
545 1938 763 1977 Caesaribus
774 1938 873 1987 apud
888 1939 1114 1985 Romanos,)
1136 1937 1198 1975 sed
1214 1950 1257 1974 ex
1272 1938 1457 1987 opinione
1472 1936 1678 1972 hominum
1708 1967 1713 1972 .

66 1994 198 2045 &fide
213 1995 372 2041 interna,
402 1995 503 2032 ultro
518 1994 746 2032 deferretur:
777 1994 897 2038 Cujus
921 1992 1080 2030 honoris
1095 2003 1172 2030 tam
1193 1990 1333 2033 excelli,
1362 1991 1496 2041 gradus
1520 1990 1676 2039 quidam

66 2059 143 2088 crat
167 2052 204 2088 &
227 2051 413 2087 terminus
435 2050 605 2087 medius:
642 2050 794 2101 Quippe
818 2047 925 2100 supra
947 2047 1135 2085 humanos
1158 2048 1336 2093 honores,
1376 2047 1519 2084 heroici
1544 2057 1675 2083 nume-

68 2105 246 2143 rabantur
262 2107 299 2142 &
322 2105 452 2142 divini.
508 2107 552 2142 In
575 2116 741 2154 quorum
756 2101 1017 2141 distributione
1040 2102 1141 2141 hunc
1157 2104 1334 2140 ordinem
1361 2112 1516 2139 tenuere
1534 2112 1677 2138 veteres

65 2160 430 2212 rerumpublicarum
443 2161 672 2206 conditores,
689 2158 927 2208 legissatores,
943 2159 1214 2206 tyrannicidae,
1236 2160 1360 2195 Patres
1372 2158 1520 2206 patriae,
1538 2157 1679 2203 quique

69 2217 109 2253 in
131 2216 240 2252 rebus
263 2214 432 2253 civilibus
450 2217 596 2264 optime
619 2224 850 2260 meruerunt,
884 2211 1051 2261 insigniti
1076 2213 1161 2251 sunt
1185 2214 1300 2251 titulo
1324 2213 1483 2249 heroum
1511 2221 1673 2257 tantum,

67 2281 130 2308 aut
148 2269 424 2308 semideorum:
455 2271 593 2322 Quales
607 2270 712 2306 fuere
727 2268 905 2315 Theseus,
935 2268 1080 2314 Minos,
1109 2269 1311 2313 Romulus,
1341 2268 1561 2313 caeterique.
1619 2266 1674 2304 Ex

67 2327 181 2363 altera
207 2335 322 2374 parte,
361 2327 577 2362 inventores
601 2327 638 2361 ὅ(
662 2323 838 2361 authores
861 2334 1044 2360 novarum
1069 2323 1218 2373 artium,
1247 2323 1389 2370 quique
1412 2323 1527 2359 vitam
1550 2320 1680 2358 huma-

68 2392 158 2419 nam
180 2379 288 2418 novis
303 2380 518 2417 commodis
543 2382 580 2417 ὅ(
596 2375 867 2416 accessionibus
890 2377 1084 2424 dotarunt,
1112 2377 1215 2426 seper
1239 2377 1446 2414 consecrati
1470 2374 1552 2412 sunt
1578 2377 1678 2412 inter

64 2436 159 2474 ,deos
179 2434 278 2488 ipsos
299 2435 480 2481 majores3
509 2435 613 2486 quod
639 2435 781 2479 Cereri,
810 2432 968 2478 Baccho,
999 2433 1207 2479 Mercurio,
1237 2432 1466 2481 Apollini&
1483 2431 1562 2467 aliis
1585 2442 1678 2469 conf

68 2492 178 2541 tigit:
217 2491 333 2544 Quod
354 2500 454 2527 certe
473 2491 553 2536 jure
575 2492 612 2527 ὅ(
635 2489 726 2527 sano
746 2500 834 2525 cum
858 2488 1001 2534 judicio
1021 2488 1159 2525 saelum
1183 2487 1242 2524 est.
1300 2489 1403 2525 Nam
1423 2487 1595 2535 priorum
1617 2486 1678 2522 be—

69 2544 251 2584 nemerita
271 2548 368 2583 intra
389 2547 499 2583 unius
522 2546 650 2593 aetatis
665 2554 728 2581 aut
748 2542 911 2580 nationis
935 2544 1087 2589 limites,
1115 2543 1194 2580 fere
1217 2552 1465 2581 coereenrurs
1497 2552 1568 2577 nec
1590 2538 1677 2578 abli-

68 2602 175 2639 ·milia
205 2601 289 2639 sunt
315 2601 499 2638 imbribus
521 2600 745 2650 tempestivis
775 2601 811 2635 δε
845 2598 1031 2648 benignis,
1061 2600 1125 2647 qui
1149 2598 1316 2645 quamvis
1344 2595 1512 2646 frugiferi
1535 2593 1604 2633 lint
1628 2605 1678 2632 at-

69 2668 145 2705 que
167 2656 363 2706 optabile5‚
399 2667 530 2693 tamen
553 2667 624 2706 pro
648 2656 710 2692 illa
734 2653 948 2703 tempestate
973 2663 1122 2691 tantum
1148 2664 1219 2701 qua
1245 2652 1434 2698 decidunt,
1469 2661 1581 2699 atque
1608 2662 1680 2700 pro

70 2711 321 2761 amplitudine
336 2711 470 2748 traetus
490 2721 610 2748 terrae
626 2721 737 2758 quam
757 2711 928 2758 irrigant,
956 2709 1067 2745 utiles
1083 2707 1179 2745 sunt.
1236 2706 1489 2745 Posteriorum
1510 2718 1601 2743 vero
1618 2707 1677 2742 be-

69 2766 215 2813 neficia,
243 2777 283 2804 ut
308 2764 416 2816 ipsias
431 2765 519 2803 solis
542 2768 579 2804 &
593 2765 811 2802 coelestium
835 2774 1006 2809 munera,
1033 2762 1269 2812 temporibus
1291 2772 1480 2812 perpetua,
1511 2760 1602 2798 locis
1623 2762 1679 2797 in-

71 2821 176 2859 finita
190 2821 285 2860 sunt.
342 2821 408 2858 Illa
421 2821 555 2868 rursus,
589 2832 676 2857 cum
695 2820 947 2857 contentione
960 2821 996 2855 δε
1007 2816 1300 2867 perturbatione,
1320 2828 1360 2854 ut
1372 2818 1579 2867 plurimum
1591 2828 1681 2854 con-

76 2876 199 2920 juncta
215 2877 318 2917 sunt3
348 2876 438 2913 haec
453 2875 592 2913 habent
611 2887 743 2913 verum
759 2874 1008 2910 characterem
1022 2871 1168 2912 divinae
1182 2872 1420 2922 praesentiae,
1448 2872 1682 2920 veniuntque

71 2932 115 2975 ,in
130 2942 216 2968 aura
231 2932 319 2979 leni,
349 2930 486 2980 absque
501 2931 669 2968 tumultu
683 2938 744 2967 aut
759 2929 920 2976 strepitu.

129 2987 167 3024 N
179 2996 304 3037 EQUE
329 2985 414 3023 sane
433 2986 604 3022 doitrina
627 2987 808 3022 meritum
824 2984 864 3020 in
888 2983 1059 3020 civilibus
1074 2984 1110 3020 ὅ(
1135 2983 1175 3019 in
1190 2982 1438 3032 reprimendis
1464 2982 1682 3018 incommo-

76 3039 143 3087 dis,
183 3051 276 3088 quae
300 3040 420 3078 homo
440 3039 590 3078 homini
614 3040 739 3086 infert,
770 3038 936 3075 multum
955 3038 1054 3075 cedit
1075 3039 1132 3081 iLli
1153 3038 1271 3086 alter—i,
1300 3040 1341 3075 in
1365 3036 1597 3075 sublevandis
1618 3036 1681 3071 hu-

130 3096 238 3135 vor„
271 3096 299 3134 I.
862 3093 896 3129 G
1564 3091 1685 3128 manis

1747 201 1814 245 49
