2040 3465
95 181 214 254 114*

367 185 409 231 R
425 178 466 232 Ε
485 165 923 230 DARGUTio
975 159 1272 216 P‘Ht'L'os
1294 157 1757 214 ormano-M

266 270 507 320 firmitudinis
535 270 706 313 habeant.
763 266 983 321 Quinetiam
1010 263 1185 302 naturam'
1207 260 1414 312 tlieOiogia‘,
1442 264 1524 299 non
1549 262 1680 298 minus
1691 261 1895 308 quam‘A„

270 334 450 373 ristotelcs
469 329 658 368 dialcetica
679 324 809 363 infecit
831 325 868 360 δε
887 319 1065 372 corrupit.
1121 319 1281 371 Optima
1293 327 1425 355 autem
1439 315 1479 354 in
1493 327 1543 353 eo
1557 313 1717 366 signa-(si
1735 324 1884 370 caetera

271 385 547 431 consensissent)
583 381 689 431 quod
719 382 755 417 &
781 378 993 415 formarum
1020 375 1285 424 cognitionem
1313 371 1482 418 ambiret,-
1509 372 1548 409 &
1568 372 1888 426 indue-’tione‘per‘

270 443 401 482 omnia
444 452 524 478 non
540 447 690 475 tantum
705 435 751 472 ad'
762 432 954 484 principia,
984 427 1045 466 sed
1061 428 1236 467 etiamad
1250 428 1391 466 medias
1401 423 1677 476 propositiones
1691 435 1861 466 uteretur
1871 444 1884 467 2

271 499 357 537 licet
373 473 414 535 &²
425 497 513 533 haec
534 491 609 543 ipsa
627 491 709 528 duo
725 500 811 528 vere
826 487 964 532 divina,
993 487 1030 522 ὃς
1045 484 1097 521 ob
1109 495 1203 534 quae
1219 485 1366 521 nomen
1376 482 1497 520 divini
1512 493 1592 519 non
1614 481 1702 520 dico
1715 484 1803 521 tulit
1819 483 1883 526 sed

271 553 423 598 meruit,
452 547 662 598 corruperit
678 543 879 582 &inutilia
902 537 1119 586 reddiderit,
1149 538 1242 576 dum
1263 540 1301 576 ὅ(
1315 537 1458 575 formas
1477 536 1664 574 abstractas
1680 538 1884 587 pren-ihrer,-

274 611 312 646 &
337 598 566 644 induCti'onis
587 601 783 638 materiam
812 606 962 634 tantum
994 607 1037 632 ex
1062 593 1172 631 rebus
1201 593 1324 632 obviis
1344 594 1381 631 ἃ
1409 592 1623 641 vulgaribus
1647 592 1883 632 desumeret:

273 662 377 712 quod
393 656 766 705 hujufmodil'cilicet
783 652 954 701 exempla
971 650 1073 698 (quia
1094 649 1262 696 notiora>
1283 646 1596 698 disputati-onibus
1611 647 1735 697 potins
1750 656 1886 686 conve⁴

274 719 415 755 nitenti
469 715 597 762 ltaque
621 722 708 749 cum
722 710 756 746 ei
784 708 946 756 diligens
974 705 1201 742 naturalium
1222 715 1349 740 rerum
1369 703 1647 753 contemplatio
1664 705 1702 741 ὃ(
1715 700 1895 742 observ&

273 774 333 810 tio
347 767 493 815 deesset,
508 778 603 820 quae
617 766 727 803 unica
741 760 1002 816 philosophiae
1014 759 1169 797 materia
1184 758 1245 805 est,
1274 759 1330 795 nil
1345 757 1485 804 mirum
1503 755 1529 794 si
1543 768 1613 795 nec
1628 757 1821 809 ingenium
1835 761 1887 812 aJl-

273 837 372 873 tum,
399 836 471 863 nec
485 822 622 860 modus
649 815 900 871 inquisitionis
916 814 1002 853 felix
1022 825 1254 866 magnopere
1279 813 1522 865 profecerint.
1583 813 1726 852 Verum
1750 822 1822 852 nos
1840 823 1887 853 'ex

275 879 469 932 signorum
504 873 815 920 consideratione,
844 869 976 909 nescio
996 882 1076 919 quo
1103 869 1226 907 modo
1254 869 1294 905 in
1323 880 1379 905 res
1406 867 1498 918 ipsas
1524 867 1776 919 prolabimur:
1804 876 1888 910 non

277 937 380 974 enim
402 934 511 972 facile
527 932 680 982 separari
696 928 859 979 poss'unt,
887 937 1010 974 neque
1026 937 1067 963 ea
1082 926 1228 974 ingrata
1242 923 1348 962 vobis
1363 922 1488 961 auditu
1506 923 1608 960 fuisse
1620 925 1856 963 arbitramur.
1895 935 1898 940 “

331 993 476 1042 QUIN
496 989 612 1025 etiam
632 984 780 1023 fortass'e
800 985 836 1020 δε
852 981 945 1019 illud
972 979 1122 1032 insuper
1143 977 1232 1017 scire
1246 979 1359 1016 vultis
1374 979 1467 1028 quid
1486 978 1533 1015 de
1550 979 1702 1028 reliquis
1725 982 1799 1018 illis
1812 980 1890 1019 sen-

278 1047 427 1092 tiamus,
455 1044 521 1092 qui
536 1041 680 1087 alienis,
710 1050 791 1076 non
806 1034 965 1089 propriis
980 1035 1122 1087 scriptis
1136 1033 1246 1072 nobis
1271 1032 1355 1071 noti
1375 1034 1472 1081 sunt,
1500 1033 1726 1085 Pythagora,
1754 1037 1891 1089 Empe-

280 1101 402 1147 docIe,
440 1097 647 1141 Heraclito,
677 1094 916 1142 Anaxagora,
956 1090 1201 1136 Democrito,
1235 1089 1473 1136 Parmenide,
1516 1090 1609 1128 aliis.
1664 1090 1794 1140 Atque
1814 1092 1893 1130 'hac

280 1157 327 1193 de
344 1167 396 1202 re,
424 1154 504 1199 filii,
534 1150 587 1190 nil
612 1149 864 1194 reticebimus,
895 1145 956 1183 sed
977 1146 1095 1183 animi
1117 1142 1229 1182 nostri
1255 1143 1401 1181 sensum
1423 1145 1614 1194 integrum
1643 1147 1681 1183 &
1707 1143 1898 1185 sincerum*

282 1211 391 1248 vobis
405 1206 625 1260 aperiemus.
679 1206 823 1243 Scitote
839 1204 978 1251 itaque,
1006 1213 1077 1238 nos
1099 1199 1245 1238 summa
1267 1211 1354 1237 cum
1381 1199 1577 1249 diligentia
1591 1203 1628 1238 ὅ(
1646 1212 1734 1238 cura
1751 1207 1894 1240 omnes

282 1266 341 1303 vel
356 1260 588 1302 tenuissimas
615 1271 720 1299 auras
743 1259 840 1296 circa
863 1257 1003 1294 horum
1018 1254 1187 1294 virorum
1210 1253 1410 1304 opiniones
1428 1257 1466 1292 δε
1485 1255 1619 1305 placita
1646 1256 1821 1306 captasse:
1848 1267 1894 1297 ut

282 1320 463 1369 quicquid
488 1318 535 1355 de
561 1317 635 1354 illis
659 1316 719 1354 vel
747 1313 840 1351 dum
861 1313 907 1350 ab
934 1311 1141 1349 Aristotele
1170 1310 1430 1356 confutantur,
1459 1310 1518 1347 vel
1533 1310 1626 1348 dum
1641 1312 1891 1352 aPlatonc&

286 1376 477 1413 Cicerone
492 1374 671 1418 citantur,
697 1371 755 1408 vel
776 1367 815 1406 in
844 1367 1033 1406 Plutarchi
1057 1365 1246 1412 fasciculo,
1275 1366 1334 1403 vel
1356 1367 1394 1402 in
1409 1364 1547 1403 Laertii
1572 1367 1670 1413 viris,
1696 1368 1896 1407 velin'Lu-

283 1431 391 1467 cretii
403 1438 592 1482 poemate,
619 1427 679 1465 vel
698 1424 736 1462 in
758 1422 943 1472 aliquibus
963 1420 1194 1472 fragmentis,
1222 1421 1280 1459 vel
1297 1422 1337 1458 in
1353 1422 1480 1470 quavis
1493 1422 1565 1459 alia
1581 1420 1697 1473 sparsa
1709 1424 1897 1462 memoria

285 1487 323 1523 ὅ(
345 1485 555 1530 mentione,
584 1481 747 1520 inveniri
776 1475 902 1529 possit,
932 1478 1198 1523 evolve-rimus,
1226 1487 1349 1524 neque
1379 1473 1514 1514 cursim
1541 1487 1604 1514 aut
1626 1480 1896 1531 contemptim,

287 1539 349 1577 fed
370 1552 458 1576 cum
473 1537 546 1576 fide
558 1540 594 1576 ὃ(
609 1535 881 1574 deliberatione
901 1532 1249 1571 examinaverimus,
1303 1531 1435 1581 Atque
1455 1530 1611 1569 dubium
1628 1533 1799 1582 profe-sto
1812 1536 1895 1572 non

286 1594 349 1642 est,
376 1592 467 1646 quin
487 1591 513 1631 si
534 1593 739 1645 opiniones
760 1601 908 1636 eorum,
936 1599 1026 1637 quas
1045 1599 1148 1625 nunc
1168 1599 1232 1636 per
1252 1587 1515 1624 internuncios
1534 1588 1715 1636 quosdam
1737 1587 1897 1628 minime

284 1649 381 1688 fidos
393 1647 639 1686 solummodo
659 1646 851 1692 habemus,
880 1646 920 1682 in
941 1644 1102 1693 propriis
1117 1651 1285 1680 extarent
1300 1640 1488 1694 operibus,
1517 1652 1559 1680 ut
1577 1655 1637 1680 cas
1657 1655 1699 1680 cx
1716 1641 1798 1692 ipsis
1810 1644 1897 1682 fon—

286 1704 387 1742 tibus
398 1703 544 1740 haurire
560 1704 701 1748 liceret,
730 1701 916 1745 majorem
938 1698 1210 1735 firmitudinem
1226 1697 1418 1734 habiturae
1433 1697 1602 1739 fuissent3
1630 1709 1719 1735 cum
1731 1698 1897 1738 theoria*

289 1770 375 1796 rum
385 1757 478 1796 vires
494 1758 533 1794 in
549 1767 632 1807 apta
652 1758 688 1793 ὃ(
705 1754 740 1792 se
765 1765 903 1791 mutuo
926 1752 1125 1790 sustinente
1149 1751 1310 1801 partium
1331 1753 1531 1789 harmonia
1545 1755 1582 1790 ὅ(
1601 1753 1764 1802 quadam
1783 1755 1824 1792 in
1835 1765 1899 1792 or·

289 1814 377 1850 bem
392 1811 712 1849 demonstratione
730 1807 937 1854 consistant,
967 1808 1130 1857 ideoque
1151 1818 1216 1856 per
1238 1817 1358 1855 partes
1373 1808 1527 1845 traditae
1543 1807 1712 1846 infirmae
1727 1806 1809 1847 sint.
1848 1814 1850 1816 '

343 1869 383 1906 N
391 1877 522 1919 nque
553 1876 735 1916 negamus
763 1875 833 1901 nos
865 1863 1027 1915 reperire
1056 1864 1158 1900 inter
1181 1862 1315 1911 placita
1339 1872 1417 1899 tam
1446 1864 1557 1910 varia,
1592 1862 1691 1901 haud
1716 1875 1831 1914 pauca
1852 1866 1899 1905 in·

290 1923 619 1974 contemplatione
641 1930 794 1958 naturae
817 1920 854 1956 ὅ(
879 1918 1071 1956 causarum
1098 1913 1348 1967 assignationc
1371 1929 1453 1955 non
1481 1917 1726 1969 indiligenter
1754 1926 1898 1960 nutam-4

291 1977 404 2016 Alios
420 1988 546 2015 autem
564 1978 602 2013 in
623 1976 703 2012 aliis
720 1973 778 2023 (ut
793 1974 871 2011 fere
884 1974 965 2011 fieri
983 1973 1089 2020 solet)
1107 1972 1247 2009 constat
1262 1972 1450 2010 feliciores
1468 1972 1582 2011 fuisse.
1636 1974 1755 2026 Qiod
1769 1972 1796 2012 si
1807 1970 1899 2014 ciam

291 2030 498 2070 Aristotele
518 2030 774 2076 conferantur,
803 2029 913 2080 plane
928 2027 1120 2066 censemus
1137 2026 1237 2065 fuisse
1252 2040 1295 2065 ex
1325 2027 1368 2065 iis
1396 2028 1607 2066 nonnullos
1632 2031 1697 2078 qui
1715 2031 1754 2066 in
1769 2029 1900 2069 mult'ss

291 2087 495 2125 Aristotele
516 2087 630 2136 longe
646 2087 683 2123 ὅ(
698 2085 843 2122 acutius
858 2086 895 2122 ὅ(
910 2085 1021 2122 altius
1035 2085 1075 2120 in
1092 2092 1264 2121 naturam
1279 2085 1570 2135 penetraverint,
1597 2084 1703 2133 quod
1726 2083 1805 2122 fieri
1833 2098 1898 2124 ne-

292 2142 383 2180 cess'c
403 2142 486 2188 fuit,
515 2154 603 2180 cum
619 2138 867 2191 experientiae
890 2141 1054 2177 cultores
1078 2139 1196 2187 magis
1220 2136 1383 2188 religiosi
1405 2139 1559 2186 fuerint,
1587 2138 1807 2190 praesertim
1821 2142 1898 2181 De-

290 2196 486 2244 mocritus,
515 2198 580 2247 qui
609 2196 662 2233 ob
687 2205 842 2233 naturae
868 2193 1037 2246 peritiam
1063 2195 1177 2231 etiam
1199 2205 1329 2243 magus
1356 2194 1501 2232 habitus
1520 2194 1580 2233 cst.
1636 2196 1900 2236 Veruntamen

290 2253 401 2289 nobis
417 2252 556 2290 necess'e
572 2250 632 2298 est,
661 2248 687 2288 si
710 2248 928 2301 simpliciter
950 2252 988 2288 &
1015 2248 1152 2299 absque
1171 2248 1330 2301 persona
1350 2247 1544 2287 vobiscum
1565 2261 1674 2300 agere
1693 2248 1758 2289 stat
1771 2251 1900 2289 decre-

292 2317 399 2348 rum3
428 2308 587 2344 nomina
603 2304 670 2344 ista
693 2316 842 2356 magna,
871 2305 974 2343 brevi
1002 2304 1211 2342 admodum
1239 2303 1423 2342 sententia
1450 2304 1727 2343 transmittere:
1757 2306 1828 2345 effe
1841 2308 1898 2344 οἱ·

291 2363 432 2400 mirum
450 2361 667 2407 hujusmodi
695 2360 1012 2412 philosophorum
1042 2360 1176 2410 placita
1198 2371 1240 2397 ac
1266 2359 1444 2405 theorias,
1472 2361 1589 2398 veluti
1604 2359 1832 2399 diversarum
1844 2362 1898 2402 fa-

292 2417 465 2454 bularum
482 2418 521 2454 in
536 2417 686 2455 theatro
699 2426 930 2467 argumenta,
959 2417 999 2453 in
1019 2415 1208 2465 quandam
1234 2413 1311 2452 veri
1339 2412 1637 2462 similitudinem,
1667 2417 1738 2456 alia
1751 2417 1898 2467 clegan'-

293 2473 379 2519 ssus,
409 2471 477 2509 alia
501 2472 756 2522 negligentius
778 2482 841 2509 aut
867 2466 1017 2508 crassius
1042 2469 1226 2510 conficiam
1256 2480 1367 2519 atque
1391 2471 1526 2508 habere
1553 2471 1658 2522 quod
1681 2471 1896 2511 fabularum

292 2526 489 2577 proprium
513 2526 574 2573 est,
603 2537 643 2565 nt
658 2528 753 2564 veris
775 2527 968 2564 interdum
991 2525 1272 2563 narrationibus
1299 2527 1549 2563 concinniora
1577 2528 1612 2563 &
1629 2527 1898 2565 commodiora

294 2581 488 2619 videantur
510 2596 517 2619 :
545 2585 580 2619 ὅ(
604 2583 726 2632 qualia
749 2583 832 2633 quis
854 2582 1034 2619 libentius
1059 2580 1237 2618 crederet.
1296 2582 1392 2618 Sanc
1416 2592 1506 2618 cum
1535 2579 1586 2618 isti
1611 2581 1733 2618 famae
1751 2584 1796 2620 ὅ(
1816 2584 1899 2632 opi-

294 2636 405 2672 nioni
429 2646 606 2688 tanquam
631 2636 760 2674 scenae
787 2638 915 2674 minus
936 2635 1116 2674 servirent
1136 2647 1250 2684 quam
1266 2635 1488 2673 Aristoteles
1511 2637 1548 2673 ὅ(
1564 2637 1673 2673 Plato
1695 2639 1733 2674 ὅ(
1762 2639 1900 2689 reliqui

295 2702 316 2727 e
339 2689 484 2737 scholis,
513 2694 681 2743 puriores
706 2691 810 2729 fuere
836 2691 882 2729 ab
901 2691 1152 2729 ostentatione
1168 2693 1204 2728 ὃ(
1225 2688 1440 2742 imposturfi,
1468 2701 1579 2738 atque
1599 2703 1647 2728 eo
1673 2690 1832 2729 nomine
1845 2692 1896 2730 sa-

294 2741 438 2785 niore&
467 2757 608 2784 caetera
619 2745 752 2784 similes
765 2757 882 2784 erant.
941 2746 1028 2783 Una
1038 2744 1140 2784 enim
1156 2743 1255 2795 quasi
1270 2747 1372 2783 navis
1386 2745 1646 2797 philosophiae
1663 2746 1895 2784 Graecorum

293 2799 453 2846 videtur,
481 2810 592 2849 atque
612 2813 756 2839 errores
772 2798 914 2846 diversi,
944 2801 1071 2839 causae
1087 2801 1233 2838 errandi
1249 2811 1486 2839 communes.
1822 2825 1826 2830 ·

348 2855 657 2906 QmNE‘rrAM
691 2857 801 2894 nobis
831 2857 992 2894 minime
1017 2856 1177 2894 dubium
1198 2856 1259 2903 est,
1290 2854 1439 2908 sipenes
1459 2856 1644 2907 populum
1666 2858 1704 2894 &
1728 2857 1900 2895 civitates

294 2909 428 2947 liberas
450 2921 507 2946 res
527 2908 747 2957 mansissent,
776 2911 856 2949 fieri
884 2923 966 2950 non
995 2912 1154 2962 potuiss'e
1177 2921 1219 2949 ut
1248 2911 1403 2949 humani
1420 2909 1563 2960 ingenii
1577 2913 1901 2961 peregrinationes

292 2965 535 3014 popularibus
549 2966 645 3002 auris
673 2965 909 3013 velificante5‚
940 2977 1131 3018 utcunque
1147 2967 1246 3004 inter
1267 2976 1346 3003 tam
1362 2965 1563 3004 numerosa
1577 2968 1614 3004 &
1633 2967 1730 3003 varia
1741 2966 1897 3004 theoria-

294 3028 379 3056 rum
394 3029 612 3057 commenta
634 3019 669 3057 se
684 3017 799 3057 sistere
814 3032 875 3058 aut
890 3023 1089 3059 continere
1108 3021 1324 3071 potuiss'ent.
1378 3021 1716 3073 thmadmodum
1736 3022 1841 3059 enim
1855 3025 1897 3061 in

293 3073 564 3121 astronomicis,
594 3077 630 3114 ὅ(
648 3073 690 3113 iis
710 3075 845 3125 quibus
869 3086 1008 3114 terram
1030 3078 1143 3115 rotari
1168 3077 1299 3127 placet,
1330 3077 1366 3113 δε
1384 3076 1433 3112 eis
1453 3077 1517 3125 qui
1533 3088 1597 3127 per
1625 3086 1790 3114 veterem
1805 3088 1900 3114 con-

1657 3131 1898 3169 strutiiionem
