2040 3439
62 215 260 281 cap.11.
296 215 409 261 DE*
443 213 939 263 AUGMENTIS
992 214 1592 265 SCIENTIARUM.
1713 233 1810 280 127

59 315 105 353 so
118 316 285 366 corpore
307 311 609 354 medicinarum3
645 310 685 349 in
709 324 789 361 quo
810 313 868 351 nil
894 313 1129 360 novandum,
1167 312 1306 362 absque
1330 314 1496 352 evidenti
1519 312 1675 355 neccffi-

59 381 167 408 tates
186 370 312 406 >Hanc
331 365 444 417 igitur
463 377 622 418 partem,
652 379 747 416 quae
765 368 813 404 de
833 367 1030 406 medicinis
1049 367 1272 406 authenticis
1293 370 1329 406 ὅ(
1344 367 1507 421 positivis
1523 372 1670 419 tractet,

58 424 254 463 desiderari
275 421 486 460 statuimus:
523 423 600 459 Res
622 431 749 459 autem
771 421 820 460 est
841 435 935 474 quae
955 421 1091 461 tentari
1115 435 1195 460 non
1221 424 1345 470 debet,
1373 425 1510 474 absque
1531 428 1606 463 acri
1629 430 1668 467 δε

59 480 188 518 severo
209 476 360 525 judicio,
391 479 428 514 &
443 487 625 525 tanquam
646 478 686 513 in
703 476 851 525 synodo
865 477 1103 516 medicorum
1123 478 1357 516 selectorum.

111 536 247 581 ITEM,
277 534 375 570 inter
398 532 698 580 praeparationes
718 533 1006 580 medicinarum,
1034 532 1162 570 mirari
1184 532 1291 579 subit,
1321 534 1550 584 (praesertim
1576 548 1664 574 cum

56 590 266 627 medicinae
290 600 333 624 ex
358 585 602 624 mineralibus
627 599 647 623 a
669 586 848 636 chymicis
874 589 914 625 in
937 598 1088 625 tantum
1111 589 1257 625 evetiae
1280 590 1316 626 ὅ(
1341 590 1545 628 celebratae
1573 590 1663 632 sint3

55 653 220 693 cumque
241 643 332 680 tales
348 642 558 679 medicinae
580 640 694 679 tutius
709 642 956 681 adhibeantur
979 643 1024 680 ad
1039 644 1236 689 exteriora,
1265 656 1378 692 quarn
1396 647 1498 682 intro
1520 646 1663 684 suman-

57 700 131 747 tur)
161 699 360 736 neminem
387 696 508 734 adhuc
530 695 741 743 inventum,
769 696 833 746 qui
851 710 918 749 per
940 708 1061 734 artem
1086 699 1250 735 thermas
1275 700 1460 736 naturales
1475 703 1512 738 ὅ(
1539 702 1666 740 fontes

54 753 296 792 medicinales
314 753 453 789 imitari
474 754 630 788 annixus
650 750 788 789 fuerit:
818 765 906 790 cum
934 763 1062 789 tamen
1086 755 1126 790 in
1160 753 1330 790 confcffo
1353 752 1407 800 sit,
1437 754 1602 793 thermas
1624 756 1667 794 il-

56 810 109 848 las
127 811 164 846 δί
178 808 315 852 fontes,
331 809 487 845 virtutes
503 806 581 844 suas
602 819 644 843 ex
665 808 768 843 venis
788 808 1043 853 mineralium²
1060 819 1125 856 per
1139 820 1230 856 quas
1244 819 1453 860 permeant,
1481 811 1665 850 nancisci:

55 862 273 914 quinetiam,
303 864 343 899 in
367 861 603 898 manifestum
635 861 744 907 hujus
769 863 821 898 rei
851 863 1140 912 documentum,
1172 863 1268 899 bene
1296 865 1399 900 norit
1424 864 1585 903 humana
1611 869 1666 904 in-

56 918 191 957 dustria
218 917 427 955 discernere
451 918 488 954 &
512 916 734 966 distinguere
761 929 827 966 per
857 917 1102 967 separationes
1126 917 1315 966 quasdam,
1355 930 1398 955 ex
1423 931 1503 967 quo
1527 932 1666 968 genere

56 974 298 1012 mineralium
326 970 541 1016 hujusmodi
569 984 686 1020 aquae
720 972 946 1019 inficiantur,
985 973 1101 1009 veluti
1130 984 1177 1009 an
1207 984 1250 1009 ex
1279 973 1466 1024 sulphure,
1495 976 1666 1023 vitriolo,

55 1028 225 1078 chalybe,
253 1038 315 1065 aut
339 1025 466 1075 aliquo
491 1024 624 1063 simili:
653 1028 759 1078 Quae
789 1028 966 1064 naturalis
994 1038 1175 1078 aquarum
1203 1028 1376 1075 timetur-a,
1406 1026 1430 1064 si
1456 1029 1501 1066 ad
1521 1030 1667 1068 artifici-

56 1083 137 1122 osas
154 1081 451 1135 compositiones
479 1080 605 1119 reduci
634 1081 764 1133 posset,
794 1081 909 1119 fuerit
933 1083 974 1119 in
997 1082 1176 1132 potestate
1195 1083 1374 1130 hominis,
1403 1086 1440 1121 ὅ(
1470 1085 1574 1133 plura
1603 1098 1665 1135 ge-

56 1149 147 1177 nera
169 1149 299 1177 earum
333 1136 461 1187 (prout
484 1136 567 1174 usus
589 1136 761 1186 postulat)
788 1133 948 1183 efficere,
978 1140 1016 1174 ὅ(
1043 1147 1386 1189 temperamentum
1404 1137 1565 1188 ipsarum
1593 1153 1666 1192 pro

55 1192 211 1232 arbitrio
231 1205 371 1242 regere.
426 1193 533 1229 Hane
548 1193 663 1241 igitur
684 1202 841 1241 partem,
869 1192 916 1229 de
939 1192 1153 1230 imitatione
1175 1203 1330 1231 naturae
1355 1195 1392 1230 in
1425 1194 1565 1232 balneis
1578 1198 1665 1233 arti-

55 1249 236 1287 ficialibus
253 1248 305 1295 (re
325 1247 580 1299 proculdubio
600 1249 636 1284 &
651 1249 748 1293 utili,
777 1249 813 1285 ἃ
830 1249 869 1284 iu
889 1249 1084 1299 promptu)
1112 1246 1308 1285 desiderari
1324 1248 1531 1287 censemus.

111 1306 151 1342 N
160 1315 183 1341 Ε
206 1315 297 1340 vero
325 1301 464 1352 singula
486 1300 728 1353 scrupulosius
751 1313 990 1351 exequamur,
1019 1314 1133 1351 quam
1157 1304 1216 1341 vel
1245 1302 1414 1341 instituto
1434 1304 1576 1352 nostro,
1605 1307 1664 1344 vel

55 1358 206 1405 hujusce
229 1358 403 1396 trastatus
431 1367 584 1394 naturae
607 1358 799 1403 convenit,
830 1357 1046 1394 claudemus
1078 1357 1174 1395 hanc
1207 1368 1351 1407 partem
1383 1359 1548 1396 defeetus
1577 1361 1666 1398 alte-

56 1415 132 1452 rius
147 1413 339 1458 cujusdam
353 1412 653 1459 enumeratione,
682 1411 745 1463 qui
760 1413 914 1449 maximi
929 1412 1039 1449 nobis
1053 1413 1200 1450 viderur
1221 1415 1431 1451 momenti:
1462 1416 1664 1453 Nimirum

53 1468 160 1518 quod
188 1467 366 1505 medendi
391 1469 499 1513 ratio,
529 1479 623 1515 quae
647 1465 826 1514 obtinuit,
854 1465 896 1504 sit
916 1468 1042 1505 nimio
1067 1468 1149 1519 plus
1171 1468 1453 1516 compendiosa,
1483 1481 1597 1518 quam
1622 1480 1665 1508 ut.

55 1521 199 1573 insigne
213 1522 354 1571 aliquid
374 1532 436 1559 aut
452 1522 607 1559 arduum
629 1520 807 1571 praestare
833 1518 959 1572 possit.
1017 1521 1169 1560 Etenim
1198 1523 1340 1567 judicio
1361 1524 1499 1570 nostro,
1530 1526 1667 1573 opinio

53 1579 169 1618 fuerit
189 1577 305 1627 magis
347 1577 482 1614 blanda
506 1587 619 1625 quam
655 1589 750 1623 vera,
779 1575 804 1613 fi
827 1579 909 1629 quis
935 1576 1127 1618 existimet,
1156 1578 1479 1615 medicamentum
1507 1579 1666 1628 aliquod

54 1644 133 1672 tam
161 1643 296 1685 potens
320 1642 382 1670 aut
402 1631 491 1669 felix
518 1632 597 1668 fieri
616 1631 729 1681 posse,
759 1641 800 1669 ut
826 1631 910 1670 usus
938 1633 1016 1679 ejus
1039 1630 1190 1684 simplex
1210 1635 1397 1670 curationi
1419 1635 1528 1670 alicui
1557 1647 1664 1684 gran-

54 1689 155 1726 diori
175 1684 342 1726 sufficiat.
398 1687 585 1724 Mirabilis
601 1686 773 1739 prescito
793 1687 892 1725 foret
911 1689 1048 1735 oratio,
1078 1700 1172 1737 quae
1187 1690 1446 1737 pronunciata,
1475 1700 1537 1726 aut
1553 1688 1665 1727 etiam

55 1744 197 1793 saepius
228 1744 395 1793 repetita,
425 1741 560 1780 vitium
593 1742 750 1791 aliquod
783 1744 916 1780 animo
945 1744 1096 1793 penitus
1128 1740 1281 1780 insitum
1320 1754 1381 1785 aut
1413 1743 1664 1782 inveteratum

53 1800 246 1848 corrigere
259 1808 323 1835 aut
337 1799 473 1835 tollere
493 1793 620 1849 poffit.
676 1798 810 1847 Longe
830 1808 929 1835 certe
949 1797 1056 1836 abest.
1111 1799 1257 1837 Verum
1276 1811 1369 1850 quae
1390 1801 1430 1836 in
1445 1810 1575 1837 natura
1593 1801 1665 1836 exi-

54 1855 132 1891 mie
148 1853 298 1906 poss'unt
322 1855 359 1891 ὃ(
381 1853 541 1902 pollent,
571 1851 655 1889 suut
678 1852 787 1898 ordo,
817 1853 1042 1904 prosecutio,
1073 1852 1193 1901 series,
1221 1850 1434 1892 viciflitudo
1456 1854 1661 1892 artificiosa.

53 1911 164 1962 Quae
183 1910 271 1945 licet
290 1909 408 1953 majus
429 1906 619 1956 quoddam
639 1909 679 1944 in
695 1909 962 1959 praecipiendo
976 1909 1170 1955 judicium,
1199 1909 1460 1957 majoremque
1476 1909 1513 1945 iu
1535 1921 1668 1958 paren·

52 1965 108 2002 do
125 1963 384 2010 constantiam,
413 1964 627 2011 requirant3
655 1972 784 1999 tamen
800 1961 1003 2001 effeciffium
1018 1964 1280 2013 magnitudine
1300 1965 1447 2001 abunde
1463 1976 1542 2001 rem
1560 1975 1663 2000 eom-

52 2018 220 2071 pensant.
278 2016 352 2055 Etsi
380 2028 506 2055 autem
540 2029 583 2054 ex
611 2029 723 2069 opera
757 2018 996 2056 medicorum
1029 2018 1260 2067 quotidiana,
1295 2031 1420 2067 quam,
1452 2019 1661 2065 invisendo,

53 2071 261 2119 assidendo,
290 2072 585 2122 praescribendo,
614 2074 775 2121 aegrotis
801 2072 994 2124 praestant,
1023 2084 1170 2126 putaret
1190 2073 1386 2123 quispiam,
1416 2074 1513 2110 haud
1545 2073 1661 2122 segni·

54 2140 112 2166 ter
132 2128 230 2179 ipsos
245 2130 481 2165 curationem
502 2128 683 2179 persequi,
714 2138 824 2175 atque
845 2130 884 2165 in
901 2129 1042 2175 eadem,
1073 2139 1172 2166 certa
1188 2130 1349 2177 quadam
1375 2131 1444 2175 via,
1476 2127 1632 2165 insistere
1650 2142 1659 2164 t

55 2186 205 2222 Tamen
237 2182 262 2220 si
290 2185 374 2234 quis
401 2195 455 2229 ea,
484 2195 578 2231 quae
609 2182 855 2231 praescribere
879 2186 915 2221 δ(
941 2183 1148 2221 ministrare
1172 2183 1314 2221 soleant
1341 2183 1489 2230 medici,
1519 2185 1661 2220 acutius

55 2237 298 2288 introspiciat,
327 2239 495 2275 inveniet
519 2239 695 2286 pleraque
715 2236 961 2276 vacillationis
990 2241 1026 2276 ὅ(
1056 2238 1323 2275 inconstantiae
1351 2240 1472 2290 plena,
1503 2240 1540 2274 δε
1567 2249 1662 2285 quac

55 2307 99 2331 ex
120 2304 296 2344 tempore
331 2291 603 2341 excogitentur,
634 2294 669 2329 &
693 2293 732 2329 in
763 2303 934 2330 mentem
960 2295 1035 2329 illis
1060 2295 1227 2339 veniant,
1258 2293 1393 2341 absque
1413 2304 1519 2331 certo
1534 2294 1665 2340 aliquo

55 2359 117 2386 aut
133 2348 300 2399 praeviso
312 2346 514 2385 curationis
529 2348 692 2384 tramite.
749 2348 966 2384 Debuerant
980 2358 1105 2384 autem
1120 2350 1232 2384 etiam
1249 2349 1295 2384 ab
1308 2350 1433 2395 initio,
1463 2346 1543 2398 post
1565 2359 1663 2384 mor-

55 2405 148 2442 bum
167 2404 264 2441 bene
279 2402 509 2452 perspei‘tum
530 2404 567 2439 ὅ(
588 2403 800 2451 cognitum,
830 2401 959 2439 seriem
981 2403 1135 2439 curandi
1153 2403 1366 2440 ordinatam
1383 2404 1572 2448 meditari,
1600 2414 1663 2439 ne-

55 2471 140 2508 qucr
158 2459 203 2496 ab
236 2470 278 2495 ea
301 2457 438 2506 absque
467 2458 568 2506 gravi
597 2457 702 2493 eausa
730 2457 929 2495 discedere.
985 2457 1114 2508 Atque
1142 2457 1254 2494 sciant
1277 2470 1347 2508 pro
1377 2468 1483 2495 certo
1510 2457 1661 2503 medici,

57 2513 158 2564 posse
188 2513 364 2564 (exempli
395 2514 524 2563 gratia)
552 2511 620 2549 tria
652 2510 800 2549 fortasse
826 2522 889 2549 aut
917 2523 1078 2563 quatuor
1105 2514 1380 2549 medicamenta
1406 2513 1452 2550 ad
1481 2512 1663 2549 morbum

55 2567 218 2618 aliquem
246 2580 396 2617 gravem
425 2568 635 2604 curandum
665 2567 763 2604 κᾶε
789 2566 998 2618 praescribi,
1027 2579 1122 2615 quae
1145 2566 1275 2604 debito
1304 2568 1440 2604 ordine
1467 2569 1505 2604 δ(
1529 2567 1664 2604 debito

55 2624 256 2662 intervallo
272 2623 427 2675 sumpta,
457 2624 694 2659 curationem
716 2621 923 2673 praestent:
952 2634 1117 2672 quorum
1144 2621 1294 2671 singula,
1325 2620 1348 2659 si
1369 2634 1434 2674 per
1455 2621 1490 2658 se
1515 2632 1665 2660 tantum

57 2677 305 2724 sumerentur,
334 2688 395 2715 aut
426 2676 451 2714 ii
479 2678 576 2715 ordo
600 2679 859 2724 inverteretur,
890 2687 953 2714 aut
982 2678 1219 2714 intervallum
1246 2689 1326 2714 non
1343 2676 1558 2722 servaretur,
1589 2677 1664 2714 fue-

56 2735 133 2771 rint
158 2733 308 2782 prorsus
338 2731 519 2769 nocitura.
578 2734 715 2780 Neque
741 2742 869 2769 tamen
898 2731 936 2768 id
956 2733 1144 2778 volumus,
1174 2743 1215 2769 ut
1236 2730 1362 2769 omnis
1388 2731 1598 2781 scrupulosa
1627 2734 1663 2769 &

58 2788 301 2838 superstitiosa
327 2788 481 2825 curandi
511 2789 608 2824 ratio
631 2788 670 2823 in
694 2789 817 2837 pretio
832 2785 872 2823 sit
887 2797 1067 2835 tanquam
1088 2788 1245 2838 optima,
1275 2788 1370 2832 (non
1391 2789 1521 2836 magiS,
1551 2798 1663 2835 quam

59 2845 188 2880 omnis
209 2842 265 2880 via
286 2844 392 2888 areta,
422 2844 479 2879 via
501 2840 541 2878 sit
570 2842 613 2878 ad
643 2842 794 2878 coelum
813 2843 833 2889 z)
867 2853 998 2878 verum
1024 2853 1066 2879 ut
1089 2854 1205 2890 acque
1230 2842 1327 2879 recta
1346 2840 1386 2879 sit
1407 2843 1476 2887 via,
1506 2854 1547 2878 ae
1571 2842 1664 2878 aresta

58 2900 96 2936 &
114 2895 290 2935 difficilis.
347 2899 453 2934 Hauc
467 2907 593 2934 autem
618 2906 775 2946 partem,
806 2907 920 2944 quam
943 2896 1050 2933 tilum
1072 2898 1297 2934 medicinale
1318 2897 1548 2942 vocabimus,
1577 2894 1664 2933 desi-

58 2954 180 2990 derari
196 2954 387 3004 ponimus.
446 2952 577 2999 Atque
592 2951 682 2988 haec
695 2950 758 2988 illa
774 2951 870 2997 sunt,
900 2953 1049 2999 quaein
1065 2952 1238 2989 dofi'trina
1262 2952 1472 2988 medicina:
1503 2952 1549 2988 de
1565 2962 1664 2988 eura-

58 3009 167 3045 tione
190 3008 418 3045 morborum
446 3005 718 3043 desideramus:
758 3004 824 3043 uisi
851 3006 956 3054 quod
983 3006 1089 3043 restet
1119 3008 1291 3053 unicum,
1329 3007 1433 3055 quod
1461 3008 1576 3057 pluris
1604 3004 1663 3048 cst,

57 3074 174 3113 quam
195 3061 257 3100 illa
272 3064 414 3100 omnia.
470 3059 708 3101 Desideratur
729 3062 912 3099 nimirum
929 3059 1167 3113 philosophia
1184 3062 1362 3100 naturalis
1382 3073 1466 3100 vcra
1483 3063 1517 3099 ὃς
1540 3060 1667 3098 activa,

1609 3126 1671 3151 cm
